3692 6134
32 5851 118 5896 d

115 321 216 377 275

1220 313 1502 371 CONTRA
1546 312 1973 371 ttAncELLuM
2014 316 2143 371 Lm.
2187 319 2229 373 l.

3250 303 3361 380 ἕψοι

110 458 220 507 νος
267 438 362 493 καὶ
411 436 673 506 σχήματι
717 435 978 503 εὑρεθείς
1025 434 1105 499 ὡς
1149 432 1478 501 ἅνθρωπος.
1527 431 1687 501 Ὁρᾷς
1719 440 1758 489 Α
1793 450 1812 482 ι
1862 431 2104 502 Namque
2169 434 2476 490 nialedicms
2539 436 2689 491 homo
2716 478 2731 502 ,
2772 436 3039 496 ,ieremias
3098 440 3356 512 propheta

111 535 282 595 ὅπως,
307 531 497 602 ὥσπερ
524 527 755 600 προϊδὼν
802 525 880 596 τῷ
923 525 1194 596 πνεύματι
1221 525 1320 593 τὴν
1347 540 1548 577 τουτων
1581 541 1682 576 κα-

110 623 377 696 κουργίαν
418 623 445 675 ό
482 619 623 691 ἱερὸς
663 616 1000 679 ῗΑπόστολος,
1028 613 1202 678 οὕτως
1238 617 1296 667 ὲν
1322 612 1494 685 ἑτέρῳ
1529 614 1684 684 μέρει

108 717 192 781 το,
216 715 297 780 ὡς
320 713 650 780 ἅνθρωπος.
676 707 901 780 ἔγραψε,
922 706 1016 761 καὶ
1036 705 1107 763 ἐν
1129 703 1442 775 ὁμοιώματι
1464 704 1686 771 ἀνθρώ-

109 820 231 859 που
278 804 616 872 γενόμενος,
668 800 754 851 ἶνα
798 796 980 868 παύσῃ
1030 796 1210 849 αὐτῶν
1263 796 1363 865 τὴν
1415 794 1684 865 τοσαύτην

112 893 480 965 βλασφημίαν.
520 889 628 944 Καὶ
668 889 785 961 μεθ’
815 889 979 959 ’ἑτερα
1009 887 1100 941 τὸν
1148 886 1311 940 αὐτόν
1360 889 1686 956 συκοφαντεῖ

110 980 212 1039 ὧδέ
247 1000 362 1047 πως
383 1000 397 1013 ·
438 1002 457 1034 ι
491 981 614 1044 Πῶς
639 976 732 1033 οὖν
762 979 974 1042 τούτοις
1009 979 1083 1049 μὴ
1120 976 1370 1049 προσχὼν
1404 976 1681 1042 Εύσέδιος,

119 1096 138 1128 ι
181 1076 341 1148 μόνον
366 1073 648 1144 ἄνθρωπον
675 1071 765 1124 τὸν
804 1071 1028 1141 Σωτῆρα
1052 1064 1192 1122 εἶναι
1221 1067 1500 1138 βούλεται;
1536 1087 1556 1121 s
1607 1070 1683 1122 Οὐ

112 1166 361 1239 φανερῶς
401 1164 498 1236 μὲν
528 1162 687 1216 τοῦτο
712 1162 892 1230 λέγειν
916 1159 1151 1231 τολμῶν,
1198 1158 1356 1213 τοῦτο
1398 1161 1456 1213 δὲ
1502 1159 1685 1230 βουλό-

116 1274 274 1329 μενος
303 1254 407 1310 ὑπὸ
432 1252 538 1307 τῶν
573 1252 717 1306 ἰδίων
742 1252 1020 1321 ἐλέγχεται
1051 1249 1279 1320 ῥήσεων.
1316 1248 1428 1302 Καὶ
1454 1249 1481 1301 ό
1515 1247 1685 1302 ταῦτα

113 1346 281 1402 εἰπὼν
305 1347 393 1399 τὸν
421 1343 581 1398 αὐτὸν
603 1342 1003 1412 κατεμέμφετο,
1034 1341 1109 1403 ὡς
1133 1340 1265 1394 Θεὸν
1283 1338 1684 1411 ἀναγορεύοντα

113 1443 207 1496 τὸν
233 1440 377 1505 Υίὸν,
414 1439 638 1509 γράφων
690 1434 831 1489 οὕτω
849 1450 862 1463 ·
906 1433 1108 1487 Διελεῖν
1137 1432 1244 1504 γὰρ
1274 1433 1366 1487 τὸν
1390 1432 1560 1499 Λόγον
1587 1430 1683 1485 τοῦ

113 1532 250 1587 Θεοῦ
275 1531 571 1602 τολμήσας,
612 1527 704 1581 καὶ
742 1526 926 1597 ἕτερον
953 1524 1085 1577 Θεὸν
1120 1524 1214 1578 τὸν
1259 1523 1432 1592 Λόγον
1480 1521 1681 1591 ὀνομά-

117 1646 239 1693 σας,
276 1625 432 1696 οὺσίᾳ
462 1640 520 1676 τε
554 1623 646 1675 καὶ
677 1618 903 1689 δυνάμει
929 1616 1190 1670 διεστῶτα
1221 1615 1314 1670 τοῦ
1344 1614 1575 1686 Πατρὸς,
1602 1614 1683 1677 είς

1794 544 1811 574 ι
1861 526 1938 579 ait
1960 526 2028 589 ⁸⁰,
2076 529 2166 597 qui
2213 530 2268 582 in
2320 528 2529 585 homine
2575 531 2909 586 collocaverit
2944 549 3087 602 spent
3118 551 3289 591 suem.
3332 555 3354 590 s

1795 614 1956 672 Vides
1982 626 2040 671 nt
2061 619 2303 674 obcaecat
2326 621 2570 676 homines
2591 622 2819 680 malitia.
2842 622 2976 679 Nam
2998 626 3088 695 qui
3117 628 3360 682 testiino-

1791 710 1940 760 nium
1973 707 2079 763 tale
2111 708 2459 777 perhibuerat
2485 710 2653 766 Deum
2689 711 2888 768 Filium
2915 716 3232 773 confitenti:
3266 720 3357 785 qni

1790 797 2220 866 reprehenderat
2252 814 2375 853 eum
2422 816 2452 853 a
2500 816 2608 869 quo
2656 804 2749 858 Dei
2800 804 3032 860 Verbum
3070 808 3211 862 Deus
3240 820 3361 865 esse

1793 888 2077 945 dicebatur
2094 892 2401 945 substantio
2429 894 2731 949 subsistens
2758 905 2812 949 et
2830 897 3104 966 potentia;
3132 899 3197 960 is.
3217 898 3358 954 idem

1791 993 1962 1044 nunc,
1984 979 2237 1034 eumdem
2274 981 2397 1038 ideo
2425 993 2669 1053 accusat,
2696 985 2852 1054 quasi
2893 986 2983 1056 qui
3012 992 3209 1043 «nudum
3237 1005 3361 1046 esse

1790 1068 2069 1126 hominem
2115 1070 2393 1127 Christum
2424 1074 2639 1130 dixerat
2666 1091 2682 1131 ι
2710 1076 3054 1147 apertissime
3077 1082 3357 1145 mentitus,

1791 1168 1905 1213 tum
1938 1160 1992 1215 io
2023 1160 2144 1217 istis
2180 1162 2251 1218 ita
2283 1163 2499 1233 positis,
2531 1177 2646 1221 tum
2685 1167 2740 1221 in
2782 1166 2890 1224 illis
2936 1182 3056 1237 quae
3106 1171 3362 1242 deinceps

1790 1250 2034 1306 annectit
2063 1251 2359 1325 dicenssst.
2384 1253 2541 1328 Χίης
2573 1254 2806 1311 «Verum
2836 1271 2999 1329 supra
3031 1259 3361 1325 nominatus,

1794 1356 1814 1391 ι
1835 1355 1959 1396 cum
1979 1356 2086 1397 non
2101 1345 2282 1415 magni
2303 1344 2508 1402 iaceret
2523 1349 2895 1405 sanctissimos
2909 1350 3226 1420 propbetas,
3247 1360 3366 1408 tan-

1795 1450 1815 1484 «
1843 1448 2003 1503 quam
2021 1434 2112 1505 qui
2137 1435 2507 1493 absconditam
2538 1438 2685 1494 illam
2702 1448 2757 1496 et
2777 1429 3103 1498 ineffabilem
3119 1441 3364 1512 Apostoli

1795 1542 1815 1576 ι
1851 1524 2173 1593 theologiam
2201 1526 2675 1597 interpretaretur,
2694 1529 2865 1598 Unus,
2886 1533 3082 1603 inquit,
3103 1534 3248 1592 Dens
3261 1546 3362 1602 est,

1795 1631 1815 1666 ι
1848 1631 1986 1669 unus
2015 1615 2276 1688 Deiatque
2292 1618 2560 1676 leontinum
2587 1624 2848 1677 mediator
2871 1626 3026 1680 homo
3042 1624 3203 1683 Iesus
3218 1625 3366 1684 chri·-

115 1721 248 1791 ὅσην
277 1714 621 1789 βλασφημίαν
652 1711 1044 1775 mmmm
1713 1700 1758 1756 Β
1788 1722 1808 1757 ⁸
1843 1706 2039 1762 ΜΝ·
2063 1726 2083 1760 »
2107 1708 2407 1781 aeflaecqu'·
2427 1713 2741 1784 mursiam
2761 1715 3228 1775 vehementersim
3254 1718 3364 1790 lost

117 1810 336 1881 placuit,
354 1808 505 1878 quasi
524 1805 838 1875 Scripturas
857 1814 1047 1855 omnes
1063 1799 1320 1854 memoria
1343 1806 1556 1865 tenens,
1582 1811 1923 1888 nequaquam
1956 1808 2134 1855 tamen
2156 1802 2437 1872 cogitavit,
2456 1806 2704 1861 eumdem
2726 1806 2819 1875 qui
2850 1807 2954 1864 hoc
2979 1808 3198 1879 scripsit
3221 1809 3364 1866 divt-

119 1920 245 1957 num
275 1900 612 1972 Apostolum,
641 1907 697 1952 et
729 1894 860 1949 illud
891 1894 944 1948 in
969 1891 1175 1960 scripta
1206 1891 1454 1946 retulisse
1483 1908 1499 1945 z
1528 1890 1633 1956 Qui
1659 1905 1778 1943 ctam
1804 1891 1862 1945 in
1886 1889 2059 1959 [orme
2090 1890 2187 1946 Dei
2214 1894 2508 1962 exsisteret,
2539 1912 2641 1951 non
2666 1896 2957 1952 arbitratus
2994 1910 3069 1953 est
3100 1901 3359 1967 rapinem·

116 2016 225 2053 esse
248 1994 496 2065 oeqttalem
524 1992 653 2054 Deo,
668 1990 755 2044 secl
774 1988 1059 2043 exinaniuit
1084 1984 1413 2052 semetipsum
1433 1993 1702 2052 assumpta
1725 1984 1861 2037 servi
1879 1981 2141 2051 [ormesta
2164 1985 2565 2040 similitudinem
2580 1988 2807 2043 leontinis
2829 1991 3100 2056 exsistens,
3115 2003 3162 2046 et
3182 1993 3363 2064 fiqttu

118 2099 347 2159 repertus
372 2094 621 2154 tanquam
649 2080 801 2134 homo
818 2078 888 2155 ⁸⁸.
916 2075 1081 2132 Vides
1108 2085 1166 2131 ut
1186 2083 1408 2131 sanctus
1428 2074 1517 2130 hic
1543 2074 1853 2144 Apostolus,
1885 2076 2052 2131 veluti
2078 2077 2169 2145 qui
2192 2077 2389 2146 spiritu
2419 2077 2650 2132 istorum
2675 2078 3078 2149 improbitatem
3110 2083 3362 2153 provide.

121 2190 223 2242 ret,
242 2177 389 2241 alibi,
422 2184 584 2244 atque
611 2171 786 2226 aliain
816 2179 969 2240 parte
994 2169 1069 2222 ita
1101 2167 1362 2238 scriptum
1386 2165 1621 2236 reliquit,
1654 2174 1904 2237 tanquam
1925 2167 2103 2235 homo,
2122 2178 2178 2224 et
2198 2169 2253 2223 in
2283 2168 2683 2224 similitudinem
2702 2170 2929 2225 'nominis
2953 2174 3236 2240 exsistens,
3251 2187 3361 2244 quo

121 2283 330 2328 tantam
359 2272 552 2327 horum
598 2266 988 2335 blasphemiam
1027 2276 1378 2334 compescere
1425 2271 1627 2331 posset.
1674 2260 1806 2317 Post
1856 2263 1964 2318 alia
2001 2265 2253 2320 eumdem
2289 2264 2656 2321 calumniatur
2707 2265 2811 2320 isto
2856 2267 3015 2321 modo
3050 2264 3144 2340 [ll.
3172 2263 3360 2340 ml:

124 2389 142 2419 ι
188 2366 469 2435 Quomodo
495 2364 656 2435 igitur
685 2361 912 2424 factum,
943 2367 1002 2413 ut
1029 2359 1294 2415 Eusebius
1327 2373 1448 2415 cum
1481 2358 1548 2412 ad
1577 2359 1677 2412 ista
1709 2373 1815 2414 non
1855 2363 2182 2428 attenderet,
2224 2359 2574 2415 Servatorem
2603 2369 2849 2415 nostrum
2880 2359 3360 2418 solum.bominem
3411 2414 3416 2418 ,

126 2483 144 2515 ‹
192 2471 409 2517 exstare
440 2458 770 2515 contendat?
796 2476 814 2508 ι
848 2455 965 2511 Nou
1000 2455 1104 2510 hoc
1129 2453 1348 2523 quidem
1377 2467 1544 2508 ausus
1586 2462 1671 2507 est
1707 2464 1894 2521 aperte
1955 2453 2204 2524 profari:
2264 2465 2322 2510 at
2367 2454 2471 2510 hoc
2534 2454 2773 2511 voluisse
2815 2457 3100 2514 convictu
3147 2464 3364 2514 ιωοιιιι·

122 2559 235 2612 suis
286 2557 453 2627 ipsius
510 2555 710 2610 verbis.
762 2551 826 2606 Et
872 2549 1247 2613 nihilominus,
1304 2548 1397 2618 qui
1432 2547 1513 2603 sic
1551 2562 1675 2602 eum
1713 2560 1957 2614 accusat,
1988 2549 2335 2619 reprehendit
2388 2548 2539 2607 illum
2564 2562 2802 2619 quoque,
2844 2551 2992 2621 quod
3013 2547 3212 2608 rutum
3237 2565 3363 2610 esse

123 2650 289 2704 Deum
314 2654 624 2701 asseveret:
654 2643 896 2699 dividere
926 2639 1141 2709 quidem
1172 2636 1266 2692 Dei
1297 2635 1537 2693 Verbum
1575 2652 1761 2703 ausus,
1819 2649 1875 2694 et
1914 2639 2151 2695 Verbum
2216 2640 2381 2694 Deum
2447 2640 2677 2697 alterum
2734 2639 3042 2709 nominans,
3105 2640 3362 2700 subsun-

125 2747 194 2799 tia
224 2754 277 2797 et
305 2740 543 2808 potentia
575 2754 605 2792 a
644 2735 805 2790 Patre
843 2731 1206 2798 differentem,
1239 2732 1292 2786 in
1327 2740 1587 2802 quantam
1621 2732 1812 2788 incidit
1836 2733 2277 2804 blasphemiam?

193 2832 442 2887 Τοσαῦτα
483 2830 576 2883 καὶ
617 2826 820 2882 τούτων
850 2825 931 2879 ἐτι
965 2823 1161 2896 μακρῷ
1181 2823 1400 2877 πλείονα
1433 2824 1494 2877 οὐ
1547 2825 1688 2879 κατὰ
1714 2842 1757 2899 C
1860 2827 2031 2882 Totet
2051 2828 2197 2890 talia,
2218 2836 2272 2882 et
2296 2825 2451 2898 longe
2477 2828 2654 2882 adhuc
2677 2826 2830 2897 plum
2861 2842 2969 2885 non
3000 2827 3056 2884 itt
3079 2828 3226 2887 solos
3239 2830 3358 2901 epi·

126 2925 301 2999 μόνων
348 2923 456 2976 τῶν
508 2919 840 2982 ἐπισκόπων,
885 2915 1021 2971 ἀλλά
1053 2915 1323 2970 καὶκατὰ
1365 2916 1462 2987 τῆς
1509 2916 1693 2985 ὑγιοῦς

122 3018 218 3071 καὶ
240 3015 692 3086 ἐκκλησιαστικῆς
721 3012 954 3075 πίστεως
1007 3010 1301 3079 ἐκθέμενος
1352 3009 1690 3081 Μάρκελλος,

121 3109 276 3180 δῆλος
297 3107 364 3161 ἂν
391 3107 478 3178 εἴη
505 3106 694 3168 ὁποίας
718 3104 879 3168 αὐτὸς
905 3103 1114 3175 ὑπῆρχε
1144 3100 1532 3173 προαιρέσεως.
1571 3101 1694 3154 Ὅτι

121 3202 166 3256 δ’
200 3202 350 3256 οὐδὲν
377 3199 477 3269 τῆς
502 3198 759 3269 ἀληθείας
793 3196 952 3267 ἔμελε
974 3195 1051 3265 τῷ
1081 3194 1255 3266 ἀνδρὶ,
1288 3192 1478 3264 μάθοις
1510 3192 1574 3247 ἂν
1601 3195 1693 3247 αὐ·

121 3297 242 3357 ταῖς
271 3289 507 3362 ἐντυχὼν
537 3292 653 3353 ταῖς
686 3288 795 3343 τῶν
824 3287 1137 3341 ἐπισκόπων
1165 3283 1496 3351 ἐπιστολαῖς,
1527 3286 1585 3339 ὲν
1604 3279 1696 3348 αἶς

125 3389 377 3458 εὑρήσεις
404 3384 564 3438 αὐτὸν
588 3383 649 3435 τὸ
689 3383 787 3454 μὲν
826 3380 931 3434 πᾶν
971 3378 1134 3450 σῶμα
1165 3378 1266 3449 τῆς
1305 3376 1544 3441 διανοίας
1587 3376 1697 3432 τῶν

125 3478 322 3543 λέξεων
351 3472 828 3547 ἀκρωτηριάζοντα
848 3486 862 3501 ·
917 3470 1011 3525 καὶ
1038 3469 1131 3524 τὸν
1170 3469 1273 3539 μὲν
1299 3468 1476 3523 πάντα
1507 3468 1697 3540 εἱρμὸν

127 3568 567 3642 ἀποκρύπτοντα,
615 3564 896 3638 ῥηματίων
923 3562 981 3617 δέ
1014 3560 1568 3634 ἀντιλαμόανόμενον,
1599 3559 1698 3614 καὶ

126 3662 330 3717 τούτων
353 3658 673 3730 κακούργως
707 3656 1023 3727 ποιούμενον
1057 3655 1157 3727 τὴν
1175 3651 1450 3723 διαόολήν.
1489 3651 1700 3708 Λύτίκα

128 3754 261 3825 γοῦν
290 3752 613 3820 συκοφαντεῖ
633 3747 725 3802 τὸν
759 3746 1013 3801 Εύσέόιον
1041 3747 1108 3801 ἐκ
1139 3742 1235 3799 τοῦ
1262 3742 1592 3817 προφανοῦς,
1620 3742 1696 3808 ὡς

127 3845 282 3918 ψιλὸν
310 3842 593 3915 ἄνθρωπον
631 3840 724 3893 τὸν
753 3836 986 3911 Χριστὸν
1016 3836 1304 3909 εἰρηκότα·
1357 3832 1546 3905 ἐπειδὴ
1599 3833 1697 3904 τῆς

129 3936 488 4006 ἀποστολικῆς
508 3932 691 4003 φωνῆς
719 3933 777 3985 ἐν
801 3933 868 4002 τῇ
898 3927 1089 3983 ἐαυτοῦ
1115 3926 1371 3997 ἐπιστολῇ
1401 3924 1495 3997 τὴν
1516 3922 1696 3995 παρά-

131 4032 279 4084 θεσιν
311 4027 619 4096 πεποίηται,
672 4025 740 4078 δι’
780 4017 848 4094 ἦς
890 4021 1053 4086 αὐτὸς
1101 4017 1252 4074 εἷπεν
1293 4021 1322 4073 ό
1346 4015 1692 4080 ’Δπόστολος·

132 4118 239 4187 Εἷς
264 4119 370 4191 γὰρ
393 4123 426 4175 ὀ
462 4119 626 4183 Θεός·
659 4111 746 4182 εἷς
781 4113 849 4168 δὲ
884 4111 983 4168 nal
1012 4111 1265 4182 μεσίτης
1291 4108 1438 4165 Θεοῦ
1469 4107 1569 4163 καὶ
1593 4107 1698 4162 άν-

1794 2936 1989 2991 scopos
2024 2935 2148 2976 cum
2187 2920 2420 2975 etlutivit
2460 2921 2770 2986 Marcellus,
2800 2923 2899 2979 sed
2932 2920 2987 2978 in
3023 2922 3198 2994 ipsam
3217 2937 3357 2996 quoy

1793 3028 1898 3081 que
1914 3026 2099 3069 sanam
2125 3021 2180 3067 et
2206 3011 2632 3068 ecclesiasticam
2657 3009 2840 3078 fldem,
2861 3011 3155 3071 manifeste
3175 3013 3356 3072 decla·

1793 3114 1882 3161 rat
1907 3119 2016 3175 quo
2040 3103 2227 3158 animo
2257 3102 2513 3173 praeditus
2536 3111 2594 3158 et
2619 3101 2900 3159 voluntate
2919 3102 3118 3161 fuerat.
3142 3103 3357 3163 Nullam

1795 3212 1926 3252 vero
1956 3199 2143 3251 curam
2182 3196 2258 3251 illi
2300 3194 2548 3252 veritatis
2584 3194 2754 3251 tuisse
2794 3196 3006 3252 discere
3049 3198 3278 3269 poteris,
3307 3200 3356 3257 si

1796 3290 1849 3343 in
1875 3290 2023 3360 ipsas
2052 3288 2341 3359 aliquando
2368 3287 2749 3358 episcoporum
2771 3286 3028 3356 epistolas
3053 3287 3351 3348 incideris:

1795 3380 2043 3437 invenies
2069 3379 2272 3436 etenim
2314 3378 2490 3444 illum,
2531 3392 2732 3448 corpus
2783 3378 3118 3449 universum,
3162 3397 3358 3441 sensu

1794 3483 1852 3528 et
1877 3472 2162 3529 sententiae
2197 3484 2388 3526 earum
2432 3469 2775 3526 delumbasse
2823 3470 3044 3537 seriem,
3083 3472 3357 3532 dictorum

1795 3565 1904 3618 vim
1933 3561 2465 3622 occultassetverba
2498 3562 2820 3632 arripuisse,
2859 3573 2915 3619 et
2956 3574 3175 3635 arrepta
3219 3566 3357 3626 satis

1796 3653 2043 3724 improbe
2079 3653 2465 3710 calumniasse.
2506 3652 2800 3709 Eusebium
2837 3667 3023 3726 aperte
3068 3658 3358 3718 calumniis

1795 3742 2030 3812 impetit,
2056 3742 2210 3812 quasi
2235 3742 2439 3798 diceret
2469 3741 2743 3797 Christum
2789 3758 2909 3801 esse
2939 3747 3142 3804 nudum
3173 3749 3355 3806 bomi-

1795 3849 1944 3899 nem,
1975 3834 2097 3889 ideo
2128 3834 2358 3903 qnod·in
2393 3834 2623 3905 epistola
2654 3850 2751 3891 sua
2781 3838 3105 3893 senteutiam
3135 3850 3357 3910 aposto-

1795 3926 1956 3982 licam
1984 3937 2293 3995 usurparat,
2331 3940 2491 3997 quam
2540 3927 2621 3983 sic
2650 3928 2825 3997 posuit
2852 3928 3143 3998 Apostolus
3164 3948 3182 3987 ι
3202 3929 3354 3988 Unus

1795 4018 1981 4076 etenim
2006 4016 2148 4073 Deus
2168 4027 2244 4073 est
2264 4030 2285 4070 .·
2313 4034 2448 4073 nnus
2474 4018 2734 4074 mediator
2755 4018 2855 4075 Dei
2883 4030 3040 4092 atque
3059 4021 3353 4094 hominnm,

1796 4109 1949 4164 Ιιοιιιο
1970 4109 2126 4165 Iesus
2148 4108 2389 4165 Christus
2415 4108 2482 4165 ¹⁸.
2507 4108 2623 4167 Hoc
2652 4109 2873 4168 enatum
2905 4112 3108 4172 idcireo
3139 4126 3354 4187 aposto·

131 4209 709 4281 θρώπων,ᾶνορωπος
730 4204 970 4276 Ἰησοῦς
983 4198 1472 4272 Χριστός.Ταύτην
1494 4200 1592 4270 μὲν
1605 4192 1697 4252 οὗν
1724 4218 1774 4279 D
1799 4201 1984 4267 licum,
2019 4210 2271 4271 tanquam
2303 4201 2666 4259 Eusebi-‘tuum
2694 4214 2956 4261 accusat:
2993 4221 3094 4263 nec
3121 4209 3356 4264 advertit

129 4305 233 4374 τὴν
270 4301 628 4372 ἀποστολικὴν
657 4295 822 4363 λέξιν,
855 4294 1057 4349 ὡσανεὶ
1074 4291 1336 4347 Εὐσεὸίου
1363 4286 1547 4357 οὖσαν,
1582 4290 1695 4345 δια-

133 4396 386 4467 6ἑ6ληκε·
425 4394 498 4465 μὴ
528 4392 725 4455 συνιεὶς
753 4394 782 4446 ὀ
807 4386 1134 4460 σοφώτατος,
1162 4387 1244 4441 ὅτι
1273 4384 1365 4439 τὸν
1380 4384 1695 4439 ’Δπόστολον

134 4486 404 4550 διέὸαλλε,
428 4484 524 4549 τὰς
545 4484 602 4537 δὲ
633 4481 795 4538 αὐτοῦ
826 4480 1029 4551 φωνὰς,
1059 4479 1158 4543 τὰς
1177 4481 1235 4533 ἐν
1267 4479 1335 4548 τῇ
1362 4475 1499 4547 αὐτῇ
1533 4490 1696 4545 φερο-

139 4578 308 4651 μένας
355 4574 629 4648 ἐπιστολῇ,
656 4574 755 4639 τὰς
784 4589 843 4627 τε
880 4574 938 4626 ὲν
980 4573 1094 4634 τοῖς
1123 4570 1329 4635 λοιποῖς
1366 4565 1529 4622 αὑτοῦ
1572 4583 1699 4636 συγ-

135 4672 444 4743 γράμμασι,
469 4672 580 4734 τοῖς
600 4671 678 4732 εἰς
697 4667 795 4732 τὰς
822 4666 972 4731 θείας
994 4664 1216 4738 Γραφάς
1246 4659 1641 4732 πεπονημένοις
1661 4657 1698 4713 ἃ

131 4760 203 4831 δὴ
224 4757 362 4813 κατὰ
387 4759 561 4813 πάντα
590 4758 752 4812 τόπον
767 4756 1083 4820 διαδέδοται,
1107 4754 1283 4824 σιωπῇ
1320 4748 1664 4823 παραδέδωκε
1680 4766 1694 4780 ·

133 4852 350 4924 κρύψας
376 4854 442 4924 τῇ
468 4853 643 4923 σιωπῇ
671 4849 707 4904 ἃ
732 4850 808 4922 μὴ
844 4848 956 4920 (29)
1003 4845 1377 4916 συκοφαντεῖν.
1409 4841 1495 4928 Tb·
1511 4841 1693 4913 ὅμοιον

130 4944 185 5001 δ’
223 4944 289 4999 ἂν
319 4942 465 5016 εὖροι
486 4960 569 5006 τις
593 4942 756 4996 αὐτὸν
802 4938 1137 5010 πεποιηκότα
1169 4937 1264 4991 καὶ
1313 4934 1406 4989 ἐπὶ
1430 4933 1538 4987 τῶν
1583 4932 1694 4985 λοι-

133 5035 279 5103 πιῖιν,
313 5027 386 5090 ὧν
412 5032 728 5103 διαδέδληκε
771 5031 1142 5105 γραμμάτων·
1191 5026 1228 5082 ἃ
1262 5026 1350 5098 δὴ.
1381 5024 1538 5094 λόγου
1561 5041 1696 5095 συμ-

137 5127 336 5201 μετρίᾳ
364 5126 685 5197 φειδόμενοι,
708 5128 820 5188 τοῖς
845 5122 1084 5177 ἐθέλουσι
1128 5118 1224 5190 τὴν
1257 5116 1460 5172 τούτων
1493 5115 1692 5188 ἀκριδῆ

134 5216 409 5273 ποιεῖσθαι
473 5215 763 5284 διάγνωσιν
817 5209 1304 5284 παραχωρήσομεν,
1377 5203 1693 5266 σπεύδοντες

133 5310 292 5367 αὐτοὶ
311 5308 409 5381 τὴν
447 5308 616 5380 αὐτὴν
658 5305 972 5379 Μαρκέλλου
1006 5298 1242 5373 περὶτοῦ
1265 5297 1394 5352 Υἱοῦ
1426 5295 1520 5350 τοῦ
1557 5293 1691 5349 Θεοῦ

136 5401 465 5472 ξινοφωνίαν
487 5401 589 5471 ἥδη
615 5399 798 5453 λοιπὸν
844 5392 1205 5463 ἀποκαλύψαι,
1236 5391 1312 5454 ὡς
1356 5388 1423 5443 ἂν
1467 5386 1695 5457 φανερῖν

1800 4295 1885 4348 vir
1912 4293 2165 4363 prudens,
2200 4294 2518 4364 Apostolum
2555 4295 2625 4352 ab
2656 4308 2724 4353 eo
2756 4306 3089 4362 accusatum,
3133 4308 3355 4369 propter

1800 4383 1902 4439 has
1930 4397 2093 4439 voces
2124 4384 2331 4455 positas
2367 4385 2419 4439 in
2455 4385 2679 4456 epistola
2706 4386 2816 4454 illa,
2846 4395 2901 4441 et
2934 4387 3063 4443 alibi
3095 4392 3151 4444 iu
3181 4388 3357 4459 operi·

1800 4474 1903 4528 bus
1932 4470 2169 4539 eiusdem
2198 4472 2339 4538 aliis,
2369 4487 2491 4542 quae
2513 4474 2567 4529 ln
2602 4489 2787 4531 sacras
2815 4474 3125 4546 Scripturas
3154 4492 3354 4534 esara-

1802 4562 1879 4617 vit
1903 4579 1919 4628 ;
1945 4578 2067 4633 quae
2102 4563 2304 4635 ubique
2354 4579 2410 4621 et
2447 4568 2650 4635 passim
2698 4570 3147 4639 depraedicantur,
3181 4575 3244 4637 Β
3278 4573 3356 4629 si·

1793 4654 1963 4711 lentio
2011 4655 2269 4723 involvit;
2317 4656 2410 4713 illa
2459 4658 2696 4715 reticens
2718 4674 2836 4729 quae
2882 4659 3203 4720 calumniari
3245 4679 3352 4721 non

1793 4755 2026 4817 poterat.
2068 4748 2378 4804 consimilia
2432 4761 2773 4821 perpetrasse
2821 4751 2970 4807 illum
3016 4753 3355 4813 licetobscr-

1793 4855 1926 4895 vare
1957 4840 2011 4896 in
2034 4840 2245 4896 caeteris
2265 4856 2484 4912 quoque
2532 4843 2752 4913 scriptis
2782 4860 2904 4915 quae
2934 4855 3175 4906 accusat.
3196 4846 3350 4915 Qnae,

1797 4947 1867 4988 ne
1889 4931 2065 4987 oratio
2084 4943 2367 4988 excrescat
2388 4934 2442 4988 in
2472 4934 2822 4999 immensum,
2856 4936 2961 4993 illis
2986 4937 3357 5005 permittimus

1795 5024 2193 5091 cognoscenda,
2221 5024 2421 5093 quibus
2460 5027 2670 5080 libitum
2698 5036 2782 5082 est
2812 5028 3060 5085 exactius
3091 5042 3155 5085 ea
3203 5030 3356 5086 inre·

1798 5113 2002 5182 stigare
2029 5127 2136 5168 :eo
2182 5116 2572 5171 contendentes
2613 5117 2750 5187 ipsi,
2783 5128 2843 5172 ut
2880 5117 3118 5174 Marcelli
3147 5119 3357 5174 novita-

1799 5212 1907 5258 tem
1939 5206 2007 5259 de
2051 5205 2145 5261 Dei
2183 5204 2325 5261 Filio
2362 5207 2671 5263 inusitatam
2713 5208 2766 5262 in
2813 5217 3059 5279 apertum
3115 5207 3354 5279 profera-

1801 5312 1940 5361 tuus,
1975 5297 2047 5352 ita
2088 5305 2146 5352 ut
2196 5298 2501 5370 intelligant
2546 5300 2789 5357 universi
2840 5306 3161 5373 perspicue,
3192 5315 3351 5372 quam

1801 5388 2127 5442 sententiam
2158 5387 2369 5446 fovebat
2398 5390 2446 5449 is
2471 5390 2538 5448 de
2563 5390 2699 5447 Filio
2735 5390 2851 5449 net.

135 5496 350 5569 γίνοιτο
370 5499 481 5558 τοῖς
500 5496 684 5557 πᾶσιν,
707 5495 853 5557 ὅπως
876 5489 1036 5552 αὐτὸς
1059 5485 1274 5558 ἐφρόνει
1293 5481 1420 5555 περὶ
1451 5479 1546 5534 τοῦ
1568 5476 1695 5532 riou
1727 5476 1820 5531 τοῦ
1845 5478 2001 5532 Θεοῦ.

217 5593 276 5651 ⁸1⁴
313 5586 411 5643 Ed.
439 5585 641 5650 Paris„
673 5599 794 5655 pag.
832 5581 1018 5637 29-50.

214 5657 260 5689 ⁸⁰
295 5657 407 5712 «ier.
432 5672 567 5725 svn,
594 5657 648 5712 5.
721 5655 763 5687 ⁸¹
793 5654 813 5708 l
846 5653 1055 5714 Titum,
1083 5648 1136 5703 5.
1210 5648 1255 5679 ‘⁸
1292 5641 1522 5713 Philipp.
1553 5655 1613 5708 ιι,
1645 5640 1698 5704 ll,
1726 5639 1781 5694 7.
1858 5638 1904 5670 ⁶⁸
1935 5640 1950 5692 Ι
1981 5636 2122 5692 Tim.
2152 5653 2212 5706 n,
2242 5639 2293 5695 5.

213 5746 328 5820 (29)
363 5748 459 5819 Μὴ
485 5744 584 5824 ἦν,
615 5756 707 5804 aut
736 5744 858 5817 ἐξῆν
892 5740 1257 5811 συκοφαντεῖν.
