3692 6134
1063 299 1152 364 DE
1191 301 1732 364 EchEstAs'rtcA
1770 303 2180 362 'summum
2219 304 2347 363 ΗΒ.
2389 307 2483 364 111.

3273 311 3380 371 981

320 420 504 489 Ιφὴτης
527 416 656 489 ἔφη,
675 419 794 488 11ρύ
828 419 933 474 τοῦ
964 419 1178 487 αἰῶνος
1201 417 1558 491 ὲθεμελίωσέ
1602 435 1699 488 με,
1729 422 1779 479 A
1811 436 1829 469 ι
1865 433 2083 475 carnem
2104 434 2299 491 nempe
2332 421 2702 493 intelligens.»
2734 422 2798 478 Et
2834 423 2994 481 inl'ert
3017 424 3210 482 iterum
3232 446 3245 483 :
3267 448 3288 481 ι
3307 428 3378 487 let

319 510 414 564 οότι
432 511 529 583 τὴν
551 511 911 584 σάρκα.οΚα“ι
924 508 1078 577 αὖθις
1091 512 1288 583 ἐπάγει
1304 512 1496 581 λέγων·
1527 505 1693 567 «Εἶτα
1800 527 1821 561 r
1852 511 2135 582 principio,
2158 510 2356 582 inquit,
2386 514 2696 585 priusquam
2729 523 2925 570 terram
2949 517 3211 573 conderet.
3243 518 3378 573 Ter-

319 600 540 673 ἰάρχῇ,
572 604 727 674 φησὶ,
766 604 882 672 πρὸ
929 604 1037 660 τοῦ
1086 603 1203 673 τὴν
1247 603 1366 676 γῆν
1420 602 1687 673 ποιῆσαι.

319 694 458 748 τοίαν
481 711 497 761 ;
523 693 752 766 ταύτην,
773 695 1036 767 δηλονότι,
1061 697 1160 769 τὴν
1181 697 1458 771 ἡμετέραν
1487 698 1687 771 σάρκα,

319 784 428 837 ιετά
453 785 557 856 τὴν
581 785 865 858 παρακοὴν
888 787 993 858 γῆν
1031 786 1187 852 αὖθις
1224 788 1545 861 γενομένην.
1592 789 1687 860 Γῆ

319 872 378 940 εἴ,
412 876 546 948 φησὶΙ
575 914 590 941 ,
641 876 741 931 καὶ
779 880 867 945 εἰς
919 878 1039 949 γῆν
1081 880 1412 950 ἀπελεύσῃ·
1449 901 1467 933 ’
1523 882 1686 954 Ὁρᾷς
1708 952 1715 958 .

319 970 543 1041 ἦμαρτε,
575 970 674 1041 τῆς
709 970 807 1043 μὲν
836 970 1049 1037 εὐθείας
1080 974 1395 1044 ὲκτραπεὶς,
1426 977 1687 1047 τραχεῖαν

319 1061 700 1125 ῖύσὸατον,κα1.
732 1062 923 1136 ὥσπερ
975 1064 1096 1119 τινά
1151 1066 1467 1139 ἀνεξίτητον
1505 1067 1685 1139 ἑαυτῷ

319 1171 428 1225 ισας
458 1154 595 1209 όδόν.
625 1155 732 1210 Θέα
764 1156 916 1225 γοῦν,
953 1156 1103 1221 ὅπως
1145 1156 1461 1223 ὲξεδιάσατο
1506 1161 1684 1216 πάντα

342 1248 701 1319 ἀναίσχυντον
730 1250 826 1303 καὶ
864 1248 1053 1321 ἀναιδῆ
1085 1250 1241 1320 λόγον
1292 1250 1405 1322 (tt)
1453 1252 1685 1323 φθεγγό-

319 1342 458 1413 ἢτὴν
481 1342 679 1411 Σοφίαν
716 1342 878 1396 αὐτὸν
911 1337 1052 1395 εἶναι
1096 1342 1188 1396 τὸν
1219 1341 1346 1397 Υἰὸν
1391 1342 1487 1396 τοῦ
1546 1344 1682 1400 Θεοῦ

320 1436 395 1487 ἰν.
444 1433 517 1487 Τὸ
559 1433 658 1504 μὲν
688 1429 804 1498 οὗν,
853 1433 1071 1502 Κύριος
1124 1433 1327 1488 ἑκτισέ
1364 1451 1444 1503 με
1485 1436 1683 1506 ἀρχὴν

319 1526 457 1580 ὑτοῦ
493 1529 581 1592 εὶς
612 1528 755 1595 ἔργα
786 1525 974 1581 αὐτοῦ
1001 1524 1080 1597 τῷ
1113 1525 1264 1597 (75),
1304 1526 1396 1580 τοῦ
1431 1528 1683 1601 Σωτῆρος

318 1634 351 1669 ει
365 1616 661 1688 προσώπῳ,
678 1616 954 1688 ὁμολογῶν
983 1619 1145 1673 αὐτὸν
1164 1612 1304 1674 εἶναι
1335 1618 1428 1673 τὸν
1453 1621 1511 1673 ὲν
1528 1620 1680 1690 Παρ-

339 1711 513 1765 ταῡτα
550 1712 844 1781 φάσκοντα.
879 1712 1042 1780 Λέγει
1074 1712 1119 1765 δ’
1149 1707 1242 1767 οὗν
1281 1713 1465 1777 αὐτοῖς
1497 1714 1679 1783 ῥήμα-

1799 616 1819 650 e
1856 614 1971 654 ram
2002 600 2344 670 quamnam?
2374 612 2615 658 nostram
2667 605 2919 660 nimirum
2946 620 3167 662 carnem
3194 646 3211 673 ,
3252 621 3378 677 quae

1799 707 1819 741 ι
1860 699 1982 760 post
2029 692 2529 762 transgressionem
2585 703 2728 750 terra
2776 698 2991 751 demum
3049 696 3193 753 sacta
3249 698 3369 755 fuit.

1798 800 1816 832 ι
1861 779 2009 835 Nam
2036 793 2178 836 terra
2212 799 2284 847 er,
2319 784 2494 853 inquit
2518 824 2533 848 ,
2568 794 2618 839 et
2652 786 2708 841 in
2760 797 2954 841 terrant
2985 788 3309 844 revertere¹⁸.
3344 807 3365 841 r

1795 874 1957 930 Vides
2019 886 2279 944 quantum
2331 875 2422 929 ille
2455 876 2729 933 aberravit
2759 894 2791 935 a
2834 889 2981 933 recta
3021 880 3104 934 via
3157 880 3368 949 deviuS,

1791 967 1930 1020 viam
1991 966 2095 1022 sibi
2141 967 2505 1024 adinveniens
2548 985 2835 1040 asperam,
2879 972 3363 1042 impermeabilem,

1789 1056 2081 1114 difficulter
2103 1062 2515 1116 transeundam.
2551 1059 2685 1118 Vide
2716 1080 2846 1135 ergo
2874 1064 3105 1135 qualiter
3135 1066 3226 1124 ille
3261 1068 3367 1124 im·

1787 1150 2057 1220 pudenter
2100 1152 2279 1207 omnia
2312 1163 2367 1208 et
2415 1153 2699 1226 profligato
2733 1157 2935 1228 pudore
2970 1139 3157 1228 ¹potius
3183 1160 3362 1233 eloqui

1787 1243 2003 1307 maluit,
2039 1260 2202 1311 quam
2239 1246 2328 1315 qui
2360 1246 2453 1302 Dei
2489 1247 2766 1318 Sapientia
2806 1257 2922 1316 cst,
2958 1260 3015 1304 ut
3038 1250 3235 1306 Filium
3268 1267 3362 1307 ve-

1786 1335 1846 1392 lit
1875 1337 2145 1392 confiteri.
2170 1337 2305 1393 lllud
2329 1355 2459 1411 ergo
2478 1379 2495 1405 ,
2524 1340 2776 1396 Dominus
2819 1344 3014 1398 creavit
3040 1360 3121 1400 me
3160 1326 3383 1415 princi--

1781 1433 1927 1501 pium
1948 1434 2150 1487 viarum
2175 1451 2417 1501 suarum,
2445 1439 2514 1489 ad
2541 1453 2697 1505 opera
2722 1455 2843 1505 sua,
2863 1440 2928 1494 ad
2960 1454 3243 1510 personam
3271 1454 3362 1497 re·

1786 1524 1910 1579 tulit
1936 1526 2270 1595 servatoris,
2310 1527 2599 1586 consessus
2648 1530 2797 1587 illum
2826 1534 3075 1589 eumdem
3097 1548 3236 1601 esse,
3263 1536 3358 1606 qui

1784 1617 1838 1671 in
1869 1617 2179 1672 Proverbiis
2208 1619 2324 1675 liaec
2349 1619 2632 1690 prosatum
2660 1622 2733 1677 ait
2757 1623 2919 1693 igitur
2950 1624 3101 1681 bisce
3134 1625 3357 1683 totidem

1784 1708 1965 1763 verbis
2014 1708 2102 1780 [tt.
2152 1708 2290 1783 XtJ:
2346 1730 2366 1764 ι
2416 1712 2681 1779 Quocirca
2738 1729 2861 1769 cnm
2917 1724 3128 1772 vetusta
3175 1718 3357 1774 omnia

319 1801 502 1856 1ὐκοῦν
526 1803 751 1867 εἰκότως
787 1802 895 1858 τῶν
927 1803 1172 1877 ἀρχαίων
1203 1803 1674 1877 παρεληλυθότων,
1706 1794 1751 1849 Β
1785 1817 1803 1850 t
1845 1800 2298 1874 praetetssuxerint
2326 1846 2342 1871 ‚
2381 1805 2559 1862 sutura
2588 1817 2769 1863 autem
2811 1818 2996 1865 essent
3026 1811 3209 1866 omnia
3254 1826 3372 1882 ¹100,

319 1911 355 1946 ιν
382 1894 439 1947 δὲ
467 1893 686 1949 ἔσεσθαι
715 1895 1019 1967 μελλόντων
1047 1896 1303 1951 ἀπάντων
1326 1896 1417 1950 διά
1447 1897 1547 1969 τῆς
1575 1894 1672 1952 τοῦ

319 2002 395 2049 >ος
448 1985 608 2057 ἡμῶν
647 1987 992 2059 καινότητος,
1043 1991 1072 2043 ό
1123 1988 1388 2061 δεσπότης
1437 1989 1597 2061 ἡμῶν
1641 1992 1673 2045 ό

320 2076 378 2141 ὸς
430 2077 518 2131 διὰ
567 2078 661 2132 τοῦ
715 2080 997 2152 προφήτου
1054 2079 1182 2134 ὲόόα
1228 2079 1424 2149 λέγων,
1452 2083 1672 2150 Κύριος

319 2168 346 2222 έ
361 2187 438 2239 με
462 2170 660 2240 ἀρχὴν
689 2171 845 2226 ὁδῶν
873 2170 1082 2226 αὑτοῦ.
1133 2191 1151 2223 ι
1194 2172 1365 2227 Τοῦτο
1405 2172 1450 2227 δ’
1500 2172 1670 2229 εἰπὼν

344 2261 523 2333 σάρκα
546 2261 638 2315 τοῦ
690 2264 941 2336 Σωτῆρος
993 2263 1150 2333 ἡμῶν
1205 2264 1537 2320 καταὸάλλει
1568 2265 1669 2338 τὴν

337 2392 351 2417 ,
391 2353 520 2424 ἑξῆς
549 2353 817 2423 ἐπιλέγων
841 2372 854 2384 ·
897 2375 915 2407 ι
950 2355 1172 2410 Ἔκτισε
1193 2355 1299 2430 γάρ
1335 2356 1573 2428 ἀληθῶς,
1605 2357 1668 2412 τὸ

353 2444 691 2516 πεποιηκὼς,
717 2449 746 2501 ό
773 2447 1054 2520 Δεσπότης
1101 2448 1261 2521 ἡμῶν
1303 2452 1332 2504 ό
1365 2448 1518 2515 Θεός.
1551 2450 1667 2505 Οὐκ

330 2534 438 2607 γάρ
460 2536 559 2607 τὴν
588 2538 765 2609 σάρκα
784 2580 798 2604 ,
835 2540 904 2611 ἢν
933 2540 1224 2613 ἀνείληφεν
1251 2543 1280 2595 ό
1299 2542 1491 2611 Λόγος,
1527 2540 1666 2597 ἀλλά

322 2645 420 2683 σαν
447 2629 659 2685 ἔκτισεν
684 2634 858 2706 ἀρχὴν
892 2632 1046 2707 [τῶν]
1076 2634 1213 2689 ὁδῶν
1253 2635 1438 2690 αὑτοῦ.
1482 2655 1503 2689 2
1551 2637 1662 2691 Καὶ

326 2741 409 2778 σιν
440 2728 469 2779 ό
508 2731 773 2796 γενναῖος,
799 2728 875 2793 ὡς
905 2728 1003 2800 μία
1041 2746 1127 2794 τις
1158 2729 1427 2803 ἔκφρασις
1457 2733 1554 2787 καὶ
1603 2732 1664 2786 ἓν

319 2835 366 2871 ιν
405 2820 663 2892 τυγχάνει
687 2821 749 2875 τὸ
783 2822 984 2893 φῆσαν,
1019 2823 1167 2891 Ἐγὼ
1192 2826 1231 2893 ἠ
1256 2826 1466 2895 Σοφία,
1523 2843 1663 2880 κατ-

319 2927 396 2965 σα
444 2913 690 2983 βουλὴν
721 2956 737 2980 ,
786 2917 879 2968 καὶ
923 2917 1015 2981 τὸ,
1069 2917 1285 2983 Κύριος
1329 2919 1533 2971 ἔκτισέ
1559 2936 1656 2988 με.

320 3000 374 3073 ὗ)
404 3006 497 3059 ἐπὶ
529 3006 627 3078 τὴν
660 3008 838 3078 σάρκα
856 3008 1109 3077 ἁνάγοιτο
1142 3008 1369 3080 θάτερον
1393 3051 1407 3075 ,
1444 3011 1656 3082 ἀνάγκη

319 3114 518 3168 τερον·
565 3100 658 3152 καὶ
709 3101 742 3170 ἡ
788 3100 955 3169 Σοφία
993 3099 1144 3154 ἔσται
1191 3102 1225 3170 ἡ
1257 3101 1324 3154 τά
1373 3104 1659 3175 ἀμφότερα

320 3230 322 3237 ,
357 3188 422 3242 Et
449 3188 506 3242 δὲ
549 3193 584 3261 ἡ
624 3189 763 3261 σὰρξ
803 3191 954 3261 λέγει
1009 3191 1152 3245 κατά
1204 3192 1523 3265 Μάρκελλον
1572 3194 1654 3260 τὸ,

319 3276 511 3332 §tettae
535 3295 614 3348 με
643 3278 843 3348 ἀρχὴν
871 3279 1038 3353 [τῶν]
1063 3279 1219 3337 ὁδῶν
1258 3282 1476 3349 αὐτοῦ,
1515 3284 1654 3355 αὕτη

371 3370 568 3441 Σοφία·
603 3374 698 3427 καὶ
745 3372 901 3429 ἔσται
931 3377 966 3447 ὴ
999 3374 1136 3449 σάρξ
1173 3378 1207 3449 ἠ
1236 3378 1538 3447 φάσκουσα,
1573 3380 1653 3432 Δι’

320 3462 511 3530 σιλεῖς
554 3464 982 3535 βασιλεύουσι,
1038 3469 1139 3524 καὶ
1176 3467 1251 3523 δι’
1305 3468 1453 3541 ἐμοῦ
1491 3487 1654 3542 μεγι-

319 3553 765 3623 μεγαλύνονται.
799 3556 926 3622 Πῶς
964 3557 1010 3613 δ’
1037 3558 1108 3615 ἂν
1148 3558 1294 3615 εἴποι
1324 3561 1359 3633 ἦ
1408 3560 1545 3634 σὰρξ
1565 3561 1648 3630 τδ,

319 3647 475 3700 εύσω
508 3646 582 3701 τὰ
606 3646 677 3713 ἐξ
703 3647 918 3717 αἰῶνος
944 3650 1308 3722 ἀριθμῆσαι,·
1345 3648 1427 3719 οἷς
1453 3656 1651 3726 ἐπάγει

320 3754 396 3804 ’,ος
435 3739 638 3795 ἕκτισέ
683 3758 764 3811 με
821 3743 1022 3814 ἀρχῆν
1050 3744 1216 3820 [τῶν]
1248 3747 1406 3804 ὁδῶν
1436 3753 1644 3811 αὑτοῦ.

348 3832 491 3897 τίνες
515 3834 569 3888 αἱ
592 3834 703 3888 ὁδοὶ
735 3837 1032 3909 παρίστησι
1080 3838 1256 3909 λέγων
1288 3840 1444 3914 ἑξῆς·
1481 3864 1502 3898 r
1540 3842 1645 3902 ob·

319 3942 341 3977 ο
361 3928 495 3997 ημῖν
519 3931 629 3994 τοῖς
657 3930 885 3997 δικαίως
946 3930 1328 3989 πολιτεύεσθαι
1366 3936 1642 4008 μέλλουσι,

319 4019 421 4083 είας
466 4020 583 4086 ὁδὸς
632 4023 886 4092 γέγονεν·
919 4025 1063 4099 ἀρχὴ
1119 4027 1308 4082 πασῶν
1340 4030 1449 4084 τῶν
1507 4033 1646 4104 μετὰ

319 4112 454 4166 ὀδῶν.
479 4133 497 4165 ι
522 4116 631 4170 Καὶ
648 4116 1024 4190 προστίθησιν,
1053 4140 1073 4174 a
1090 4120 1290 4191 ἀρχὴν
1305 4122 1363 4176 δὲ
1387 4122 1542 4179 ὁδῶν
1554 4125 1644 4179 διὰ

319 4202 529 4267 εἰκότως
559 4207 746 4279 εἴρηκε
785 4208 878 4261 τὸν
911 4208 1179 4281 δεσπότην
1210 4213 1369 4284 ἡμῶν
1399 4214 1491 4269 τὸν
1527 4217 1640 4270 Σω·

319 4294 444 4349 διότι
485 4302 579 4351 καὶ
609 4299 716 4352 τῶν
747 4300 970 4373 ἐτέρων,
1009 4295 1086 4357 ὧν
1119 4306 1453 4378 ἐσχήκαμεν,
1504 4308 1640 4365 ὁδῶν

319 4388 374 4460 ὴν
405 4389 628 4462 πρώτην
686 4392 804 4446 ὁδὸν
848 4394 990 4466 ἀρχὴ
1019 4396 1206 4465 γέγονε
1227 4414 1240 4428 ·
1274 4399 1373 4463 τὰς
1397 4399 1483 4454 διά
1531 4400 1638 4455 τῶν

340 4481 653 4537 ἀποστόλων
705 4484 880 4556 δηλῶν
930 4488 1276 4559 παραδόσεις,
1318 4491 1426 4546 τῶν
1497 4492 1633 4564 μετὰ

337 4610 352 4634 ,
393 4572 535 4626 κατὰ
558 4575 656 4646 τὴν
696 4579 1054 4650 προφητείαν,
1082 4583 1435 4653 κηρύγματος
1463 4602 1635 4657 κηρυ-

364 4666 495 4737 ἠμῖν
521 4667 583 4722 τὸ
616 4670 804 4725 καινὸν
844 4670 1003 4726 τοῦτο
1032 4675 1348 4746 μυστήριον.
1387 4696 1405 4728 ι
1446 4678 1632 4733 Ταῦτα

319 4772 390 4820 ος.

712 4834 871 4887 xm.
912 4834 986 4889 Ρ.

1786 1911 1804 1944 ι
1843 1908 1932 1959 va,
1964 1909 2060 1963 per
2086 1905 2141 1950 et
2174 1908 2395 1967 propter
2438 1899 2776 1955 nobilitatem
2808 1898 3116 1957 Servatoris
3160 1902 3356 1970 nostri,

1781 2003 1799 2036 ι
1843 1984 2106 2041 Dominus
2138 1999 2324 2042 noster
2371 1988 2624 2048 Christus
2651 2007 2749 2061 per
2781 1994 3098 2063 prophetam
3148 1996 3358 2072 procla·

1779 2093 1799 2127 ι
1837 2084 1975 2141 mat,
2021 2076 2295 2147 inquiens,
2332 2079 2592 2137 Dominus
2639 2085 2876 2139 condidit
2904 2102 2985 2142 me
3030 2089 3356 2159 principium

1779 2185 1799 2219 ι
1840 2170 2043 2223 viarum
2068 2185 2308 2226 suarum.
2340 2190 2359 2223 ι
2395 2172 2519 2228 llaec
2544 2174 2861 2246 prolocutus
2888 2176 2956 2233 ad
2986 2193 3205 2236 carnem
3225 2180 3358 2237 Ser·

1772 2262 2001 2323 vatoris.
2037 2264 2426 2334 cogitationem
2459 2282 2615 2323 suam
2645 2269 2872 2336 dejicit,
2913 2271 2966 2325 in
2999 2272 3356 2342 sequentihus

1771 2350 2059 2422 inquiens:
2092 2371 2112 2405 ι
2151 2350 2288 2408 Vere
2341 2355 2482 2409 enim
2510 2356 2751 2411 condidit
2776 2358 2867 2427 qni
2896 2374 3002 2414 nun
3027 2371 3127 2414 ens
3144 2361 3352 2417 crearit

1775 2460 1793 2493 ι
1821 2442 2081 2499 Dominus
2110 2456 2295 2500 noster
2314 2444 2622 2502 neaeman·
2639 2464 2860 2504 carnem
2878 2465 2982 2506 non
2996 2450 3347 2508 exsistentem

1773 2551 1791 2584 ι
1816 2535 2058 2604 suscepit
2099 2545 2339 2591 nostram
2365 2538 2622 2605 Verbum,
2640 2548 2832 2595 etcum
2851 2542 3169 2610 susciperet,
3193 2544 3346 2613 prin-

1773 2648 1793 2682 «
1817 2630 2013 2697 cipiunt
2064 2630 2268 2685 viarum
2307 2648 2525 2686 suarum
2558 2631 2709 2687 fecit.
2749 2652 2769 2685 ι
2803 2632 2917 2690 Nec
2966 2635 3220 2708 intelligit
3260 2638 3348 2692 vir

1763 2721 2034 2791 optimus,
2064 2723 2208 2791 quod
2252 2733 2307 2778 et
2361 2723 2520 2779 unica
2552 2724 2720 2780 dictio
2763 2734 2821 2782 et.
2867 2740 3098 2797 persona
3126 2742 3345 2801 quoqne

1763 2815 1922 2870 unii-a
1958 2815 2049 2878 sit,
2080 2817 2170 2885 qui
2197 2817 2353 2881 dixit,
2387 2815 2501 2886 qu
2539 2816 2812 2887 Sapientia
2838 2819 3120 2874 consilium
3143 2822 3345 2877 conati·

1763 2909 1839 2961 tui
1878 2908 1942 2972 ¹³,
1983 2918 2056 2972 et,
2091 2906 2345 2964 Dominus
2399 2910 2633 2964 sondidit
2663 2924 2745 2964 nu
2769 2908 2834 2967 ¹⁸.
2860 2908 3099 2976 Quorum
3132 2920 3343 2967 utrum·

1760 3016 1865 3069 que
1899 3000 1983 3055 vel
2027 3002 2347 3056 utrumlibet
2388 3003 2642 3057 decarne
2674 3001 3044 3073 praedicatur:
3084 3003 3227 3075 quod
3258 3004 3342 3063 sie

1760 3092 1919 3162 plane
1969 3103 2258 3163 utrumque
2286 3102 2343 3147 et
2391 3094 2667 3165 Sapientia
2701 3094 2826 3158 erit,
2867 3110 2992 3165 quae
3024 3104 3079 3152 et
3112 3098 3221 3155 hoc
3246 3098 3335 3155 di-

1759 3186 1875 3251 xit,
1900 3195 2062 3255 atque
2088 3186 2239 3240 illud.
2276 3184 2503 3254 Quodsi
2538 3202 2606 3243 ex
2643 3187 2914 3244 sententia
2940 3186 3179 3246 Marcelli
3205 3205 3335 3248 caro

1758 3277 1933 3345 dicat,
1963 3278 2224 3335 Dominus
2252 3282 2443 3335 creauit
2480 3296 2562 3335 ute
2593 3279 2920 3351 principium
2954 3282 3163 3338 viarum
3203 3301 3334 3340 suca-

1756 3386 1899 3437 rum,
1940 3368 2031 3426 ilia
2062 3372 2169 3426 erit
2202 3370 2503 3443 Sapientia,
2534 3382 2698 3443 atque
2718 3387 2849 3430 caro
2885 3388 3006 3443 (μιν.
3029 3374 3192 3443 dicit,
3230 3374 3334 3431 Fer

1754 3478 1835 3517 me
1858 3477 2002 3531 reyes
2027 3474 2248 3534 regnant
2272 3504 2290 3529 .
2334 3474 2384 3521 et
2414 3480 2510 3534 per
2539 3480 2622 3519 me
2664 3475 2932 3537 magnates
2962 3468 3138 3538 maqni
3167 3466 3329 3536 finnt,

1753 3561 1811 3609 at
1831 3556 2106 3625 quomodo
2134 3557 2316 3613 dicere
2366 3557 2565 3627 poterit
2607 3571 2758 3624 caro,
2802 3556 3107 3616 Memorium
3145 3574 3329 3617 eoram

1750 3665 1870 3720 quoe
1911 3658 2034 3705 runt
2083 3667 2118 3706 α
2161 3650 2400 3709 soeeuloz
2442 3649 2642 3720 quibus
2691 3649 3018 3706 subnectit:
3069 3649 3328 3708 Dominus

1750 3741 1986 3794 condidit
2017 3757 2098 3795 nee
2133 3742 2449 3811 principium
2481 3740 2688 3795 viarum
2729 3740 2866 3811 ejus.
2906 3741 3161 3808 Quaenam
3196 3755 3325 3799 vero

1747 3834 1857 3887 sint
1888 3833 1991 3889 ittae
2032 3834 2129 3887 viae
2176 3835 2333 3889 docet
2366 3834 2418 3888 in
2453 3834 2804 3905 sequentibus
2841 3834 2932 3907 [R.
2972 3832 3085 3907 Xll]
3118 3854 3133 3891 :
3171 3855 3191 3889 ι
3242 3835 3323 3893 lta

1753 3944 1773 3978 ι
1805 3928 1949 3981 enim
1970 3925 2065 3982 ilie
2086 3925 2266 3991 nobis,
2286 3925 2376 3996 qui
2400 3926 2701 3982 secundum
2734 3928 2995 3983 rationem
3015 3928 3219 3998 justam
3240 3929 3324 3984 in-

1752 4035 1770 4069 «
1810 4018 2039 4073 stituere
2083 4018 2247 4072 vitam
2277 4016 2526 4074 volumus
2550 4057 2568 4081 ,
2611 4018 2829 4090 pietatis
2860 4020 2945 4075 via
2980 4020 3158 4079 factus
3184 4030 3269 4079 eat
3301 4041 3317 4079 ι

1751 4129 1771 4161 ι
1809 4111 2134 4181 principium
2171 4112 2389 4165 viarum
2420 4111 2665 4167 omnium
2691 4114 3073 4182 posteriorum.
3108 4133 3128 4167 ι
3156 4116 3322 4173 Addit

1743 4212 1924 4256 autem
1959 4222 1984 4255 r
2011 4202 2329 4271 principium
2359 4202 2562 4258 viarum
2584 4205 2656 4259 ob
2697 4203 2801 4259 boc
2828 4206 2999 4274 ipsum
3034 4206 3319 4263 Dominum

1749 4308 1769 4343 ι
1801 4305 1945 4354 esse,
1967 4301 2021 4346 et
2043 4290 2390 4348 Servatorem
2416 4303 2660 4349 nostrum
2693 4309 2710 4348 ε
2736 4305 3016 4366 propterea
3042 4276 3194 4367 quod⁰
3209 4298 3321 4353 via·

1748 4403 1771 4437 ι
1811 4401 1952 4450 rum,
1994 4400 2130 4456 quas
2187 4385 2415 4457 ingressi
2468 4400 2659 4442 sumus
2694 4397 2816 4457 post
2864 4388 3095 4457 primam
3127 4390 3271 4447 viam
3295 4432 3313 4457 ,

1745 4494 1765 4528 ι
1805 4476 2130 4545 principium
2153 4478 2385 4534 exstitit.
2420 4474 2604 4532 lnnuit
2629 4487 2813 4534 autem
2848 4478 3173 4537 traditiones
3217 4497 3314 4539 ac-

1745 4587 1765 4619 «
1791 4579 1977 4640 ceptas
1991 4584 2022 4623 a
2038 4570 2235 4625 divinis
2248 4572 2530 4639 apostolis,
2543 4571 2658 4639 qui,
2672 4573 2966 4627 secundum
2979 4574 3312 4644 prophetias,

1743 4675 1766 4710 ‹
1802 4672 1907 4714 una
1929 4673 2052 4714 cum
2083 4659 2348 4715 altissimo
2376 4660 2467 4717 illo
2490 4661 2781 4731 praeconio,
2824 4678 3022 4720 novum
3056 4668 3160 4723 boc
3193 4683 3314 4740 my·

1741 4768 1761 4802 ι
1802 4750 2036 4806 sterium
2054 4751 2213 4809 nobis
2233 4755 2641 4810 annuntiarunt.
2665 4774 2687 4811 ο
2713 4753 2983 4815 Hactenus
3004 4756 3307 4819 marcellus.

2334 4846 2566 4905 CAPUT
2608 4847 2692 4905 111.

319 4940 348 4984 ς
371 4920 488 4975 τῶν
516 4925 631 4977 οὐκ
673 4925 859 4994 ὀρθῶς
893 4930 982 4993 εἰς
1016 4929 1159 4995 τοὺς
1202 4932 1428 5000 τόπους
1467 4934 1630 5003 αὐτῷ
1662 4908 1709 4965 D
1740 4943 1802 5002 ›1‹
1859 4936 2127 5006 Restitutio
2177 4955 2357 4993 eorum
2390 4955 2509 5007 quoe
2540 4958 2778 5009 perverse
2822 4955 3200 5003 commentatus
3231 4959 3309 5003 est

319 4989 517 5056 ιένων,
546 4993 788 5050 καὶτῶν
812 4996 1010 5053 αὐτῶν
1045 4998 1219 5068 ὑγιὴς
1255 5000 1554 5072 ἑρμηνεία.

331 5078 424 5136 οὗν
453 5084 528 5157 μὴ
556 5087 653 5141 καὶ
676 5087 776 5159 τὴν
798 5090 1038 5155 Μωσέως
1063 5091 1154 5146 καὶ
1197 5092 1305 5147 τῶν
1334 5094 1461 5165 (76),
1488 5098 1628 5168 μετὰ

1896 5010 1965 5063 ad
1992 5010 2137 5072 loca,
2165 5019 2216 5063 et
2242 5012 2530 5066 orthodoxa
2556 5028 2733 5067 eorum
2761 5014 3148 5081 interpretatio.

1805 5099 1867 5156 Si
1926 5115 2102 5173 neque
2139 5099 2302 5156 Musis
2348 5119 2449 5158 nec
2494 5106 2879 5175 prophetarum
2924 5118 3049 5178 post
3100 5108 3304 5166 Moscm

322 5173 573 5245 ροφητῶν
604 5176 932 5250 παρεδέχετο
959 5178 1179 5251 Γραφὴν
1201 5219 1215 5242 ,
1241 5176 1386 5252 εἶχεν
1410 5183 1475 5237 ἂν
1505 5201 1628 5240 τινα
1735 5191 2053 5262 Scripturas
2066 5194 2378 5249 admitteret
2399 5195 2704 5264 Marcellus,
2739 5198 3073 5268 probabilem
3105 5200 3299 5256 sortas-

319 5265 405 5337 οτῷ
437 5265 595 5335 λόγον
640 5270 673 5340 ἡ
713 5269 965 5334 ἀπόδοσις
984 5288 996 5300 ·
1041 5272 1164 5325 ἐπεὶ
1189 5272 1246 5325 δὲ
1268 5273 1329 5327 οὐ
1350 5273 1459 5329 τῶν
1501 5277 1626 5331 ἀθε-

1734 5282 1812 5339 sis
1838 5284 2105 5340 rationem
2142 5283 2407 5342 baberent
2435 5300 2555 5356 quat.
2580 5288 2650 5343 ab
2681 5303 2749 5345 eo
2778 5291 3017 5361 profecta
3046 5303 3190 5347 sunt.
3234 5296 3299 5348 At

321 5356 439 5411 ἐστὶ
466 5358 564 5429 τὴν
589 5360 833 5419 Παλαιὰν
865 5363 1304 5437 Διαθὴκην,τίδή
1337 5384 1464 5422 ποτε
1494 5369 1622 5438 τοὺς
1729 5390 1851 5429 cum
1885 5389 1989 5430 non
2041 5376 2113 5430 sit
2138 5390 2206 5430 ex
2235 5390 2421 5434 eorum
2447 5393 2674 5437 numero
2714 5379 2806 5452 qui
2848 5376 3010 5440 Vetus
3048 5396 3299 5443 recusant

347 5508 548 5577 Paris„
580 5530 704 5585 pag.
740 5514 862 5571 150.
945 5515 1273 5585 Umenan,
1317 5518 1402 5576 ¹9.
1501 5504 2022 5597 ”Promvmstz
2118 5495 2448 5591 nantes.

319 5694 398 5765 My
411 5696 604 5763 ξασθαι
635 5701 668 5772 ὴ
702 5699 809 5774 Mp.

319 5765 421 5840 tlgo
451 5768 530 5822 τό.

1809 5718 1921 5792 (76)
1948 5716 2114 5791 Vulgo
2146 5718 2303 5775 κατά.
