3692 6134
404 332 511 389 4⁰23

1055 329 1319 389 Eusssmt
1357 327 1826 385 CAEsAmENStS
1861 329 2010 387 OPP.
2052 329 2226 386 PARS
2263 329 2348 388 111.
2383 360 2453 371 -
2489 326 2897 387 ΕΧΕΕΕΤΙῦΑ.

3517 327 3625 383 464

407 455 511 514 est,
540 455 754 503 centum
786 445 1120 516 longitudine
1149 447 1453 502 cubitorum
1487 453 1639 513 erat,
1686 445 1968 501 latitudine
1994 461 2034 509 Α
2063 465 2122 502 τε
2168 449 2261 502 καὶ
2298 448 2517 513 πλάτος.
2563 447 2627 501 'n
2662 446 2761 518 μὲν
2807 445 2914 518 γὰρ
2971 443 3075 498 ὑπὸ
3111 444 3388 509 Μωῦσέως
3446 461 3620 500 κατα-

407 555 540 597 vero
575 540 983 611 quinquaginta.
1026 537 1124 594 llic
1164 552 1290 593 vero
1338 538 1450 604 ait,
1492 535 1569 591 Ne
1596 551 1758 606 parce
1798 552 1962 607 agas,

410 631 583 705 iieqtie
613 642 665 688 te
690 632 741 687 in
766 641 1044 702 angustam
1074 645 1384 686 mensuram
1413 629 1652 699 redigas,
1687 629 1782 684 sed
1808 629 1966 698 louge

409 726 626 796 lateque
665 733 717 778 te
744 724 1002 779 extendas
1052 737 1118 778 ac
1174 733 1480 786 construas,
1510 731 1565 776 et
1585 731 1802 779 caetera.
1830 719 1965 777 Novi

408 833 569 890 porro
599 817 821 888 hujusce
856 814 1223 883 tabernaculi,
1262 814 1405 886 quod
1458 814 1576 868 lixit
1623 813 1883 868 Dominus
1912 823 1966 867 et

410 923 514 964 non
548 908 735 973 bomo,
776 905 1200 977 longitudinem,
1252 904 1588 961 latitudinem
1629 913 1685 960 et
1712 892 1968 978 amplitu-

407 999 587 1054 dinem
641 997 928 1068 intelligas,
973 997 1017 1051 si
1067 997 1394 1068 perpendas,
1433 1006 1695 1066 quantum
1726 997 1966 1054 essetil-

407 1089 497 1146 lud
535 1091 634 1146 sub
662 1088 848 1161 Moyse
879 1100 1248 1146 constructum
1292 1089 1728 1156 tabernaculum3
1761 1098 1964 1158 quanta

407 1190 550 1239 esset
586 1180 884 1238 Jerusalem
933 1180 1188 1252 templum
1214 1181 1436 1237 babens
1474 1180 1812 1253 longitudine
1837 1181 1964 1252 qui-

407 1275 529 1331 dem
549 1274 906 1346 quadraginin
927 1273 1256 1341 cubitorum,
1281 1272 1564 1329 latitudine
1582 1272 1788 1345 viginti.
1811 1270 1966 1341 Quod

406 1367 451 1424 si
481 1364 737 1437 templum
765 1363 893 1420 illud
926 1364 980 1420 in
1001 1380 1107 1420 una
1134 1364 1433 1421 Palaestinae
1458 1364 1590 1421 urbe
1602 1364 1966 1423 admiratione

407 1459 624 1533 dignum
652 1466 809 1525 erat,
840 1466 1042 1529 quanto
1072 1456 1244 1529 magis
1285 1454 1555 1514 mirabilis
1581 1455 1673 1512 illa
1711 1454 1964 1529 inquen-

2065 539 2441 606 σκευασθεῖσα,
2463 539 2677 610 πηχέων
2692 533 2762 611 ἦν
2781 545 2827 610 ρ’
2858 537 3058 609 μῆκος·
3099 535 3298 598 πλάτος
3325 535 3383 588 δὲ
3418 541 3480 588 ν’.
3508 536 3626 589 Ἐν·-

2062 633 2233 687 ταῦθα
2256 633 2313 686 δέ
2337 650 2490 704 φησι,
2515 634 2606 707 Μὴ
2631 633 2792 705 φείσῃ
2815 630 3025 693 τούτου,
3055 627 3191 700 μηδὲ
3215 631 3628 704 στενοχωρήσῃς

2064 724 2292 795 σεαυτὴν
2337 727 2448 787 τοῖς
2490 723 2734 796 μέτροις·
2758 722 2871 776 ἀλλ’
2902 721 3188 775 ὲκτείνασα
3237 720 3478 792 μακρὰν,
3533 723 3628 776 καὶ

2062 813 2312 877 κτίσασα,
2345 810 2538 865 καὶτὰ
2581 811 2725 883 ἑξῆς.
2768 811 2996 883 Νοήσεις
3024 808 3082 862 δὲ
3122 808 3183 862 τὸ
3228 810 3402 881 μῆκος
3443 811 3539 864 καὶ
3567 812 3629 865 τδ

2063 901 2281 965 πλάτος,
2316 902 2411 956 καὶ
2436 899 2500 954 τὸ
2527 900 2754 971 μέγεθος
2782 900 2881 971 τῆς
2916 899 3041 962 νέας
3069 898 3270 970 ταύτης
3301 900 3528 972 σκηνῆς,
3561 901 3628 973 ην

2061 990 2262 1065 ἔπηξεν
2289 992 2322 1046 ό
2345 989 2548 1061 Κύριος
2574 991 2668 1044 καὶ
2689 990 2791 1043 οὐκ
2819 989 3122 1061 ἄνθρωπος,
3152 991 3244 1042 ἐπὶ
3270 989 3394 1044 νοῦν
3420 991 3626 1057 λαθὼν,

2060 1084 2160 1158 δση
2191 1084 2290 1157 μὶν
2322 1084 2533 1156 ὑπῆρχε
2575 1084 2685 1147 τοῖς
2714 1082 2932 1154 μέτροις
2968 1084 3002 1153 ή
3033 1082 3126 1135 ἐπὶ
3155 1084 3433 1148 Μωῦσέως
3461 1102 3630 1139 κατα-

2061 1175 2440 1240 σκευασθεῖσα,
2480 1176 2579 1248 ὅση
2617 1169 2687 1247 ἦν
2735 1173 3079 1247 Ἰερουσαλὴμ
3113 1174 3203 1227 τὸν
3236 1175 3372 1228 νεὼν
3407 1175 3625 1247 ἔχουσα,

2063 1270 2268 1343 μήκους
2282 1264 2349 1341 ἦν
2366 1266 2553 1339 πηχῶν
2568 1265 2685 1339 (sic)
2707 1272 2779 1338 μ’,
2797 1264 3025 1330 πλάτους
3041 1272 3109 1320 κ’.
3137 1266 3225 1331 Ὧς
3241 1267 3397 1338 εἰπερ
3412 1263 3478 1340 ἦν
3495 1267 3628 1322 θαύ-

2063 1377 2233 1434 ματος
2264 1360 2412 1425 ἄξιος
2442 1360 2471 1414 δ
2492 1375 2551 1413 τε
2576 1356 2713 1422 νεὼς
2741 1358 2799 1411 ὲν
2829 1359 2927 1430 μιᾷ
2953 1357 3104 1413 πόλει
3128 1358 3228 1429 τῆς
3259 1358 3627 1432 Παλαιστίνης

2061 1451 2360 1524 ἱδρυμένος,
2413 1451 2564 1522 πόσῳ
2604 1449 2802 1523 μᾶλλον
2830 1448 2891 1503 τὸ
2931 1449 3132 1521 πλῆθος
3162 1450 3356 1505 καὶτὰ
3395 1452 3623 1523 μεγέθη,

403 1553 498 1617 tia,
529 1548 841 1622 magnitudo
885 1559 940 1604 ct
991 1548 1330 1620 pulchritudo
1389 1546 1739 1605 ecclesiarum
1776 1546 1874 1604 Dei
1906 1548 1961 1604 in
2058 1543 2154 1598 καὶ
2177 1543 2247 1598 τὰ
2275 1543 2443 1616 κάλλη
2467 1543 2578 1597 τῶν
2602 1542 2744 1597 κατὰ
2773 1541 2948 1597 πάντα
2973 1541 3134 1597 τόπον
3170 1544 3626 1616 ἀνεγηγερμένων

402 1641 553 1698 omni
606 1640 724 1697 loco
760 1640 1159 1697 excitatamml
1223 1654 1348 1697 nam
1394 1647 1540 1699 totus
1582 1638 1733 1707 orbis
1772 1640 1960 1713 plenus
2057 1635 2359 1709 ἐκκλησιῶν
2392 1636 2487 1691 τοῦ
2531 1634 2700 1690 Θεοῦ·
2752 1634 2921 1708 μεστὴ
2956 1633 3065 1707 γὰρ
3104 1635 3410 1690 ἐκκλησιῶν
3452 1638 3488 1709 ή
3532 1636 3626 1692 ὑπ’

401 1731 645 1791 ecclesiis
671 1740 777 1789 est.
2056 1727 2302 1799 οὐρανόν.

471 1821 635 1879 Vns.
666 1822 723 1879 3.
752 1838 775 1875 ι
804 1822 995 1880 Adhuc
1026 1838 1057 1879 a
1088 1824 1296 1880 dextris
1328 1830 1387 1881 et
1421 1837 1456 1880 a
1494 1822 1733 1881 sinistris
1757 1821 1921 1878 dilata
1940 1862 1957 1890 ,
1989 1789 2035 1846 B
2135 1838 2155 1872 ι
2178 1820 2300 1873 Ἔτι
2339 1820 2419 1884 εἰς
2462 1819 2530 1874 τὰ
2571 1817 2718 1884 δεξιὰ
2747 1819 2843 1872 καὶ
2867 1817 2938 1874 τὰ
2968 1818 3229 1890 ἀριστερά
3261 1835 3352 1873 σου
3381 1820 3622 1875 ἐκπέτα-

402 1919 459 1968 et
482 1926 667 1969 semen
704 1920 854 1968 tuum
882 1910 1180 1985 possidebit
1212 1922 1421 1983 gentes,
1448 1922 1503 1969 et
1528 1913 1691 1968 urbes
1717 1912 1961 1970 desertas
2063 1928 2174 1977 σον,
2209 1911 2303 1964 καὶ
2333 1909 2395 1965 τδ
2427 1910 2645 1982 σπέρμα
2677 1927 2769 1964 σου
2795 1910 2920 1983 ἔθνη
2952 1909 3363 1984 κληρονομήσει,
3396 1911 3489 1965 καὶ
3519 1913 3623 1966 πό-

402 2002 693 2062 habitabis.
722 2020 743 2056 ι
776 2002 974 2059 Semen
998 2013 1177 2059 autem
1214 2002 1469 2059 necte-ia
1498 2002 1594 2059 Dei
1617 2001 1783 2060 fuerit
1802 2020 1962 2060 evan·

400 2095 604 2167 geticus
632 2108 845 2161 sermo,
876 2094 945 2151 de
987 2109 1095 2166 quo
1143 2094 1363 2162 dicitur,
1397 2110 1420 2147 ι
1462 2094 1607 2151 Exiit
1652 2096 1744 2165 qui
1797 2098 1962 2153 semi-

401 2194 493 2242 nat
506 2184 827 2250 seminare‘,
859 2203 880 2239 ι
902 2194 978 2251 et,
1009 2204 1034 2239 ι
1066 2184 1257 2243 Nonne
1280 2186 1485 2245 bonum
1510 2202 1696 2244 semen
1724 2191 1963 2246 semina-

398 2278 469 2334 sti
518 2278 569 2333 in
604 2291 735 2349 agro
756 2276 824 2332 'l
862 2295 883 2331 ι
914 2276 1102 2335 Potest
1142 2277 1273 2335 item
1320 2294 1506 2335 semen
1552 2280 1803 2337 Ecclesiae
1837 2297 1960 2338 esse

399 2370 764 2445 apostolorum
808 2380 865 2427 et
921 2368 1307 2440 discipulorum
1369 2369 1583 2427 Domini
1642 2372 1813 2429 nostri
1861 2374 1959 2429 do-

399 2464 572 2521 ctrina
593 2504 610 2529 ,
652 2477 883 2535 quorum
914 2476 1078 2531 opera
1124 2463 1210 2532 pia
1254 2462 1444 2537 religio
1476 2468 1529 2519 ln
1562 2464 1669 2522 illis
1697 2465 1822 2521 olim
1860 2468 1954 2522 de·

414 2556 625 2612 «astatis
654 2552 870 2623 Dcoque
894 2553 1081 2609 vacuis
1105 2552 1492 2611 solitudinibus
1519 2557 1817 2613 constituta
1846 2567 1953 2614 est.

470 2730 633 2789 Vns.
657 2731 712 2788 4.
750 2749 772 2784 ι
806 2729 924 2787 Noli
968 2730 1181 2795 timere,
1210 2730 1337 2802 qula
1380 2731 1605 2789 contusa
1650 2746 1713 2791 es
1734 2750 1753 2789 ι
1783 2748 1958 2807 nequa

404 2825 708 2888 crubescas,
734 2822 860 2894 quis
901 2823 1285 2893 exprobratam
1310 2824 1407 2882 tibi
1442 2837 1529 2883 est
1551 2842 1570 2880 ι
1606 2826 1731 2899 qula
1758 2826 1958 2883 consu-

397 2917 567 2975 stonis
590 2926 861 2989 perpetua
894 2914 1272 2983 oblivisceris,
1313 2924 1371 2973 et
1411 2918 1687 2989 opprobrii
1718 2918 1953 2975 viduita-

386 3011 473 3068 -tls
496 3020 603 3067 ωε
632 3024 741 3067 non
770 3006 1145 3066 recordaberis
1172 3006 1424 3079 amplius.
1459 3027 1480 3063 i
1519 3008 1652 3065 Nam
1688 3024 1813 3067 curn
1842 3020 1956 3067 ste-

2060 2004 2548 2077 λειςὴρεμωμένας
2567 2004 2876 2067 κατοικιεῖς.
2901 2023 2919 2054 i
2944 2002 3169 2075 Σπέρμα
3184 2001 3241 2055 δὲ
3261 2003 3358 2073 τῆς
3388 2004 3619 2074 Ἐκκλη-

2063 2099 2181 2164 σίας
2212 2097 2305 2152 τοῦ
2336 2098 2471 2153 Θεοῦ
2503 2099 2587 2171 εἴη
2621 2098 2687 2153 ἂν
2728 2097 2822 2153 καὶ
2848 2098 2877 2150 ό
2913 2095 3263 2166 εύαγγελικὸς
3285 2097 3458 2167 λόγος,
3489 2101 3622 2170 περὶ

2058 2184 2121 2245 οὗ
2152 2191 2395 2262 λέγεται·
2419 2211 2438 2244 ι
2470 2190 2721 2263 Ἐξῆλθεν
2739 2191 2768 2244 ό
2789 2189 3022 2264 σπείρων
3046 2190 3139 2244 τοῦ
3164 2192 3410 2261 σπεῖραι,
3444 2211 3462 2242 ι
3501 2192 3622 2257 καὶ,

2065 2300 2084 2333 ι
2108 2283 2240 2357 Ούχὶ
2273 2283 2435 2337 καλὸν
2471 2283 2692 2357 σπέρμα
2723 2281 2980 2355 ἔσπειρας
3013 2285 3072 2337 ὲν
3104 2282 3184 2356 τῷ
3215 2284 3409 2356 ἀγριῖ);
3447 2306 3465 2337 ›
3509 2287 3625 2341 Καὶ

2059 2374 2223 2431 πάλιν
2252 2374 2471 2430 δύναται
2493 2374 2550 2429 δὲ
2583 2373 2798 2446 σπέρμα
2822 2369 2959 2428 εἶναι
2979 2374 3079 2446 τῆς
3115 2374 3442 2447 Ἐκκλησίας
3470 2377 3565 2431 καὶ
3589 2380 3625 2450 ή

2056 2464 2166 2519 τῶν
2195 2465 2501 2521 ἀποστόλων
2521 2466 2615 2519 καὶ
2639 2464 2893 2537 μαθητῶν
2907 2464 3000 2519 τοῦ
3015 2466 3098 2519 Κυ
3106 2466 3220 2538 ρίου
3239 2468 3272 2538 ή
3279 2467 3395 2538 μῶν
3409 2467 3622 2540 διδαχή·

2055 2556 2124 2610 δι’
2149 2550 2225 2611 ὧν
2260 2559 2302 2630 *t
2328 2555 2580 2628 θεοσεόὴς
2607 2557 2847 2612 πολιτεία
2887 2559 2946 2611 ὲν
2979 2559 3098 2620 ταῖς
3123 2557 3292 2611 πάλαι
3319 2560 3627 2633 ἠφανισμέ-

2056 2665 2177 2713 ναις
2201 2649 2297 2703 καὶ
2321 2647 2456 2702 Θεοῦ
2492 2650 2718 2723 ἐρήμοις
2743 2649 3057 2722 ἐκκλησίαις
3086 2651 3364 2726 συνίστην

2130 2759 2149 2792 ι
2176 2740 2267 2811 Μὴ
2300 2739 2488 2810 φοῦοῦ,
2513 2738 2598 2795 δτι
2628 2742 3024 2817 κατῃσχύνθης,
3056 2742 3198 2816 μηδὲ
3217 2744 3504 2818 ὲντραπῇς,
3531 2747 3613 2800 ὄτι

2051 2830 2392 2904 ὠνειδίσθης·
2423 2830 2509 2885 δτι
2537 2830 2796 2905 αἰσχύνην
2821 2831 3039 2890 αἰώνιον
3073 2835 3326 2910 ἐπιλήσῃ,
3349 2839 3438 2892 καὶ
3463 2839 3608 2892 όνει-

2051 2924 2258 2996 δοςτῆς
2285 2922 2514 2998 npetu<
2543 2940 2636 2979 σου
2664 2926 2725 2979 οὐ
2760 2924 2835 2997 μὴ
2861 2926 3147 3003 μνησθήσῃ
3173 2928 3271 2985 ἔτι.
3297 2947 3318 2982 s
3354 2931 3477 2984 Ὅτε
3503 2931 3608 3002 μὲν

2052 3016 2162 3091 γὰρ
2185 3012 2256 3089 ἦν
2283 3015 2490 3089 στείρα,
2520 3017 2613 3071 καὶ
2635 3017 2698 3071 οὐ
2721 3016 2998 3084 τίκτουσα,
3023 3019 3144 3073 οὐδὲ
3165 3018 3439 3089 ὠδίνουσα,
3471 3023 3608 3092 μηδὲ

383 3104 520 3162 .rilis
536 3113 704 3169 met,
732 3115 904 3173 perlue
934 3108 1172 3171 pareret,
1202 3114 1381 3170 neque
1418 3100 1738 3171 parturiret,
1777 3114 1954 3173 neque
1977 3124 2024 3183 c
2050 3108 2143 3170 τὸν
2185 3109 2355 3182 ἄνδρα
2403 3106 2622 3181 Ιχουσα,
2674 3108 3036 3175 ἐπονείδιστος
3087 3105 3157 3183 ἦν
3210 3112 3304 3167 καὶ
3348 3112 3611 3185 αἰσχύνης

398 3197 574 3254 virum
624 3194 863 3261 baberet,
902 3191 1255 3249 coutumeliis·
1286 3191 1519 3248 obnoxia
1550 3201 1607 3248 et
1636 3191 1955 3250 confusione

396 3288 555 3365 plens
592 3296 748 3353 erat;
790 3293 846 3341 at
884 3298 1026 3340 nunc
1094 3283 1175 3359 sic
1215 3296 1335 3338 eam
1375 3281 1658 3353 compellat
1685 3282 1953 3340 :Etiamsi

395 3382 527 3441 olim
557 3378 870 3437 conl'uslone
903 3385 959 3433 et
990 3374 1281 3449 opprobrio
1307 3373 1470 3446 digna
1499 3383 1650 3445 gesta
1677 3375 1947 3443 edideris;

396 3473 628 3542 cotissde,
664 3491 684 3526 ι
723 3471 859 3540 Quia
916 3467 1252 3526 confusionis
1277 3475 1548 3538 perpetuae
1589 3467 1949 3534 oblivisceris,

397 3576 452 3625 ct
477 3566 747 3638 opprobrii
783 3560 1062 3619 viduitatis
1091 3569 1196 3615 tuae
1236 3574 1342 3614 non
1376 3558 1764 3615 recordaberis.
1801 3579 1822 3612 ι
1861 3560 1953 3617 Yi-

396 3660 656 3718 duitatem
702 3665 879 3712 autem
932 3654 1023 3709 liic
1064 3663 1222 3708 vocat
1263 3652 1425 3709 Verbi
1474 3653 1653 3723 sponsi
1690 3654 1948 3723 privatio-

399 3767 564 3808 nem:
607 3749 784 3818 cujuS,
820 3745 1015 3819 inquit,
1044 3760 1149 3802 non
1183 3744 1577 3812 recordaberis,

471 3843 636 3898 Vsus.
665 3842 718 3896 5.
753 3860 773 3894 ι
813 3840 947 3908 Quia
979 3839 1242 3894 Dominus
1270 3840 1529 3892 virtutum
1560 3847 1666 3905 est,
1704 3838 1794 3910 qui
1819 3837 1949 3896 fecit

400 3945 473 4004 te,
515 3934 770 3989 Dominus
798 3946 990 3988 nomen
1021 3931 1116 3998 illi,
1160 3931 1492 4001 etquieruit
1535 3941 1615 3998 te;
1659 3932 1775 4001 ipse
1805 3931 1948 3988 Deus

397 4025 561 4083 lsrael
596 4036 705 4080 tota
746 4034 887 4080 terra
920 4025 1220 4080 vocabitur.
1275 4041 1295 4074 ι
1340 4020 1454 4077 Non
1487 4025 1631 4079 enim
1671 4039 1739 4079 ex
1774 4025 1949 4080 bomi-

396 4119 579 4184 nibus,
625 4131 799 4188 neque
844 4132 942 4186 per
984 4114 1261 4170 bominem
1304 4114 1416 4170 baec
1454 4116 1746 4171 constituta
1780 4126 1941 4182 sunt,

395 4211 489 4270 scd
516 4225 614 4281 per
639 4208 810 4279 ipsum
842 4208 1150 4262 Dominum.

464 4326 630 4382 Vens.
662 4322 815 4379 6-10.
851 4339 872 4374 ι
904 4320 1018 4376 Non
1044 4320 1198 4392 quasi
1230 4320 1510 4377 mulierem
1548 4321 1861 4379 derelictam
1889 4334 1939 4379 et

390 4418 787 4492 pusillanimem
813 4413 1024 4470 vocavit
1055 4422 1110 4469 te
1146 4412 1423 4481 Dominus,
1453 4428 1625 4484 neque
1663 4425 1720 4470 nt
1757 4416 1945 4471 mulie-

390 4524 508 4567 rem
543 4524 609 4564 ex
644 4510 926 4579 juventute
952 4505 1077 4562 odio
1119 4505 1376 4560 habitam.
1418 4506 1560 4560 Dixit
1612 4507 1750 4562 Deus
1794 4516 1939 4571 tuus,

392 4599 658 4670 Tempore
704 4599 917 4655 modico
957 4597 1143 4667 reliqui
1197 4606 1276 4665 tc,
1321 4605 1527 4653 etcum
1574 4600 1942 4655 misericordia

394 4707 583 4762 magna
615 4692 912 4747 miserebor
942 4690 1041 4757 tui,
1089 4690 1224 4744 dixit
1256 4691 1346 4759 qui
1393 4690 1533 4745 cruit
1565 4701 1615 4745 te
1660 4692 1941 4746 Dominus.

359 4852 363 4858 ⁵
393 4783 477 4839 Ab
504 4800 640 4854 aqua
673 4800 791 4853 quae
818 4786 920 4838 sub
946 4781 1060 4839 Noe
1097 4780 1218 4849 suit,
1245 4781 1348 4837 boc
1375 4782 1508 4837 milii
1552 4792 1656 4848 est,
1687 4785 1944 4854 quemad·

395 4878 609 4934 modum
651 4876 828 4947 juravi
870 4876 920 4931 ei
971 4875 1025 4929 in
1072 4882 1309 4945 tempore
1348 4874 1460 4940 illo,
1511 4885 1668 4931 terrae
1712 4891 1796 4932 me
1837 4891 1943 4931 non

390 4984 775 5029 succensurum
823 4982 985 5038 super
1021 4977 1073 5022 te
1113 4968 1365 5038 amplius,
1415 4971 1587 5038 neque
1628 4967 1682 5022 in
1726 4968 1945 5024 commi·

391 5063 609 5119 natione
643 5071 732 5116 tua
769 5070 979 5117 montes
1009 5061 1414 5116 transferendos
1454 5075 1592 5128 esse,
1624 5076 1798 5130 neque
1830 5061 1943 5116 col-

389 5154 467 5211 les
495 5168 662 5213 ,meos
707 5153 1187 5209 transmovendos:
1227 5153 1308 5209 sic
1358 5166 1531 5223 neque
1572 5154 1941 5208 misericordia

389 5263 509 5305 mea
555 5247 650 5303 tibi
689 5248 940 5314 deliciet,
991 5263 1164 5320 neque
1211 5255 1588 5304 testamentum
1618 5248 1765 5316 pacis
1809 5262 1942 5304 mcae

388 5340 663 5397 auferetur
683 5340 850 5397 :dixit
875 5342 1020 5396 euim
1045 5360 1062 5398 ι
1088 5340 1354 5412 Propitius
1369 5349 1453 5394 est
1478 5340 1570 5394 tibi
1602 5339 1881 5396 Dominus.
1915 5360 1934 5392 ι

385 5433 508 5493 Cito
542 5435 687 5490 euim
733 5445 944 5490 montes
980 5450 1010 5488 a
1060 5433 1290 5504 propriis
1339 5433 1472 5488 locis
1507 5431 1938 5499 transferentur,

385 5536 442 5584 et
474 5527 640 5583 colles
696 5526 1055 5583 turbabuntur
1090 5525 1301 5595 potius,
1359 5539 1522 5595 quam
1567 5523 1939 5583 misericordia

446 5724 467 5755 ⁸
524 5722 712 5780 Mami.
747 5741 864 5794 xiii,
887 5728 940 5785 5.
1015 5728 1034 5759 ⁷
1063 5722 1196 5782 ibid.
1227 5714 1316 5772 27.

2051 3200 2310 3273 ἱμπλεος·
2345 3200 2481 3256 ἀλλὰ
2518 3199 2613 3255 νῦν
2646 3217 2777 3271 φησι
2821 3201 2957 3273 πρὸς
2987 3203 3181 3275 αὐτήν·
3210 3202 3273 3258 Ei
3309 3206 3402 3259 καὶ
3442 3207 3611 3260 πάλαι

2052 3290 2181 3345 ποτὶ
2210 3289 2469 3365 αίσχύνης
2504 3291 2598 3346 καὶ
2630 3291 2862 3356 ὀνείδους
2895 3290 3160 3364 ἔπραττες
3204 3292 3351 3362 ἄξια,
3386 3293 3609 3366 θάρσεν

2058 3401 2078 3434 ι
2114 3383 2234 3437 Ὅτι
2272 3382 2530 3453 αἰσχύνην
2577 3380 2790 3437 αίὼνιον
2831 3381 3082 3456 ἐπιλήσῃ,
3133 3384 3227 3438 καὶ
3271 3385 3470 3451 ὄνειδος
3516 3388 3614 3458 τῆς

2050 3475 2274 3547 χηρείας
2306 3492 2400 3529 σου
2424 3475 2485 3528 οὐ
2518 3474 2593 3547 μὴ
2630 3473 2933 3548 μνησθήσῃ.
2958 3493 2978 3528 ι
3018 3476 3260 3549 Χηρείαν
3299 3477 3358 3532 δὲ
3399 3479 3614 3534 ἀποκα-

2047 3566 2131 3621 λεῖ
2159 3568 2253 3621 καὶ
2295 3566 2527 3623 ἐνταῦθα
2555 3567 2652 3640 τὴν
2696 3567 2949 3641 στέρησιν
2988 3567 3080 3623 τοῦ
3125 3570 3357 3642 νυμφίου
3397 3572 3570 3642 Λόγου
3591 3588 3608 3606 ·

2046 3657 2118 3735 ἧς
2138 3661 2197 3715 οὐ
2232 3659 2535 3733 μνησθῆναι
2566 3657 2748 3730 φησὶν.

2121 3858 2141 3892 ι
2177 3840 2300 3893 Ὅτι
2344 3839 2547 3910 Κύριος
2590 3838 2699 3893 τῶν
2744 3838 3024 3912 δυνάμεὼν
3075 3842 3220 3895 ἐστιν
3248 3844 3277 3896 ό
3316 3843 3490 3899 ποιῶν
3523 3860 3604 3909 σε,

2046 3930 2246 4004 Κύριος
2279 3931 2451 4003 ὄνομα
2483 3930 2652 4003 αὐτῷ,
2692 3931 2785 3985 καὶ
2827 3932 3127 4004 ρυσάμενός
3161 3951 3252 3987 σε·
3283 3936 3445 3999 αὐτὸς
3477 3935 3608 4002 Θεὸς

2058 4023 2269 4096 Ἰσραὴλ
2296 4025 2443 4096 πάσῃ
2465 4026 2531 4096 τῇ
2563 4026 2634 4095 γῇ
2663 4022 3041 4094 κληθήσεται.»
3075 4025 3149 4080 υύ
3180 4026 3290 4099 γὰρ
3317 4028 3376 4095 ἐξ
3399 4026 3609 4101 ἀνθρώ-

2045 4136 2182 4183 πων,
2210 4119 2329 4173 οὐδὲ
2365 4118 2431 4172 δι’
2460 4117 2745 4190 ἀνθρώπου
2786 4117 2854 4171 τὰ
2884 4118 2981 4191 τῆς
3029 4118 3339 4183 συστάσεως
3362 4121 3602 4189 γέγονεν,

2041 4211 2178 4267 ἀλλὰ
2199 4210 2264 4265 δι’
2295 4210 2456 4265 αὐτοῦ
2487 4211 2581 4266 τοῦ
2612 4213 2835 4285 Κυρίου.

2119 4347 2138 4378 ι
2168 4326 2279 4398 Οὐχ
2305 4326 2379 4391 ὡς
2403 4330 2635 4398 γυναῖκα
2654 4328 3151 4401 καταλελειμμένην
3172 4332 3266 4385 καὶ
3285 4331 3602 4404 όλιγόιῖκυχον

2045 4414 2278 4487 κέκληκε
2319 4433 2378 4470 σε
2420 4418 2449 4470 ό
2475 4416 2696 4489 Κύριος,
2731 4418 2839 4471 οὐδ’
2872 4419 2947 4484 ὡς
2984 4422 3217 4489 γυναῖκα
3250 4421 3314 4474 ἐκ
3354 4422 3603 4493 νεότητος

2048 4509 2442 4582 μεμισημένην.
2473 4504 2639 4562 Εἶπεν
2670 4513 2698 4563 ό
2716 4509 2848 4574 Θεός
2878 4527 2990 4565 σου·
3013 4511 3217 4582 Χρόνον
3248 4513 3444 4585 μικρὸν
3474 4533 3605 4568 κατ-

2044 4599 2228 4653 ἑλιπόν
2254 4617 2334 4666 σε,
2374 4601 2468 4654 καὶ
2494 4602 2608 4671 μετ’
2642 4601 2820 4668 ἐλέους
2845 4603 3079 4674 μεγάλου
3106 4604 3313 4678 ὲλεήσω
3343 4624 3423 4671 σε,
3454 4604 3603 4662 εἶπεν

2044 4696 2073 4748 ό
2107 4694 2405 4765 ρυσάμενός
2453 4712 2511 4748 σε
2558 4694 2778 4766 Κύριος.
2835 4697 2966 4751 Ἀπὸ
3009 4696 3103 4751 τοῦ
3145 4698 3336 4763 ὓδατος
3372 4700 3464 4754 τοῦ
3512 4703 3604 4755 ἐπὶ

2046 4786 2167 4839 Νῶε
2198 4786 2355 4841 τοῦτό
2382 4789 2472 4858 μοί
2504 4789 2638 4852 ἐστι,
2668 4787 2854 4842 καθότι
2873 4788 3060 4860 ὤμοσα
3078 4789 3224 4861 αὐτῷ
3245 4792 3302 4844 ὲν
3320 4792 3401 4865 τῷ
3428 4793 3604 4864 χρόνῳ

2046 4878 2237 4950 ἐκείνῳ
2271 4882 2337 4951 τῇ
2368 4882 2437 4951 γῇ
2489 4880 2564 4950 μή
2615 4880 3028 4953 θυμωθήσεσθαι
3070 4884 3161 4936 ἐπὶ
3194 4884 3276 4938 σοὶ
3325 4885 3428 4949 ἔτι,
3472 4885 3605 4958 μηδὲ

2047 4974 2105 5027 ὲν
2136 4973 2331 5045 ἀπειλῇ
2367 4991 2458 5027 σου
2487 4974 2557 5028 τὰ
2584 4975 2683 5047 ὅρη
2730 4976 3175 5047 μεταστήσεσθαι,
3206 4979 3315 5033 οὐδ’
3345 4981 3395 5034 ol
3427 4980 3604 5051 βουνοί

2050 5081 2153 5137 μου
2183 5066 2717 5138 μετακινηθήσονται.
2758 5067 2943 5131 Οῦτως
2965 5068 3086 5122 οὐδὲ
3119 5070 3181 5124 τὸ
3206 5071 3336 5143 παρ’
3361 5072 3496 5144 ἐμοῦ
3523 5090 3603 5127 σοι

2047 5155 2193 5220 ἔλεος
2220 5157 2478 5227 ἐκλείψει,
2505 5158 2624 5212 οὐδὲ
2656 5161 2688 5229 ή
2716 5159 2945 5233 διαθήκη
2991 5162 3091 5233 τῆς
3137 5165 3359 5236 εἰρήνης
3405 5181 3499 5219 σου
3540 5164 3603 5218 οὐ

2050 5248 2125 5321 μὴ
2162 5251 2395 5320 μεταστῇ
2414 5266 2428 5280 ·
2462 5245 2581 5303 εἶπε
2616 5250 2744 5322 γάρ·
2776 5250 2959 5316 Ἵλεώς
2987 5269 3067 5306 σοι
3098 5254 3315 5325 Κύριος.
3345 5275 3364 5307 ι
3400 5256 3603 5311 Θᾶττον

2046 5340 2154 5413 γὰρ
2178 5339 2246 5394 τὰ
2282 5340 2384 5412 ὅρη
2434 5344 2852 5414 μεταστήσονται
2883 5344 2990 5398 τῶν
3034 5345 3254 5400 οἰκείων
3278 5347 3478 5413 τόπων,
3509 5349 3604 5403 καὶ

2045 5433 2094 5485 oi
2125 5429 2298 5500 βουνοὶ
2339 5431 2787 5504 ταραχθήσονται,
2835 5434 2959 5505 ἢτὸ
3000 5436 3129 5507 ἐμὸν
3168 5437 3313 5503 ἔλεος
3356 5439 3465 5494 ἀπὸ
3508 5440 3603 5496 σοῦ

2046 5524 2413 5595 κινηθήσεται.
2446 5527 2552 5580 Καὶ
2580 5528 2748 5582 ταῦτα
2781 5529 2833 5583 δὲ
2865 5529 2939 5601 τῷ
2967 5529 3207 5585 θεοσεόεἶ
3249 5532 3602 5601 πολιτεύματι
