3692 6134
692 324 780 399 un
814 327 974 390 Flos
1011 328 1384 387 Anvssnsus
1422 328 1841 387 sammua..
1867 314 1945 373 Σ-
1981 328 2108 386 un.
2149 330 2208 391 t..

2944 331 3082 390 1054

315 450 474 506 todire
501 449 677 507 lumen
701 453 963 507 vobiscum
992 462 1091 508 est.
1142 452 1291 507 Vudo
1326 453 1397 507 ad
1425 458 1475 517 A
1503 455 1575 507 ris
1612 451 1875 523 Spiritum
1896 452 2186 508 venientem
2213 491 2230 518 ,
2254 451 2339 506 Ιιὶε
2360 461 2436 506 est
2468 451 2552 507 ’Ἴ
2572 451 2631 509 Si
2667 452 2831 524 igitur
2851 467 3085 525 evatige-

315 544 340 597 ῖι
362 560 382 599 .·
409 544 656 614 quoeretis
689 560 790 607 me,
817 555 864 598 et
904 562 1008 597 non
1034 546 1303 600 invenietis
1327 544 1397 599 ⁸¹.

315 635 568 707 relinquit
605 635 885 691 mundum.
915 635 1022 690 Sed
1062 636 1256 690 iterum
1286 635 1400 705 ipse

338 728 603 783 vobiscum
634 743 752 781 sum
784 744 946 797 usque
970 727 1039 780 ad
1065 743 1400 781 consumma-

316 860 327 873 .
350 820 555 875 Aderat
580 835 712 891 ergo
735 862 752 889 ,
779 830 833 875 et
858 828 1144 888 antequam
1180 817 1404 872 adveni·

315 932 328 971 ι
371 924 658 986 postquam
705 918 968 984 perrexit.
1014 916 1230 969 lntnere
1269 928 1401 983 ergo

333 1009 383 1062 in
412 1010 616 1063 mundo
637 1019 756 1064 erat
781 1008 1146 1063 invisibiliter.
1184 1006 1314 1061 Nam
1349 1007 1401 1061 id

322 1098 470 1165 toliS,
495 1108 549 1155 et
572 1099 849 1153 nobiscum
879 1109 962 1153 est
989 1112 1157 1167 usque
1188 1099 1253 1151 ad
1272 1113 1404 1151 con-

316 1193 463 1247 sculi
495 1209 510 1247 ε
536 1189 899 1260 incorporalis
917 1190 1060 1245 enim
1094 1198 1287 1244 natura
1318 1189 1403 1243 lo·

316 1285 566 1341 eribitur.
597 1283 702 1338 Sed
728 1292 1078 1353 posteaquam
1109 1281 1402 1351 assumpsit

316 1387 331 1432 t
376 1376 747 1433 recluderetur
799 1374 1093 1443 assumpsit
1138 1393 1153 1428 :
1191 1373 1404 1427 salvare

317 1483 408 1521 ion
440 1466 618 1520 minus
659 1464 903 1519 exaltare
925 1500 942 1527 ,
980 1471 1035 1516 et
1085 1475 1192 1516 non
1224 1461 1404 1515 bumi-

317 1572 418 1611 non
448 1569 507 1609 se
563 1552 869 1607 humiliavit
900 1571 915 1607 ι
948 1549 1228 1605 humiliari
1259 1550 1405 1605 enim

318 1662 410 1699 :um
444 1661 473 1699 a
500 1659 594 1699 sua
622 1641 932 1711 dignitate),
960 1642 1054 1695 sed
1077 1639 1257 1708 potius
1283 1638 1404 1693 abs·

317 1736 653 1807 «lignitatem.
693 1732 747 1786 Si
775 1731 920 1788 enim
960 1731 1075 1801 ipse
1112 1728 1314 1783 decidit
1338 1730 1408 1783 ab

1506 548 1628 603 lista
1653 547 1813 615 dicit,
1849 544 1980 600 Erat
2002 561 2023 610 ,-
2048 543 2289 615 Baptista
2330 554 2510 601 autem
2532 545 2706 611 dicit,
2733 544 2840 601 Hic
2872 557 2948 601 est
2978 562 2997 601 .·
3028 558 3087 605 et

1508 641 1744 712 Spiritus
1791 648 2027 696 testatur
2058 640 2185 710 quia
2222 636 2339 706 ipse
2392 647 2513 705 est;
2544 647 2600 693 et
2648 638 2813 694 Pater
2858 640 3086 696 demon-

1507 745 1694 789 strans
1723 732 1885 795 dicit,
1925 730 2030 786 Hic
2056 741 2133 786 est
2156 748 2175 796 ,·
2197 741 2253 786 et
2279 729 2452 788 Filius
2490 729 2651 795 dicit,
2693 730 2806 802 1390
2839 750 2994 799 sum3
3021 743 3078 789 et

1507 822 1782 878 daemones
1808 822 2001 877 dicunt
2025 821 2148 888 ,Tu
2174 838 2229 877 es
2258 836 2278 875 .·
2310 838 2431 894 quae
2462 824 2771 893 procacitas
2801 825 2899 880 ista
2921 835 3006 881 est
3029 835 3089 884 ut

1508 930 1614 969 non
1649 914 1834 970 credat
1854 915 1879 970 2²
1900 916 2009 971 Aut
2036 916 2182 969 enim
2206 915 2352 969 Patri
2385 916 2546 970 crede
2564 956 2578 981 ,
2613 924 2707 971 aut
2729 915 2868 972 Filio
2889 920 3048 975 obedi
3068 960 3085 987 ,

1508 1016 1603 1060 aut
1627 1005 1892 1075 Spiritum
1920 1006 2200 1073 consenti,
2224 1017 2321 1060 aut
2349 1022 2472 1062 cum
2497 1008 2777 1078 prophetis
2789 1014 3087 1078 concorda,

1509 1106 1604 1153 aut
1631 1113 1754 1154 cum
1775 1098 2081 1169 legislatore
2107 1097 2401 1165 confitere,
2431 1109 2527 1155 aut
2553 1108 2701 1156 certe
2733 1117 2855 1156 cum
2888 1104 3091 1162 daemo-

1513 1192 1674 1245 nibus
1698 1190 1807 1245 noli
1842 1204 2063 1259 negare.
2096 1188 2177 1244 Illi
2219 1190 2365 1245 enim
2390 1190 2578 1246 dicunt
2609 1209 2623 1246 ε
2654 1187 2864 1245 Scimus
2904 1204 2952 1248 te
3000 1194 3092 1265 qui

1509 1283 1583 1337 sis
1615 1282 1689 1346 ⁶⁸,
1723 1290 1782 1338 et
1826 1297 1932 1337 non
1985 1288 2201 1336 cessant
2256 1281 2599 1337 confitentes.
2640 1280 3089 1355 Quotiescunque

1512 1372 1655 1429 enim
1685 1372 2058 1428 nominaveris
2087 1373 2425 1429 daemonibus
2477 1373 2671 1429 Filium
2722 1376 2818 1431 Dei
2872 1375 3088 1433 affixum

1511 1463 1663 1520 cruci
1687 1503 1704 1530 ,
1768 1472 2065 1519 trementes
2117 1463 2300 1519 statim
2345 1478 2479 1519 voce
2514 1465 2689 1535 prima
2736 1467 3088 1523 confitentur.

1512 1554 1609 1610 Est
1635 1555 1781 1610 enim
1810 1553 1981 1611 Pilius
2006 1595 2023 1619 ‚
2050 1563 2104 1611 et
2136 1564 2356 1623 manet,
2383 1562 2439 1610 et
2461 1570 2688 1626 regnum
2712 1557 2827 1625 ejus
2862 1573 2968 1614 non
2991 1559 3093 1614 ha-

1512 1646 1605 1701 bet
1629 1644 1812 1701 linem.
1842 1644 1951 1701 Sed
1986 1646 2149 1701 linem
2175 1646 2374 1701 babeat
2393 1659 2457 1701 os
2484 1645 2630 1701 illius
2653 1647 2746 1716 qui
2771 1648 2941 1716 dixit,
2963 1648 3093 1717 quia

1514 1738 1667 1810 regni
1693 1739 1810 1810 ejus
1839 1747 1923 1794 est
1958 1738 2101 1793 linis.
2127 1735 2290 1793 Pater
2310 1737 2454 1794 enim
2492 1738 2585 1808 qui
2614 1738 2799 1809 genuit
2833 1754 2940 1793 non
2968 1753 3090 1809 poe-

317 1844 406 1882 2⁰⁵
430 1868 445 1893 ι
504 1842 603 1881 ¹¹⁰³
644 1841 751 1879 ¹¹⁰¹·
799 1824 985 1893 ”lique
1023 1821 1298 1876 ¹⁶V⁰0³V3¹
1335 1820 1401 1875 ad
1434 1811 1479 1867 Β
1507 1832 1712 1886 nitetur
1735 1830 1801 1886 de
1830 1831 1969 1886 bona
2001 1829 2276 1901 progenie,
2305 1843 2410 1884 non
2445 1829 2665 1884 devorat
2689 1845 2845 1885 suum
2870 1827 3092 1886 Filium.

324 1920 520 1974 dimus.
548 1916 775 1972 Salvare
818 1914 984 1985 igitur
1033 1911 1180 1967 venit
1226 1910 1406 1966 Domi-

316 2027 330 2063 ι
367 2010 615 2063 amittere
646 2008 790 2076 quod
809 2004 1066 2059 babebat.
1094 2001 1246 2058 Fecit
1272 2001 1408 2057 bene

346 2117 453 2171 quo
473 2109 584 2154 erat
625 2098 765 2168 (76),
799 2110 906 2151 non
937 2105 1128 2150 natura
1152 2093 1408 2150 excidens

318 2192 493 2248 :ordia
522 2191 694 2244 utitur
725 2186 926 2243 Patris.
964 2183 1104 2252 Quid
1132 2198 1259 2254 ergo
1281 2198 1408 2254 pro-

318 2286 410 2341 ·bis
442 2285 625 2339 dicere
647 2322 663 2346 ,
688 2282 830 2352 quod
859 2280 1031 2336 solum
1068 2281 1117 2333 ei
1155 2276 1412 2332 convenit

323 2391 408 2432 em
460 2373 716 2429 convenit
761 2372 912 2437 dici,
944 2369 1071 2440 qnia
1120 2376 1204 2423 est
1251 2366 1413 2422 Pater

319 2470 431 2525 Alius
459 2484 619 2533 vere,
651 2475 735 2522 est
769 2477 825 2521 et
871 2463 1111 2535 Spiritus
1168 2471 1408 2516 sanctus.

319 2577 450 2617 ones
473 2602 488 2624 ‚
518 2575 626 2615 non
650 2573 822 2613 vacua
845 2554 1014 2611 verba
1039 2594 1057 2619 ,
1082 2552 1178 2609 sed
1224 2561 1412 2607 natura

335 2662 499 2709 natus
523 2693 538 2718 ,
567 2661 621 2707 et
647 2651 796 2707 solus
828 2664 932 2703 non
987 2656 1146 2701 natus
1180 2663 1193 2699 :
1223 2652 1278 2700 et
1324 2642 1417 2697 Fi-

320 2785 335 2810 ,
390 2753 447 2798 et
494 2741 640 2796 solus
670 2738 980 2810 unigenitus
1019 2746 1104 2792 est
1137 2751 1152 2790 z
1183 2733 1418 2804 Spiritus

322 2836 462 2891 Filio
518 2832 815 2890 secundum
860 2828 1040 2885 Patris
1084 2827 1417 2883 voluntatem

319 2940 441 2986 item
489 2924 706 2983 edoceri
736 2924 861 2994 quia
906 2924 1022 2977 baec
1053 2934 1183 2975 vere
1231 2919 1418 2973 dicun-
1444 2955 1463 2980 ,-

320 3022 604 3080 ,ὓοηιίιιιιε
641 3020 708 3073 ad
725 3017 1051 3087 baptismum
1075 3014 1339 3080 Juannis,
1363 3006 1422 3068 at

1503 1922 1813 1979 Invidemus
1837 1919 2053 1975 fabulas
2071 1922 2333 1990 gentium,
2352 1919 2615 1974 etiterum
2632 1922 2851 1975 easdem
2876 1920 3096 1977 induci·

1506 2027 1629 2067 mus
1662 2029 1678 2067 ι
1714 2025 1822 2066 non
1853 2024 1975 2077 nos,
1992 2012 2087 2065 sed
2111 2009 2202 2079 qui
2231 2023 2397 2064 ausus
2417 2018 2500 2063 est
2528 2009 2743 2065 Galata.
2781 2010 2922 2065 Deus
2947 2011 3095 2068 enim

1507 2117 1615 2157 non
1636 2115 1823 2157 vocem
1848 2099 2036 2170 genuit
2062 2100 2155 2153 sed
2176 2097 2393 2161 Filium,
2419 2113 2523 2152 non
2547 2113 2851 2154 sermonem
2885 2097 2982 2157 sel
3012 2100 3097 2155 vi·

1510 2202 1766 2258 tam,non
1783 2190 1987 2245 dictum
2001 2189 2095 2244 sed
2127 2188 2317 2243 Deum.
2344 2189 2496 2256 Apud
2530 2188 2696 2244 Deum
2724 2191 3017 2252 enim‚non
3038 2190 3095 2245 in

1510 2299 1606 2340 ore
1663 2282 1760 2337 Dei
1787 2301 1801 2336 ε
1862 2282 1929 2336 ad
1956 2280 2232 2335 dexteram
2262 2279 2382 2345 Dei,
2417 2296 2522 2337 non
2553 2290 2729 2337 tamen
2759 2282 2852 2354 qui
2877 2283 2933 2338 ln
2963 2297 3095 2340 voce

1512 2385 1618 2431 est.
1653 2371 1900 2428 Judicem
1936 2386 2058 2427 eum
2081 2371 2175 2441 qui
2197 2370 2469 2436 viviticat,
2506 2374 2967 2441 verumsiumen,
2996 2376 3093 2444 ju-

1511 2467 1673 2523 stitia:
1699 2465 1902 2523 solem.
1933 2463 2139 2517 Lumen
2172 2471 2354 2517 autem
2385 2478 2493 2517 non
2527 2463 2632 2519 tale
2679 2451 2843 2535 quale
2871 2475 2926 2521 et
2952 2467 3093 2537 apud

1514 2573 1657 2614 nos:
1692 2556 1826 2612 nibil
1862 2553 2197 2623 accipiamus
2224 2551 2439 2607 visibile
2469 2552 2537 2607 ad
2589 2615 2594 2620 ,
2652 2552 2971 2611 bibitionem
3003 2557 3092 2613 in-

1514 2647 1769 2735 visibilis.
1795 2646 1913 2703 Non
1942 2646 2076 2702 mibl
2101 2644 2261 2702 isthic
2293 2619 2720 2720 l'ontesadducas
2746 2646 2798 2705 in
2818 2647 3089 2706 medium:

1517 2757 1621 2798 non
1647 2741 1816 2797 solem
1849 2738 2045 2808 eteius
2073 2740 2275 2814 lumen.
2312 2738 2445 2808 Qua
2472 2719 2617 2793 enim
2651 2754 2749 2808 per
2796 2740 2989 2798 Filium
3014 2744 3095 2797 sa-

1517 2845 1600 2890 cta
1636 2843 1797 2924 sunt,
1827 2850 1933 2889 non
1962 2843 2351 2902 comparantur
2371 2833 2532 2890 Filio.
2564 2833 2675 2889 lloc
2703 2834 2849 2889 enim
2899 2837 3086 2893 lumen

1474 2913 2032 2992 filuuvoefsollsfsed
2066 2923 2353 2980 efficientia
2405 2925 2537 2980 solis
2567 2942 2581 2979 ι
2614 2924 2715 2979 boc
2770 2925 2954 2982 lumen
2984 2942 3094 2982 non

1519 3016 1688 3075 babet
1707 3019 1875 3072 vitam
1902 3059 1920 3084 ,
1943 3014 2115 3072 Filius
2144 3025 2324 3071 autem
2352 3016 2461 3071 vita
2487 3025 2574 3072 est
2603 3032 2619 3071 z
2644 3015 2747 3072 hoc
2770 3015 2949 3073 lumen
2984 3032 3093 3073 non

319 3112 387 3183 [ui
418 3110 586 3177 dicit,
628 3107 733 3165 Hic
763 3116 843 3163 est
877 3104 1054 3162 Filius
1103 3121 1254 3161 meus
1278 3102 1419 3158 dite-
1522 3109 1698 3180 aperit
1755 3108 1941 3165 oculos
1974 3122 2240 3164 caecorum
2264 3145 2281 3172 ,
2334 3107 2430 3163 sed
2468 3107 2554 3165 his
2600 3108 2692 3176 qui
2746 3108 2923 3163 creati
2968 3119 3096 3165 sunt

1445 3157 1492 3220 C

319 3221 345 3259 ο
382 3204 512 3257 mihi
548 3202 670 3256 bene
695 3198 989 3271 complacui
1021 3196 1090 3252 ⁸⁸.
1123 3194 1260 3265 Quis
1282 3194 1421 3251 dicit
1525 3200 1730 3272 praebet
1764 3201 1971 3257 videre.
2002 3199 2107 3256 Sed
2142 3214 2212 3255 ne
2238 3198 2456 3271 quidem
2483 3200 2590 3256 boc
2617 3215 2648 3255 a
2669 3214 2731 3256 se
2751 3240 2769 3267 ,
2798 3202 2892 3257 sed
2931 3203 3001 3258 ab
3028 3217 3095 3258 eo

326 3303 406 3349 ter
426 3294 491 3347 de
518 3293 628 3348 Deo
647 3330 664 3357 ,
696 3290 788 3360 qui
816 3288 1101 3345 videbatur
1143 3294 1200 3340 ut
1230 3285 1415 3340 homo.

323 3426 340 3450 ,
401 3384 565 3439 Pater
611 3392 695 3438 est
733 3382 844 3437 :de
889 3394 998 3449 qno
1044 3376 1416 3433 testimonium

319 3475 643 3547 t:Spiritus
698 3476 752 3529 in
800 3474 980 3543 specie
1026 3470 1312 3527 columbae.
1353 3470 1421 3525 Et

324 3574 578 3642 parebat,
605 3567 770 3638 etqui
820 3567 873 3620 in
925 3564 1148 3620 bomine
1190 3563 1410 3618 habita·

320 3677 518 3735 orpore
545 3669 696 3727 erat,
722 3659 1029 3717 testabatur
1057 3666 1114 3714 et
1152 3657 1369 3713 dicebat
1396 3674 1412 3711 ε

320 3766 328 3808 t
358 3772 452 3826 eqo
491 3755 702 3811 vadam.
761 3750 825 3807 Si
854 3751 1029 3815 euim,
1076 3747 1293 3817 inquit,
1324 3762 1419 3816 eqo

327 3866 386 3903 us
403 3864 506 3902 non
536 3848 699 3901 ueniet
727 3861 747 3900 .-
769 3860 889 3898 cum
927 3858 1021 3914 eqo
1047 3841 1193 3905 iero,
1223 3839 1415 3908 rogabo

321 3942 358 3997 ⁸.
391 3938 511 3995 Non
562 3946 741 3993 tamen
774 3951 862 3993 me
896 3945 953 3990 et
993 3934 1161 3990 alium
1190 3936 1421 3987 advoca·

322 4051 354 4089 r
381 4033 448 4088 ad
482 4046 602 4088 vos.
637 4029 741 4098 Qui
766 4027 945 4095 vadit,
968 4036 1025 4084 et
1051 4026 1145 4097 qui
1169 4034 1415 4096 rogatur,

321 4167 330 4191 ,
385 4141 490 4180 non
545 4124 619 4180 dii
652 4123 926 4178 dicuntur.
960 4118 1112 4177 Unus
1150 4118 1303 4174 enim
1334 4124 1421 4171 est

328 4227 348 4271 t
397 4217 618 4279 omnia,
666 4223 722 4270 et
776 4228 916 4268 unns
966 4210 1224 4267 Dominus
1260 4207 1420 4264 Jesus

323 4306 526 4364 omnia.
557 4305 665 4362 Sed
697 4320 834 4359 unus
856 4303 997 4359 Deus
1013 4316 1119 4357 non
1155 4311 1336 4368 natus,
1365 4308 1421 4356 et

321 4417 339 4457 ι
365 4400 623 4456 Dominus
646 4407 807 4452 natus
835 4411 866 4451 a
893 4395 1001 4451 Deo
1034 4402 1138 4450 est.
1168 4391 1225 4448 Si
1271 4393 1417 4448 enim

321 4510 404 4549 non
429 4504 614 4548 natum
645 4492 883 4546 dicerem
905 4529 918 4551 ,
956 4497 1050 4544 aut
1079 4485 1415 4555 unigenitum
1450 4517 1496 4573 D

335 4597 464 4642 tunc
493 4598 866 4641 asseverarem
893 4581 942 4636 id
983 4579 1127 4651 quod
1157 4592 1262 4633 non
1287 4576 1419 4632 dicit

330 4693 459 4750 ergo
486 4678 616 4733 dicit
647 4677 811 4732 Pater
868 4675 921 4729 in
973 4671 1199 4728 Joannis
1236 4670 1417 4740 bapti-

339 4770 510 4825 Filius
531 4786 677 4824 metu
739 4766 999 4830 dilectus,
1045 4764 1100 4817 in
1141 4777 1242 4836 quo
1297 4760 1422 4817 hm

322 4863 557 4919 -ul'licita
591 4861 703 4917 Deo
753 4867 810 4916 et
862 4854 1027 4913 semel
1069 4854 1290 4919 audire,
1327 4851 1422 4908 sed

322 4957 356 5012 l.
387 4955 666 5025 Siquidem
692 4960 748 5008 et
785 4951 840 5005 iu
872 4956 1055 5005 monte
1075 4960 1199 5000 cum
1225 4942 1421 4999 luisset

323 5058 560 5121 nguratus
613 5052 877 5117 praesente
929 5038 1114 5113 Moyse
1161 5046 1217 5093 et
1266 5035 1381 5092 Elia
1407 5075 1424 5102 ,

323 5152 358 5198 ιι
395 5140 695 5197 dicittliio
734 5147 808 5192 est
869 5133 1046 5188 Filius
1095 5146 1240 5185 neus
1287 5127 1425 5182 dile·

323 5253 331 5283 v
374 5235 502 5289 bene
546 5227 870 5300 complacui&
911 5227 1084 5295 ipsum
1127 5220 1309 5276 audite
1350 5218 1421 5274 ⁸⁸.

323 5344 340 5383 ι
370 5327 566 5383 similia
613 5324 812 5379 fatetur
836 5330 889 5377 et
915 5318 1048 5374 dicit
1081 5333 1095 5370 t
1122 5313 1225 5381 Qui
1277 5311 1423 5366 misit

340 5438 478 5490 aqua
500 5459 514 5484 ,
536 5419 646 5487 ipse
674 5415 799 5471 mihi
824 5412 983 5477 dixit,
1015 5406 1081 5463 In
1103 5422 1252 5478 quem
1281 5405 1423 5459 vide·

1523 3294 1615 3366 qui
1645 3294 1887 3351 indulsit.
1926 3292 2040 3350 lloc
2070 3293 2249 3349 lumen
2278 3293 2333 3349 in
2368 3292 2604 3355 tenebris
2655 3308 2762 3349 non
2798 3292 2939 3349 lucet
2972 3302 3101 3350 :te-

1527 3386 1706 3442 nebrae
1730 3383 1880 3441 enim
1923 3398 2048 3442 eum
2101 3398 2205 3438 non
2234 3383 2723 3453 comprehendunt.
2761 3382 2841 3441 De
2873 3384 2966 3440 illo
2991 3398 3096 3440 au·

1525 3486 1634 3533 tem
1662 3476 1865 3532 lumine
1889 3476 2091 3531 dictum
2121 3482 2207 3530 est
2233 3495 2247 3531 ε
2280 3472 2480 3529 Lumen
2503 3474 2557 3529 ιἰι
2581 3474 2802 3537 tenebris
2822 3475 2990 3545 lucet,
3018 3484 3096 3530 te-

1524 3564 1696 3621 nebroe
1720 3578 1838 3618 eum
1868 3578 1975 3616 ηοιι
2000 3560 2498 3631 comprehenderunt
2520 3558 2589 3613 ⁸⁸.
2621 3558 2739 3615 Hoc
2777 3559 2955 3615 lumen
2985 3574 3093 3615 non

1523 3655 1729 3729 pascit,
1756 3669 1865 3710 nou
1895 3653 2159 3709 transfert
2181 3666 2380 3724 aquam
2403 3651 2473 3707 sd
2506 3651 2692 3707 vinum
2724 3669 2739 3706 ε
2764 3651 2868 3707 boc
2912 3650 3095 3707 lumen

1523 3764 1631 3805 non
1657 3747 1888 3805 suscitat
1910 3755 2184 3812 mortuos,
2217 3744 2311 3801 sed
2339 3743 2577 3800 otiosum
2621 3751 2708 3799 est
2734 3742 2963 3800 mortuis
2996 3762 3011 3798 z
3040 3751 3098 3799 et

1523 3857 1630 3897 non
1655 3840 1785 3915 quia
1810 3853 2100 3895 commune
2129 3847 2214 3893 est
2244 3851 2439 3893 nomen
2467 3874 2484 3901 ,
2512 3843 2670 3907 putas
2706 3833 2832 3904 quia
2854 3842 2910 3890 et
2945 3849 3097 3890 com-

1523 3932 1704 3989 munis
1742 3942 1936 3987 natura
1961 3942 2067 3988 est.
2101 3929 2215 3987 Hoc
2243 3929 2421 3985 lumen
2454 3936 2547 3985 aut
2573 3927 2626 3983 in
2653 3927 2827 3999 primo
2850 3926 2940 3983 die
2962 3965 2979 3994 ,
3000 3935 3097 3982 aut

1523 4040 1645 4081 cum
1668 4023 1784 4081 sole
1812 4024 1868 4080 in
1893 4031 2087 4094 quarto
2110 4061 2127 4088 ,
2147 4020 2600 4093 quemadmodum
2629 4018 2752 4089 quis
2779 4018 3050 4090 putaverit
3076 4058 3094 4083 ,

1523 4117 1612 4173 die
1639 4126 1835 4187 quarto
1864 4115 2199 4171 estfactum.
2236 4112 2404 4169 Filius
2435 4120 2618 4167 autem
2667 4125 2775 4166 non
2811 4110 2865 4167 iu
2918 4110 3096 4182 primo

1524 4208 1612 4265 die
1630 4247 1649 4275 ,
1676 4222 1849 4279 neque
1879 4208 1938 4263 in·
1959 4217 2152 4277 quarto
2171 4246 2189 4271 ,
2213 4220 2387 4276 neque
2422 4204 2475 4260 in
2502 4212 2674 4260 totum
2696 4203 2752 4259 in
2781 4202 2892 4269 die,
2921 4217 3096 4272 neque

1525 4301 1580 4357 in
1613 4301 1746 4359 hora
1773 4341 1791 4366 ,
1816 4315 1991 4371 neque
2036 4299 2090 4354 in
2146 4295 2514 4369 temporibus,
2546 4310 2723 4366 neque
2777 4296 2830 4351 in
2858 4294 3092 4351 suculis·

1526 4390 1653 4448 llaec
1677 4392 1822 4447 enim
1848 4378 1947 4460 pe'r
1967 4389 2166 4446 Filium
2186 4431 2201 4456 ,
2233 4404 2340 4445 nou
2365 4399 2544 4445 tamen
2570 4386 2738 4443 Filius
2762 4385 2816 4440 in
2844 4383 2951 4441 his.
2976 4383 3093 4440 Nun

1524 4485 1668 4539 enim
1699 4498 1730 4538 a
1755 4480 2137 4538 commuuione
2167 4479 2446 4535 bominum
2479 4476 2810 4533 contundere
2836 4473 3095 4530 debemus

1523 4574 1881 4631 differentiam
1917 4581 2150 4627 naturae.
2201 4568 2316 4626 Hoc
2368 4568 2549 4625 lumen
2595 4583 2692 4639 per
2714 4567 2861 4622 illum
2910 4565 3093 4622 lumen

1520 4674 1626 4722 est.
1642 4664 1758 4720 Non
1777 4678 1907 4735 ergo
1934 4675 2311 4734 comparemus
2339 4659 2595 4717 insimilia
2618 4667 2711 4713 aut
2734 4657 2930 4714 similia
2952 4656 3090 4727 (78).

1524 4756 1708 4829 Neque
1731 4755 1909 4814 fontes
1930 4762 1985 4809 et
2015 4762 2225 4809 meatus
2250 4751 2477 4810 fontium
2498 4792 2515 4819 ,
2544 4760 2599 4807 et
2636 4751 2783 4807 rivos
2796 4759 2856 4806 et
2877 4746 3091 4815 fluvios,

1522 4848 1649 4920 quia
1676 4864 1782 4905 non
1805 4846 1992 4907 defluit
2010 4845 2202 4912 Pater,
2231 4847 2329 4902 sed
2357 4854 2541 4901 manet
2577 4852 2638 4899 ut
2665 4850 2808 4899 erat.
2838 4839 2959 4912 lpse
3003 4848 3094 4895 est

1525 4942 1671 4998 enim
1702 4942 1794 5012 qui
1823 4950 1926 4997 est.
1949 4937 2136 5010 Neque
2160 4937 2438 5009 passiones
2470 4945 2684 5009 oportet
2728 4933 2947 5004 adjungi
2986 4932 3092 4989 im-

1526 5030 1765 5103 passibili
1788 5028 1939 5086 Patri
1965 5048 1980 5086 :
2008 5029 2135 5100 quia
2156 5043 2267 5085 uon
2293 5025 2583 5092 dividitur,
2616 5037 2724 5081 nou
2776 5020 3044 5079 scinditur
3071 5056 3090 5085 ,

1526 5138 1634 5180 non
1666 5132 1949 5194 separatur
1967 5161 1986 5189 ,
2012 5121 2109 5177 sed
2137 5129 2323 5177 manet
2344 5126 2403 5175 et
2441 5125 2687 5189 generat.
2725 5113 2961 5170 Generat
2990 5126 3089 5165 au-

1527 5228 1636 5274 tem
1662 5224 1723 5273 ut
1749 5216 1924 5287 ipsum
1958 5215 2116 5271 decet
2147 5225 2307 5269 nosse
2324 5250 2342 5278 ‚
2374 5218 2432 5267 et
2460 5223 2561 5265 nos
2584 5207 2834 5264 adorare.
2862 5201 2982 5259 Noli
3008 5202 3092 5256 di-

1525 5321 1651 5365 cere
1677 5307 2129 5378 quemadmodum
2156 5344 2173 5371 ,
2203 5316 2379 5375 neque
2427 5315 2639 5373 quaeras
2682 5296 3087 5369 generationem

1524 5400 1672 5457 illam
1705 5415 1872 5472 quam
1902 5398 2079 5455 nullus
2099 5404 2349 5464 enarrat,
2385 5393 2564 5451 nullus
2593 5391 2730 5458 scit,
2770 5386 2946 5443 nuilus
2983 5398 3086 5439 no-

323 5532 442 5595 ‚55.
516 5530 562 5562 ⁸¹
592 5528 780 5584 Mattb.
823 5540 1030 5587 xxvnr,
1065 5520 1155 5575 20.
1231 5518 1277 5551 ⁸⁸
1326 5514 1512 5574 Matth.
1546 5531 1642 5581 ιιι,
1702 5518 1790 5573 Π.
1883 5516 1929 5550 “
1979 5514 2137 5571 Joan.
2189 5527 2318 5579 xvi,
2373 5509 2427 5564 7.
2517 5508 2564 5541 ⁸⁸
2609 5504 2800 5561 Mattb.
2858 5516 2958 5569 ιιι,
2995 5495 3086 5554 Π.

330 5603 382 5659 5.
459 5601 502 5633 ”
543 5598 700 5656 toan.
725 5613 780 5664 1,
813 5597 905 5651 53.
977 5593 1024 5626 ⁸⁸
1063 5591 1195 5646 Luc.
1226 5587 1416 5655 mss.
1491 5586 1539 5620 ⁸⁸
1574 5585 1733 5663 Joap.
1762 5602 1816 5654 1,
1852 5586 1909 5641 5.

327 5701 364 5754 it
396 5700 519 5753 bene
545 5696 651 5766 ipse
672 5710 886 5749 manens
916 5693 970 5746 in
1008 5706 1108 5762 quo
1133 5696 1267 5744 erat.

323 5812 331 5827 .
361 5786 423 5839 ιι,
456 5769 553 5826 sub
578 5766 696 5823 init.

1591 5676 1706 5757 (78)
1728 5682 2014 5740 Insimt‘lia.
2039 5678 2294 5751 ’Δνόμοια
2315 5676 2453 5735 infra
2477 5674 2571 5731 lib.
2599 5687 2660 5739 ιι,
2690 5677 2810 5742 post
2833 5666 2978 5723 mod.
