3692 6134
871 289 1380 362 'ebriufflrama
1420 293 1488 350 ιΝ
1520 289 1776 350 issum.
1814 321 1862 333 -
1917 286 2067 343 car.
2103 282 2238 344 vnt.

3156 288 3253 345 us

319 422 495 485 ατικὺς
533 420 688 486 νεὼς,
711 418 826 475 ἀλλ’
859 418 1021 483 αὐτὸς
1051 418 1081 470 ὁ
1112 413 1317 486 Κύριος
1348 410 1588 481 ἁγιάζων
1617 415 1664 468 A
1691 403 1984 476 templum;
2039 416 2226 456 verum
2274 400 2389 471 ipse
2433 398 2715 468 Dominus,
2758 403 2858 473 qui.
2898 412 2950 459 te
3004 415 3254 462 sanctum

323 512 525 578 ποιθὼς
557 510 624 586 ᾗς
646 514 733 567 ἐπ’
763 511 942 567 αὐτόν.
984 509 1078 563 Διὸ
1123 505 1289 579 μηδὲν
1321 500 1586 574 φοὸούμε-

319 604 375 659 ὸν
395 603 602 669 τοῦτον,
629 602 897 675 ἀναχώρει
920 598 1089 655 αὐτοῦ
1108 615 1122 630 ·
1160 597 1378 649 πίστευε
1408 592 1466 647 δὲ
1495 596 1588 648 καὶ

346 694 424 767 σῷ
446 693 595 766 φόὸῳ
612 710 628 725 ·
664 693 806 761 ἕξεις
824 691 933 763 γὰρ
950 690 1112 745 αὐτὸν
1139 686 1404 757 ἁγίασμα.
1437 701 1456 733 ι
1475 682 1587 736 Καὶ

319 790 399 846 λου
424 790 810 861 προσκόμματι
846 781 1240 857 συναντήσεσθε
1271 777 1439 850 αὐτῷ,
1465 774 1587 829 οὐδὲ

319 901 323 912 ·
345 882 655 955 πτώματος.
682 901 713 949 ι,
743 880 901 953 Ὁρᾷς
924 880 1073 942 ὅπως
1090 874 1251 931 αὑτὸν
1267 872 1358 928 τὸν
1383 869 1587 943 Κύριον

319 976 611 1047 τκόμματος
639 974 731 1028 καὶ
758 973 960 1046 πέτραν
988 968 1283 1025 σκανδάλου
1305 963 1587 1037 όνομάζει;

318 1084 378 1121 ον
411 1067 512 1140 μὲν
538 1065 755 1120 ἔσεσθαι
786 1064 946 1119 αύτόν
980 1079 1112 1134 φησι
1131 1063 1240 1126 τοῖς
1261 1057 1592 1129 καθημένοις

320 1157 491 1230 ἀλὴμ,
529 1158 623 1212 καὶ
679 1159 793 1220 τοῖς
811 1155 962 1211 δυσὶν
997 1155 1166 1219 οἴκοις
1197 1151 1413 1225 Ἰσραήλ
1431 1168 1445 1182 ·
1479 1152 1592 1214 τοῖς

319 1251 369 1304 δν
394 1248 810 1305 πεπιστευκόσιν
831 1247 1078 1319 ἁγίασμα
1103 1244 1320 1299 ἔσεσθαι
1334 1241 1588 1297 διδάσκει.

319 1341 493 1410 γένετο
513 1339 660 1405 λίθος
681 1338 1101 1412 προσκόμματος
1122 1335 1217 1390 καὶ
1239 1333 1417 1406 πέτρα
1438 1349 1593 1387 σκαν-

341 1431 650 1506 είρημένοις
691 1429 1073 1502 Ἐμμανουὴλς
1101 1426 1189 1482 διὰ
1220 1425 1318 1498 τῆς
1349 1426 1413 1479 ὲκ
1444 1424 1592 1496 Παρ-

319 1539 471 1589 σεως.
504 1523 662 1578 Ὅθεν
706 1523 800 1576 καὶ
828 1523 858 1577 ό
888 1521 1029 1585 θεῖος
1061 1517 1381 1582 ’Δπόστολος
1421 1515 1592 1571 ταῦτα

319 1615 512 1685 ίλεγεν,
548 1633 568 1667 ι
590 1613 860 1678 Ἰουδαίοις
891 1613 987 1685 μὲν
1016 1611 1330 1674 σκάνδαλον,
1368 1609 1592 1680 Ἕλλησι

330 1697 358 1759 ἰ
416 1708 479 1759 Oi
509 1704 687 1759 τοίνυν
729 1703 1079 1768 ἀπειθοῦντες
1107 1706 1174 1776 τῇ
1208 1702 1406 1774 ἰσχυρᾷ
1448 1699 1594 1771 χειρὶ

1690 494 1870 559 efficit,
1935 492 1978 549 si
2031 500 2210 547 tamen
2252 491 2327 546 illi
2357 490 2619 548 confidas.
2677 491 2802 549 ldeo
2846 492 2951 551 hoc
2999 496 3255 566 templum

1691 587 1827 643 nibil
1871 583 2283 658 pertimescens,
2323 582 2551 640 abscede
2584 585 2651 640 ab
2697 584 2837 642 illo:
2882 587 3075 655 crede,
3124 588 3257 643 etin

1692 679 1888 733 timore
1919 686 2011 733 tuo
2043 676 2255 732 conllde
2300 692 2315 730 ι
2358 675 2533 746 ipsum
2577 675 2776 746 quippe
2812 674 2867 731 in
2899 676 3258 731 sanctificium

1692 768 1939 826 habebis.
1981 785 2003 823 ι
2037 765 2226 837 Neque
2250 766 2318 822 ad
2345 782 2469 822 eum
2500 766 2656 838 quasi
2686 767 2751 822 ad
2782 776 2989 837 petram
3021 767 3257 823 scandali

1692 861 1993 929 accedetis,
2047 877 2222 936 neque
2243 860 2397 932 quasi
2421 861 2489 916 ad
2533 870 2741 931 petram
2767 860 2954 943 ruinae,
2993 879 3013 913 ι
3049 857 3257 925 Viden',

1693 958 1962 1027 quomodo
1990 959 2163 1027 ipsum
2197 955 2482 1012 Dominum
2519 953 2750 1023 lapidem
2799 953 3038 1010 scandali
3080 962 3135 1006 et
3163 966 3258 1021 pe-

1697 1059 1836 1106 tram
1864 1048 2106 1105 scandali
2150 1047 2463 1117 nuncupet?
2506 1046 2670 1117 Atqui
2722 1045 2877 1102 illum
2918 1045 3081 1101 talem
3116 1045 3261 1100 l'utu-

1696 1158 1815 1198 rum
1843 1142 2169 1212 praenuntiat
2200 1140 2412 1221 iis,‘qui
2447 1140 2500 1195 in
2528 1137 2851 1207 Jerusalem,
2894 1148 2949 1194 et
2974 1140 3026 1193 in
3057 1138 3264 1194 duabus

1698 1219 1913 1290 israelis
1950 1233 2203 1290 domibus
2256 1233 2587 1299 considunt;
2634 1239 2690 1285 at
2737 1241 2931 1288 contra
2966 1232 3020 1286 in
3064 1246 3123 1287 se
3152 1245 3268 1287 crc-

1697 1328 1950 1384 dentibus
1982 1325 2339 1382 sanctificium
2390 1323 2504 1380 l'ore
2550 1324 2727 1380 docet.
2774 1321 3057 1391 Quomodo
3100 1324 3266 1394 igitur

1697 1403 2017 1473 Emmanuel
2043 1415 2134 1471 ille
2162 1414 2481 1470 memoratis
2522 1412 2841 1470 bominibus
2872 1413 3051 1469 sactus
3076 1424 3160 1470 est
3193 1416 3270 1469 la·

1698 1511 1779 1580 pis
1801 1507 2045 1566 scandali
2072 1518 2128 1564 et
2148 1519 2302 1580 petra
2336 1505 2622 1562 scandali?
2645 1522 2743 1576 per
2770 1506 3008 1578 Virginis
3032 1519 3265 1577 partum.

1698 1601 1881 1670 Quare
1915 1600 2131 1657 divinus
2155 1598 2447 1672 Apostolus
2484 1598 2603 1654 baec
2635 1598 2841 1657 docens
2875 1599 3076 1666 aiebat,
3130 1617 3149 1651 ι
3178 1598 3273 1653 Ju-

1701 1696 1831 1751 daeis
1885 1695 2108 1766 quidem
2154 1693 2495 1760 scandalum,
2556 1693 2812 1763 gentibus
2858 1704 3039 1749 autem
3092 1694 3274 1750 stulti-

319 1815 411 1870 χον
441 1797 602 1854 αὐτὸν
637 1795 784 1852 λίθον
815 1797 1239 1871 προσκόμματος
1268 1793 1363 1849 καὶ
1392 1792 1598 1863 πέτραν
1630 1779 1672 1832 Β
1705 1786 1776 1841 tia
1812 1786 1881 1840 ⁸⁸.
1913 1804 1933 1838 ι
1975 1785 2076 1853 Qui
2120 1801 2248 1856 ergo
2278 1786 2407 1843 forti
2457 1787 2641 1843 manui
2683 1786 2895 1842 Domini
2938 1786 3270 1859 immorigeri

339 1893 414 1966 μὴ
448 1892 577 1947 ὅντα
605 1894 672 1965 τῇ
721 1890 879 1962 φύσει
910 1889 1148 1945 τοιοῦτον
1169 1905 1184 1919 ·
1215 1889 1329 1950 τοῖς
1355 1886 1465 1956 γὰρ
1509 1900 1601 1935 πι-

334 1986 414 2049 είς
444 1983 605 2038 αὐτὸν
628 1981 874 2054 ἁγίασμα
903 1981 1185 2051 τυγχάνει.
1228 1978 1389 2040 Τίνες
1412 1974 1504 2042 δέ;
1539 1978 1601 2027 01

319 2090 397 2141 εν,
439 2071 654 2137 Ἰακὼδ,
679 2071 776 2127 καὶ
800 2071 923 2141 οὐχὶΙ
953 2071 983 2123 ό
1009 2066 1175 2131 οἶκος.
1209 2064 1314 2119 Δύο
1330 2065 1436 2138 γὰρ
1465 2060 1603 2136 ἦσαν

319 2165 440 2238 αὴλ,
486 2160 567 2229 εἷς
598 2163 695 2235 μὲν
723 2164 753 2218 ό
788 2160 897 2216 τῶν
926 2161 985 2215 ὲν
1009 2161 1191 2224 αὐτοῖς
1223 2156 1516 2231 ἀρχόντων,
1549 2154 1606 2207 ἒ-

319 2260 339 2313 5
371 2258 480 2311 τῶν
513 2256 851 2330 ἀρχομένων.
877 2254 1099 2317 Τούτοις
1129 2252 1186 2305 δὲ
1208 2254 1321 2315 τοῖς
1353 2249 1502 2304 δυσὶν
1527 2247 1605 2302 οἴ-

319 2349 392 2423 ιδὴ
415 2348 624 2422 ἀθρόως
646 2347 723 2419 τῷ
743 2347 849 2418 ὅλῳ
876 2346 1019 2400 ἔθνει
1044 2343 1269 2417 ἄρχουσί
1299 2351 1359 2396 τε
1392 2341 1486 2397 καὶ
1513 2341 1606 2420 ἀρ-

349 2442 437 2496 τὸν
490 2441 691 2513 Κύριον
721 2444 802 2506 είς
846 2438 1050 2509 παγίδα
1083 2437 1178 2493 καὶ
1203 2438 1283 2501 είς
1313 2433 1602 2489 σκάνδαλον

319 2551 458 2606 ησιν.

319 2719 524 2792 ρανεροὶ
550 2717 762 2772 ἔσονται
787 2718 838 2770 ol
868 2715 1289 2789 σφραγιζόμενοι
1324 2715 1416 2769 τὸν
1438 2715 1602 2786 νόμον

319 2810 475 2867 ιθεῖν.
505 2831 524 2864 ο
555 2812 618 2865 Οἱ
639 2810 748 2882 γὰρ
782 2810 844 2863 τὸ
869 2808 1198 2879 Εύαγγέλιον
1226 2807 1604 2880 παραδεξάμε-

319 2902 376 2974 nv
403 2900 771 2972 δεδιδαγμένοι
793 2899 932 2953 κατὰ
964 2899 1061 2970 τὴν
1086 2900 1278 2970 καινὴν
1309 2899 1606 2972 Διαθήκην,

323 2992 514 3065 ραγῐδα
537 2992 817 3056 ἐπιθέντες
835 2991 914 3067 τῷ
930 2993 1110 3065 νόμῳ,
1138 2990 1482 3046 ἀποτίθενται
1511 2992 1609 3046 αύ-

320 3084 470 3138 ύκέτι
495 3083 625 3138 ὄντα
650 3085 916 3155 χρήσιμον
947 3082 1034 3137 διὰ
1056 3082 1153 3156 τὴν
1181 3082 1275 3137 τοῦ
1303 3083 1608 3154 κρείττονος

319 3192 367 3228 e·
396 3178 446 3230 οί
473 3176 646 3241 αὐτοὶ,
675 3174 917 3246 δηλονότι
938 3176 985 3228 οἱ
1009 3174 1070 3228 τὸ
1097 3158 1425 3244 Εὐαγγέλιον
1440 3190 1614 3247 παρα·

321 3306 335 3331 ,
363 3267 463 3339 τὴν
502 3266 591 3321 διὰ
638 3266 875 3339 Χριστοῦ
924 3266 1308 3337 περιμένοντες
1354 3257 1532 3340 χᾶριν,
1561 3270 1614 3321 ὲ-

319 3473 324 3496 ·
348 3448 551 3521 Κύριον
568 3450 658 3505 τὸν
683 3449 1098 3523 ἀποστρέψαντα
1126 3450 1187 3504 τὸ
1207 3450 1498 3523 πρόσωπον
1527 3452 1617 3506 αύ-

329 3540 426 3595 τοῦ
454 3539 604 3596 οἴκου
642 3540 859 3613 Ἰακὼδ,
888 3544 981 3597 καὶ
1010 3540 1284 3607 πεποιθὼς
1310 3541 1502 3614 ἔσομαι
1529 3544 1615 3597 ἐπ’

325 3720 436 3791 ἐγὼ
461 3723 555 3777 καὶ
596 3723 664 3778 τὰ
693 3724 899 3787 παιδία,
931 3725 967 3780 ἃ
999 3743 1090 3797 μοι,
1112 3725 1311 3779 ἔδωκεν
1349 3728 1379 3780 ό
1415 3727 1564 3792 θεός.
1590 3746 1610 3780 ι

319 3808 369 3867 iv
408 3814 674 3868 Ἰουδαϊκὰ
702 3815 886 3869 παιδία
921 3815 1206 3887 σωματικὰ
1226 3814 1286 3881 ἐξ
1310 3816 1500 3888 ἀνδρὸς
1524 3817 1618 3870 καὶ

320 3919 336 3936 ·
358 3903 427 3958 τὰ
453 3902 509 3957 δὲ
532 3904 669 3958 αὐτὰ
714 3903 806 3958 τοῦ
837 3904 1007 3965 ταῦτα
1047 3905 1473 3977 χρηματίζοντος
1509 3907 1619 3959 Κυ-

319 4012 342 4048 ut
363 3993 422 4061 ἐξ
449 3996 678 4066 αἵματος
696 3996 815 4050 οὐδὲ
844 3999 907 4051 ὲκ
929 3995 1227 4067 θελήματος
1252 3998 1470 4070 σαρκὸς,
1504 3998 1618 4053 ἀλλ’

319 4086 685 4159 εγεννήθησαν,
713 4107 731 4139 ι
761 4087 854 4141 τοῦ
878 4089 1092 4162 Πατρδς
1123 4090 1345 4144 τοιαῦτα
1369 4089 1514 4161 αὐτῷ
1534 4090 1618 4145 δε·

319 4197 359 4230 »u
385 4177 549 4232 τέκνα
567 4195 580 4209 ·
616 4179 810 4251 μηκέτι
829 4179 906 4250 τῷ
924 4179 1010 4234 διὰ
1039 4181 1313 4246 Μωῦσέως
1333 4182 1622 4255 προσέχον-

357 4268 470 4323 ἀλλ’
496 4269 670 4323 εἰδότα
701 4270 1012 4344 περιμένειν
1045 4272 1134 4328 τὸν
1166 4273 1366 4345 Κύριον
1396 4274 1489 4328 καὶ
1543 4276 1623 4339 εἰς

319 4360 575 4416 ποιθέναι.
613 4383 631 4415 ι
650 4364 760 4417 Καὶ
787 4362 935 4417 ἔσται
963 4365 1041 4430 εἰς
1073 4369 1270 4437 σημεῖα
1299 4368 1393 4421 καὶ
1422 4368 1622 4441 τέρατα

1708 1876 1948 1944 suerunt,
1982 1877 2133 1930 illum
2165 1877 2218 1933 in
2244 1876 2472 1948 lapidem
2502 1878 2746 1934 scandali
2773 1886 2829 1934 et
2860 1887 3067 1948 petram
3103 1879 3274 1934 ruinae

1708 1968 2038 2032 habuerunt,
2089 1982 2213 2022 cum
2262 1979 2457 2029 natura
2499 1969 2627 2025 talis
2678 1970 2905 2025 minime
2932 1981 3114 2026 esset:
3149 1986 3274 2025 nam

1709 2057 1763 2111 in
1812 2071 1875 2113 se
1919 2056 2269 2113 credentibus
2312 2057 2677 2114 sanctificium
2713 2066 2816 2113 est.
2859 2059 3089 2124 Quinam
3148 2075 3277 2115 vero

1711 2147 2074 2212 illi?Domus,
2120 2148 2321 2219 inquit,
2370 2148 2475 2204 illae
2502 2146 2702 2214 Jacob,
2756 2163 2864 2203 non
2916 2147 3109 2203 domus
3165 2149 3275 2204 illa.

1711 2242 1838 2293 Duae
1869 2238 2071 2312 quippe
2100 2241 2293 2295 doinus
2322 2238 2543 2295 Israelis
2589 2247 2780 2307 erant;
2817 2239 2919 2295 alia
2954 2239 3279 2312 principum,

1708 2330 2049 2386 subditorum
2077 2328 2206 2385 alia.
2257 2330 2475 2387 Duabus
2517 2345 2683 2401 porro
2718 2330 2869 2387 bisce
2910 2331 3184 2399 domibus,
3228 2333 3281 2387 id

1708 2432 1814 2487 est,
1844 2421 2115 2477 universae
2148 2423 2311 2477 simul
2338 2423 2506 2493 genti,
2546 2432 2651 2478 tam
2692 2423 3065 2493 principibuS,
3115 2439 3279 2494 quam

1706 2512 1965 2578 subditis,
1992 2512 2280 2569 Dominum
2306 2514 2359 2570 in
2385 2515 2635 2585 laqueum
2664 2526 2718 2570 et
2742 2515 2794 2570 in
2823 2515 3141 2570 scandalum
3165 2515 3279 2571 iore

1708 2605 2004 2675 significat.

1783 2715 1948 2775 Vsus.
1988 2717 2076 2774 ¹6.
2125 2718 2316 2775 «Tunc
2355 2719 2625 2776 manifesti
2660 2729 2820 2775 erunt
2869 2721 2961 2791 qui
2995 2721 3281 2793 obsignant

1711 2807 1912 2877 legem,
1941 2823 2008 2863 ne
2046 2808 2276 2866 discant.
2302 2827 2322 2861 ι
2378 2807 2514 2864 Nam
2554 2810 2645 2879 qui
2692 2808 3048 2879 Evangelium
3096 2825 3283 2866 snsce-

1713 2905 1931 2968 perunt‚
1961 2906 2015 2953 et
2039 2897 2130 2968 qui
2177 2899 2474 2954 secundum
2513 2897 2720 2953 Novum
2756 2898 3161 2955 Testamentum
3199 2901 3282 2954 vi·

1715 3003 1844 3045 vere
1877 2988 2220 3053 didicerunt,
2266 2990 2421 3060 quasi
2476 2989 2714 3061 sigillum
2763 2991 3101 3060 imponentes
3154 2989 3306 3058 legi„

1719 3081 1894 3150 ipsam
1936 3082 2235 3152 deponunt,
2258 3083 2383 3152 quia
2423 3082 2496 3138 ob
2527 3082 2808 3138 meliorem
2843 3083 3133 3146 invectam,
3174 3097 3312 3136 non.

1716 3173 1953 3241 amplius
2006 3172 2155 3229 utilis
2192 3183 2276 3230 est
2328 3173 2544 3229 :iidem
2592 3174 2717 3244 ipsi,
2767 3173 3021 3230 videlicet
3079 3174 3140 3236 ii,
3192 3173 3313 3243 qui-

1721 3261 2071 3330 Evangelium
2125 3272 2521 3335 susceperunt,
2571 3265 2801 3335 gratiam
2850 3279 2948 3334 per
3006 3263 3308 3321 Christum.

1718 3352 1997 3410 serendam
2024 3363 2402 3424 exspectantes
2430 3356 2642 3413 dicent:

1791 3444 1958 3504 Vens.
1998 3446 2090 3502 ¹¹1.
2153 3467 2171 3501 ι
2199 3445 2542 3517 Exspectabo
2568 3448 2896 3516 Dominum,
2940 3451 3032 3521 qui
3087 3451 3304 3507 avertit,

1720 3536 1917 3593 faciem
1945 3552 2103 3594 suam
2138 3555 2168 3594 a
2194 3540 2354 3595 domo
2377 3539 2566 3608 Jacob,
2598 3551 2658 3598 et
2685 3541 2951 3598 confidam
2977 3544 3029 3597 in
3054 3557 3141 3598 eo.
3168 3564 3188 3595 ι

1789 3722 1953 3778 Vens.
1998 3722 2087 3778 18.
2134 3742 2153 3774 ι
2181 3721 2323 3779 Ecce
2372 3739 2474 3794 ego
2497 3735 2551 3781 et
2594 3724 2744 3795 pueri
2791 3724 2923 3792 mei,
2959 3739 3100 3794 quos
3139 3725 3287 3780 dedit

1719 3817 1848 3872 mibi
1900 3816 2067 3871 Deus.
2097 3831 2116 3868 ι
2167 3814 2375 3871 ludaici
2409 3817 2627 3887 quidem
2663 3815 2819 3886 pueri
2850 3816 3099 3885 corporei
3132 3826 3281 3883 sunt,

1718 3922 1789 3965 ex
1816 3908 1934 3962 viro
1956 3917 2012 3962 et
2034 3907 2263 3962 muliere
2284 3922 2301 3974 ς
2325 3909 2477 3978 pueri
2513 3922 2645 3964 vero
2669 3906 2881 3962 Domini
2902 3908 2994 3978 qui
3020 3910 3134 3964 baec
3160 3924 3286 3963 ora-

1721 4000 1838 4055 cula
1868 4000 2066 4066 fundit,
2096 4014 2247 4055 cnon
2288 4015 2355 4056 ex
2389 4002 2766 4070 sanguinibus,
2800 4014 2976 4071 neque
3004 4018 3069 4057 ex
3094 4003 3286 4056 volun-

1723 4102 1832 4146 tate
1860 4092 2064 4159 carnia,
2103 4091 2199 4149 sed
2244 4106 2320 4151 ex
2357 4091 2466 4147 Deo
2514 4092 2626 4148 nati
2666 4101 2793 4149 sunt
2822 4094 2870 4124 ⁸⁸
2899 4109 2913 4145 ι
2943 4112 2962 4146 i
2997 4092 3158 4148 Patre
3184 4092 3286 4161 ipsi

1723 4183 1860 4240 tales
1891 4187 2054 4243 dante
2076 4184 2237 4251 filios,
2264 4184 2357 4256 qui
2383 4200 2489 4241 non
2519 4186 2662 4241 ultra
2702 4186 2899 4256 Moysis
2947 4186 3053 4255 legi
3105 4194 3286 4239 atten-

1724 4277 1877 4344 dant,
1925 4275 2022 4332 sed
2070 4276 2251 4333 sciant
2292 4285 2616 4348 exspectare
2659 4275 2945 4331 Dominum
2985 4286 3042 4330 et
3072 4277 3125 4330 in
3170 4278 3289 4345 ipso

1722 4368 2022 4425 confidere.
2086 4386 2106 4420 ι
2132 4368 2200 4423 Ει
2234 4376 2396 4423 erunt
2438 4367 2493 4421 in
2528 4366 2681 4436 signa
2729 4376 2785 4422 et
2830 4367 3072 4437 prodigia
3121 4368 3289 4422 multa

333 4451 564 4524 rspot'xep
602 4454 815 4526 Ἰσραὴλ
849 4454 997 4527 παρὰ
1040 4457 1245 4530 Κυρίου
1273 4457 1519 4523 Σαδαὼθ,
1564 4458 1622 4522 δς
1656 4472 1699 4530 1)
1730 4461 1784 4515 in
1812 4460 1975 4515 domo
2000 4457 2170 4515 lsrael
2216 4474 2247 4514 a
2294 4458 2522 4513 Domino
2564 4456 2823 4523 Sabaoth,
2869 4459 2960 4528 qui
2988 4458 3194 4514 habitat
3235 4462 3289 4513 in

328 4544 386 4599 ὲν
410 4545 488 4616 τῷ
511 4545 626 4617 δρει
654 4545 810 4600 Σιών.
838 4566 857 4599 ο
895 4548 965 4601 Ἦ
998 4549 1092 4602 καὶ
1127 4548 1320 4613 ἄλλως,
1359 4549 1431 4603 Ού
1465 4550 1623 4621 μόνον

318 4636 550 4703 ιταῦτα,
577 4638 729 4709 φησι,
759 4641 822 4692 ὲκ
845 4637 979 4692 Θεοῦ
1008 4657 1098 4712 μοι
1129 4639 1445 4711 παραδόξως
1482 4640 1625 4699 δέδο-

319 4729 448 4783 ικαὶ
475 4729 607 4785 ἄλλα
640 4730 860 4784 πλεῖστα
889 4734 1088 4803 σημεῖα
1126 4731 1219 4786 καὶ
1247 4732 1447 4803 τέρατα
1468 4734 1625 4805 γενή-

351 4819 430 4891 τῷ
456 4820 592 4891 οἴκῳ
640 4821 853 4892 Ἰσραὴλ
896 4822 1036 4877 κατὰ
1061 4826 1188 4888 τοὺς
1217 4824 1623 4896 προφητευομέ-

319 4928 443 4975 νους.

323 4999 419 5054 ἐὰν
446 5002 637 5055 εἴπωσι
668 5002 803 5075 πρὸς
831 5004 995 5075 ὑμᾶς,
1027 5005 1311 5075 Φωνήσατε
1363 5003 1487 5067 τοὺς
1518 4969 1665 5057 affl*

319 5092 642 5163 φωνοῦντας,
688 5095 781 5148 καὶ
807 5096 932 5159 τοὺς
972 5095 1436 5167 ἐγγαστριμύθους
1481 5095 1531 5150 οἶ
1561 5098 1625 5151 ὲκ

319 5183 394 5247 ἷας
422 5185 676 5254 φωνοῦσι,
718 5185 817 5239 οὐκ
842 5185 991 5249 ἔθνος
1019 5185 1153 5257 πρὸς
1188 5185 1321 5241 Θεὸν
1346 5186 1512 5242 αὑτοῦ
1531 5189 1626 5242 ὲκ·-

319 5291 354 5327 ιι
382 5276 510 5348 περὶ
534 5275 641 5328 τῶν
673 5275 885 5340 ζώντων
913 5276 1037 5341 τοὺς
1056 5267 1279 5349 νεκρούς
1297 5294 1311 5308 ·
1341 5278 1502 5351 νόμον
1519 5278 1627 5351 γὰρ

326 5382 410 5417 ιαν
442 5364 659 5432 ἔδωκεν,
687 5366 772 5419 ῑνα
812 5366 1056 5432 εἴπωσιν,
1083 5368 1195 5439 ῦύχ
1225 5368 1300 5431 ὡς
1322 5367 1474 5441 ῥῆμα
1503 5367 1626 5423 τοῦ-

331 5449 394 5510 οὸ
420 5457 522 5511 οὐκ
549 5457 662 5511 ἔστι
685 5458 832 5530 δῶρα
853 5458 1032 5514 δοῦναι
1066 5460 1193 5532 περὶ
1221 5460 1406 5517 αὐτοῦ.
1432 5481 1451 5514 ι
1484 5462 1628 5534 Προ-

319 5565 343 5601 ν
371 5549 401 5602 δ
427 5547 585 5618 λόγος
613 5550 680 5604 τὰ
705 5551 832 5621 περὶ
871 5549 979 5605 τῶν
1005 5553 1227 5609 παιδίων
1256 5553 1347 5608 τοῦ
1373 5555 1416 5609 Χ
1426 5535 1633 5627 ριστοῦ,

319 5727 508 5792 „ist-3-
582 5726 816 5784 ss-Joan.
856 5745 893 5795 ι,
925 5730 1011 5788 ¹3.

1728 4559 1913 4605 monte
1941 4546 2092 4607 Sion.
2124 4570 2141 4599 ι
2187 4549 2315 4604 Sive
2342 4548 2448 4605 alio
2473 4548 2655 4612 modo,
2681 4563 2785 4603 non
2817 4548 2868 4603 hi
2900 4556 3104 4605 tantum
3136 4552 3291 4621 pueri

1727 4657 1757 4696 a
1789 4643 1899 4697 Deo
1934 4640 2065 4697 milri
2105 4641 2432 4697 mirabiliter
2473 4641 2581 4696 dati
2624 4650 2783 4707 sunt,
2833 4642 2928 4696 sed
2974 4642 3139 4696 etiam
3182 4642 3292 4696 alia

1727 4738 1959 4806 plurima
1982 4738 2135 4809 signa
2167 4746 2220 4791 et
2254 4737 2501 4808 prodigia
2544 4739 2672 4791 lient
2709 4739 2761 4791 in
2800 4739 2958 4793 domo
2980 4736 3145 4794 lsrael
3182 4752 3292 4806 quo

1734 4840 1979 4902 tempore
2006 4830 2059 4885 iu
2090 4830 2373 4901 prophetia
2407 4830 2723 4884 enuntiatur

1799 5011 1969 5069 Vns.
2002 5012 2092 5081 ¹9,
2131 5012 2223 5068 20.
2272 5031 2290 5065 ι
2321 5012 2385 5067 Et
2416 5027 2536 5067 cum
2566 5014 2803 5068 dixerint
2834 5015 2900 5069 ad
2927 5030 3022 5070 vos
3053 5034 3065 5069 :
3097 5014 3293 5069 vocate

1731 5119 1846 5173 eos,
1873 5105 1968 5177 qui
1998 5119 2065 5160 ex
2109 5116 2256 5161 terra
2295 5106 2689 5173 vociferantur,
2743 5117 2797 5163 et
2837 5108 3297 5177 engastrimytlios

1734 5196 1823 5264 qni
1870 5210 1940 5250 ex
1978 5203 2169 5252 ventre
2207 5195 2501 5265 loquuntur
2534 5212 2683 5254 :non
2735 5198 2966 5269 populus
3006 5200 3072 5253 ad
3123 5198 3294 5252 Deum

1732 5303 1889 5343 suum
1924 5287 2217 5357 exquirent
2248 5289 2315 5342 de
2349 5288 2487 5343 vivis
2525 5304 2554 5342 a
2600 5290 2829 5345 mortuis
2857 5309 2872 5344 ι
2897 5288 3068 5359 legem
3099 5291 3295 5360 quippe

1735 5376 1790 5430 in
1842 5375 2104 5432 auxilium
2144 5376 2313 5442 dedit,
2350 5387 2410 5431 ut
2448 5376 2666 5442 dicant,
2704 5377 2817 5432 Non
2862 5378 3006 5433 sicut
3045 5379 3145 5433 boc
3175 5394 3299 5434 ven-

1672 5528 1676 5532 ,
1734 5467 1892 5534 bum,
1951 5466 2020 5523 de
2074 5481 2182 5538 quo
2244 5484 2353 5524 non
2403 5468 2532 5524 licet
2574 5469 2713 5524 dona
2753 5469 2952 5525 dare.»
3003 5467 3300 5540 Postquam

1734 5556 1900 5629 igitur
1940 5557 2006 5615 de
2051 5557 2234 5635 pueris
2262 5558 2468 5620 Christi
2500 5558 2711 5616 locutus
2754 5558 2964 5628 tuerat,
3007 5573 3200 5631 nempe
3230 5560 3316 5623 da:
