3692 6134
130 296 237 348 ⁷13

1252 286 1531 342 CONTRA
1562 283 1992 342 uARcELLuu
2031 283 2158 344 ΗΒ.
2198 286 2242 342 1.

3266 288 3373 350 714

131 412 349 482 μένοις·
379 408 698 466 καὶτούτων
725 406 973 472 ἐκείνοις,
1018 398 1092 461 ὧν
1116 405 1350 478 μάλιστα
1387 405 1453 459 δι’
1498 404 1698 478 ἀρετὴν
1724 407 1774 467 Δ
1803 406 1903 462 bus
1932 406 2097 462 setam
2139 404 2442 472 venenatis,
2480 418 2682 476 susque
2714 405 2888 476 deque
2944 404 3155 476 babuit,
3199 423 3264 467 ac
3315 412 3369 466 in

131 500 467 564 θεοσεθείας,
492 498 666 568 λόγων
695 514 755 553 τε
784 495 944 552 θείων
966 496 1275 568 ἀσκήσεως,
1305 497 1338 566 ἠ
1381 496 1537 567 φήμη
1576 493 1697 548 καθ’

127 592 278 663 ὅλης,
303 590 379 655 ὡς
410 592 607 654 εἰπεῖν,
633 588 814 662 ᾅδεται
860 587 960 660 τῆς
1005 587 1343 660 οἰκουμένης.
1373 585 1589 641 Τούτων
1642 584 1700 640 δέ

130 681 311 736 αὐτῶν
353 681 452 751 οὐχ
501 678 647 747 ἅπαξ
686 677 929 750 ἐμνήσθη
979 677 1183 742 κακῶς,
1219 674 1477 739 πολλάκις
1514 674 1571 729 δὲ
1604 674 1701 729 καὶ

129 771 421 843 διαφόρως,
449 770 548 834 τὰς
573 771 693 824 κατ’
731 768 908 825 αὐτῶν
934 767 1182 833 διαθολάς
1218 784 1277 820 τε
1305 766 1399 821 καὶ
1432 783 1699 837 συκοφαν-

130 860 253 925 τίας
269 859 498 930 ἀφειδῶς
527 858 909 931 πεποιημένος.
940 859 1077 932 Ἤδη
1107 858 1163 913 δὲ
1193 857 1289 913 καὶ
1318 859 1476 931 ἀραῖς
1504 857 1702 930 κέχρη-

132 970 222 1007 ται
261 954 378 1007 κατ’
403 951 601 1016 αὐτῶν,
629 945 717 1006 οἷα
741 951 1011 1021 γυναικῶν
1026 953 1083 1007 ἐν
1102 951 1271 1023 μάχῃ,
1297 949 1701 1023 λοιδορούμενος

133 1048 230 1099 καὶ
284 1042 633 1116 ἐπαρώμενος
676 1043 788 1116 (15)
837 1045 952 1108 τοῖς
995 1042 1161 1115 μηδὲν
1198 1043 1360 1098 αὑτὸν
1394 1042 1697 1114 ἠδικηκόσι.

134 1134 244 1200 Διὸ,
262 1135 355 1189 καὶ
368 1133 509 1204 πέρα
522 1132 616 1187 τοῦ
631 1132 858 1199 δέοντος,
877 1134 955 1195 είς
972 1130 1180 1205 μακρὸν
1191 1130 1339 1204 αὐτῷ
1354 1132 1448 1186 καὶ
1466 1130 1701 1204 ἄμετρον

132 1228 306 1299 μῆκος
318 1224 572 1291 ἐξέπεσεν
584 1227 618 1297 ἡ
636 1223 960 1298 γραφή.(16)
977 1225 1061 1288 Ὦς
1080 1224 1242 1294 μόνον
1258 1221 1404 1277 ἐπῶν
1417 1220 1581 1292 ἐγγύς
1597 1238 1701 1275 που

134 1319 342 1390 μυρίων
361 1317 452 1372 τὸν
466 1317 725 1386 ἀνάλογον
737 1314 1152 1387 ἀπαρτισθῆναι.
1174 1313 1410 1376 Εἰκότως
1430 1306 1544 1376 οὗν,
1561 1310 1702 1365 κατὰ

127 1407 237 1464 τῶν
270 1409 440 1477 ἁγίων
474 1407 568 1461 τοῦ
595 1408 729 1462 Θεοῦ
762 1406 1086 1480 λειτουργῶν
1122 1407 1429 1480 κακήγορον
1456 1404 1701 1475 γλῶτταν

128 1499 346 1567 ὀξύνας,
374 1501 471 1554 καὶ
500 1499 563 1555 τὸ
606 1499 922 1565 ἀνευλαὸὲς,
945 1501 1039 1554 καὶ
1076 1499 1277 1570 ἄφοδον
1311 1499 1702 1572 προγυμνάσας

128 1595 191 1648 ἐν
215 1593 448 1658 τούτοις,
486 1591 713 1664 προῖὼν,
746 1592 805 1658 ἐξ
850 1585 920 1664 ῆς
976 1589 1304 1664 προύκοψεν,
1352 1590 1441 1643 ἐπ’
1478 1588 1609 1645 αὐτὸ
1640 1589 1704 1644 τὸ

128 1683 552 1755 κορυφαιότατον
580 1682 675 1736 τοῦ
705 1681 923 1746 παντὸς,
951 1680 1041 1735 τὸν
1066 1680 1327 1752 μονογενῆ
1358 1678 1453 1734 καὶ
1485 1679 1704 1751 ἀγαπη-

1802 496 1900 554 Dei
1934 496 2272 562 sacerdotes,
2313 496 2518 551 frustra
2558 495 2773 565 quidem
2816 507 2872 553 et
2899 497 3198 568 incassum,
3229 496 3368 556 iram

1798 595 1980 645 tamen
2021 585 2210 643 effudit
2251 585 2616 642 ebullientem.
2658 584 2842 658 Neque
2887 585 3048 650 illos.
3102 589 3170 645 de
3213 586 3372 659 plebe

1801 680 1987 736 neseio
2019 694 2177 750 quos,
2228 679 2323 735 sed
2374 680 2518 749 ipsos
2562 677 2686 734 illos
2714 677 2805 749 qni
2840 693 2937 751 per
2984 679 3079 735 Dei
3113 679 3366 751 gratiam,

1801 773 1983 827 divina
2021 772 2197 842 plane,
2229 771 2334 826 boc
2378 780 2481 835 est,
2552 771 2764 826 vivendi
2824 770 3194 843 philosophica
3233 787 3372 841 qua-

1801 863 1928 919 dam
1969 862 2204 928 ratione,
2249 862 2483 918 nominis
2515 863 2886 918 celebritatem
2934 862 3040 918 sibi
3083 877 3371 934 compara·

1801 964 2014 1008 verant.
2053 951 2167 1008 Nec
2200 952 2358 1010 vivos
2395 953 2769 1008 tantummodo
2811 962 2868 1009 et
2912 955 3157 1011 videntes
3197 954 3370 1026 impe-

1803 1044 1942 1111 tivit,
1976 1042 2073 1099 sed
2102 1042 2213 1114 jam
2249 1043 2446 1099 dudum
2491 1053 2549 1098 et
2595 1043 2650 1099 in
2688 1043 2906 1100 Christo
2962 1044 3370 1102 obdormiscen-

1802 1144 1884 1190 tes
1914 1148 2153 1205 :eosque
2178 1148 2288 1202 prae
2321 1133 2553 1198 caeteris,
2593 1148 2731 1205 quos
2775 1135 2917 1190 inter
2949 1144 3171 1194 caeteras
3199 1138 3368 1194 virtu·

1802 1231 1884 1278 tes
1918 1225 2092 1293 pietas
2129 1223 2185 1278 in
2223 1224 2390 1278 Deum
2418 1221 2863 1290 commendabat,
2889 1234 2945 1280 et
2973 1239 3249 1280 sacrarum
3274 1226 3370 1282 lit·

1801 1324 2037 1371 terarum
2091 1315 2391 1372 exercitata
2442 1316 2698 1383 scientia,
2740 1331 2836 1386 per
2867 1326 3136 1374 terrarum
3179 1319 3368 1376 orbem

1801 1408 2138 1465 clarissimos
2177 1418 2503 1479 propagarat
2533 1408 2673 1464 :sed
2716 1425 2816 1464 nec
2855 1422 2963 1464 una
3013 1415 3222 1466 tantum
3245 1410 3371 1467 vice

1801 1499 2095 1554 conviciari
2128 1509 2437 1565 contentus..
2470 1513 2616 1570 saepe
2637 1502 2927 1570 repositas,
2955 1499 3218 1572 varieque
3235 1513 3374 1558 eon-

1802 1586 1980 1656 fictas,
2011 1588 2288 1659 improbus
2316 1588 2652 1661 sycophanta
2673 1629 2690 1656 ,
2718 1588 3023 1644 calumnias
3065 1589 3188 1646 sine
3211 1591 3374 1648 modo

1802 1680 2097 1750 congessit,
2128 1687 2186 1735 et
2244 1695 2496 1736 mensura
2533 1695 2548 1733 ι
2586 1680 2681 1736 sed
2708 1689 2766 1735 et
2801 1679 3267 1738 exsecrationibus
3289 1679 3374 1736 in-

126 1776 221 1829 τὸν
252 1775 379 1829 Υἱὸν
415 1774 511 1828 τοῦ
551 1772 707 1839 Θεοῦ,
740 1771 1014 1836 τοιαύταις
1054 1771 1234 1836 ἀθέοις
1282 1770 1392 1842 (17)
1416 1768 1701 1825 ύποὸαλὼν
1727 1755 1777 1818 Β
1802 1783 1966 1840 super
2001 1784 2118 1840 eos,
2144 1779 2206 1826 ut
2232 1769 2561 1827 mulierculae
2605 1772 2658 1827 in
2691 1770 2824 1827 rixis
2862 1780 2919 1828 et
2941 1768 3143 1842 jurgiis
3167 1769 3370 1841 solent,

131 1862 522 1934 βλασφημίαις,
555 1863 675 1926 οῖας
725 1861 920 1934 μικρὸν
948 1860 1194 1932 ὕστερον,
1221 1858 1387 1914 αὐτοῦ
1423 1859 1698 1930 λέγοντος,

129 1954 244 2007 ἀλλ’
268 1957 367 2008 οὐκ
396 1953 551 2025 ἐμοῦ,
582 1953 788 2024 βέλτιον
829 1951 1066 2008 ἀκούειν.
1098 1952 1177 2023 Τῇ
1202 1951 1260 2006 δέ
1296 1968 1361 2022 γε
1401 1950 1701 2024 παραθέσει

126 2047 237 2101 τῶν
270 2046 433 2102 αὐτοῦ
467 2046 723 2118 ῥημάτων
750 2044 1111 2118 χρησάμενος,
1154 2042 1267 2115 (18)
1316 2044 1482 2116 μέχρι
1511 2043 1700 2098 τούτου

131 2138 398 2209 στήσομαι
430 2136 568 2200 τίως
599 2137 737 2207 πρὸς
772 2135 1085 2192 ἐναντίωσιν
1123 2135 1218 2188 καὶ
1264 2133 1576 2210 ἀνατροπὴν
1600 2134 1700 2188 αύ-

128 2228 239 2283 τῶν
266 2245 280 2259 ·
317 2227 378 2281 ού
416 2229 660 2299 μακροὺς
684 2228 904 2298 ἐπάγων
931 2228 1140 2300 λόγους,
1170 2229 1251 2302 τῷ
1280 2229 1419 2301 μήτε
1457 2226 1584 2292 τοὺς
1609 2224 1704 2280 άν-

129 2319 263 2389 δρας
300 2319 424 2382 τοὺς
449 2318 539 2372 ὑπ’
567 2317 727 2371 αὐτοῦ
774 2317 1267 2392 βλασφημηθέντας
1298 2317 1412 2392 (19)
1452 2316 1703 2387 ἀγνῶτάς

129 2424 280 2471 τινας
310 2403 449 2462 εἶναι
481 2408 575 2463 καὶ
596 2410 841 2479 ἀφανεῖς,
874 2409 1235 2484 γνωρίζεσθαι
1277 2410 1335 2465 δέ
1364 2409 1516 2482 παρὰ
1542 2409 1698 2474 πᾶσι,

130 2497 227 2549 καὶ
258 2497 594 2562 σιωπῶντας,
615 2500 750 2571 μήτε
774 2499 873 2570 τὴν
898 2500 979 2563 είς
1005 2499 1097 2554 τὸν
1134 2499 1368 2572 Χριστὸν
1416 2496 1511 2554 τοῦ
1564 2497 1700 2556 Θεοῦ

131 2587 479 2659 βλασφημίαν
531 2587 643 2658 (20)
679 2588 1022 2661 ἀμφήριστόν
1068 2607 1190 2643 τινα
1214 2589 1310 2643 καὶ
1334 2587 1702 2661 ἀγνοουμένην

131 2679 418 2751 ὑπάρχειν,
454 2678 530 2742 ὡς
573 2677 773 2750 πολλῆς
810 2697 956 2745 τινος
1004 2680 1100 2735 καὶ
1151 2679 1519 2751 λογικωτέρας
1562 2680 1701 2752 πρὸς

126 2771 345 2841 ἔλεγχον
374 2772 629 2844 δεηθῆναι
645 2771 902 2844 σπουδῆς·
935 2771 1077 2827 οὕτω
1095 2771 1206 2844 (21)
1228 2771 1286 2826 δέ
1310 2773 1443 2826 πᾶσι
1461 2772 1574 2837 τοῖς
1602 2772 1701 2844 τῆς

130 2861 590 2933 ἐκκλησιαστικῆς
632 2862 855 2937 χάριτος
900 2862 1263 2935 μετειληχόσι,
1301 2867 1515 2937 μικροῖς
1563 2865 1698 2936 ὁμοῦ

130 2953 224 3008 καὶ
248 2954 526 3026 μεγάλοις,
562 2956 675 3018 καὶ,
723 2955 854 3009 αὐτὸ
899 2955 1079 3027 μόνον,
1133 2956 1404 3028 λεχθεῖσα,
1435 2957 1701 3028 πρόδηλος

128 3046 464 3119 καθέστηκεν
487 3049 520 3119 ἡ
545 3047 638 3101 τοῦ
673 3047 824 3115 ξένου
849 3046 1039 3102 τούτου
1072 3048 1319 3118 θεολόγου
1346 3049 1694 3118 καινοφωνία.
1724 3088 1768 3148 C

128 3137 221 3191 Διὸ
252 3137 507 3209 βραχέσιν
526 3137 639 3209 (29.)
664 3139 831 3203 αὐτὸς
857 3139 1015 3211 μόνον
1046 3137 1531 3212 παρασημειώσεσι
1565 3140 1698 3213 χρὴ·

129 3244 313 3298 σομαι,
341 3225 515 3300 εῐρμῷ
536 3226 630 3281 καὶ
651 3227 805 3296 τάξει
831 3229 1220 3300 σωματοποιῶν
1245 3228 1336 3284 τὸν
1359 3228 1538 3298 λόγον,
1564 3229 1698 3284 ὑπο-

132 3316 532 3388 σημαινόμενος
558 3333 618 3370 τε
639 3317 774 3372 αὐτὸ
803 3316 961 3390 μόνον
982 3317 1047 3374 τὸ
1068 3317 1379 3392 παράλογον
1402 3317 1513 3374 τῶν
1528 3321 1701 3391 ἐμφι·

135 3406 395 3480 ρομένων.
424 3407 562 3480 Πρὶν
600 3408 645 3463 δ’
690 3409 786 3463 ἐπὶ
830 3408 932 3474 τάς
979 3407 1145 3465 αὐτοῦ
1194 3408 1442 3482 χωρῆσαι
1488 3412 1693 3483 φωνάς,

129 3497 441 3567 ἀναγκαίως
458 3501 570 3563 τοῖς
589 3499 975 3571 ἐντυγχάνουσι
991 3499 1071 3572 τῷ
1092 3500 1185 3555 τοῦ
1206 3499 1395 3572 ἀνδρὸς
1414 3504 1696 3576 συγγράμ-

133 3607 264 3662 ματι
293 3590 747 3664 συμθουλεύσαιμ’
769 3591 856 3656 ἀν,
893 3590 963 3664 (εί
994 3590 1052 3646 δέ
1078 3590 1191 3665 (25)
1248 3591 1483 3662 μάλιστα
1520 3593 1695 3648 Γαλα-

129 3679 243 3735 τῶν
261 3673 371 3734 εἶέν
396 3683 583 3748 τινες,)
605 3680 681 3754 μὴ
696 3683 1028 3755 ἀμνημονεῖν
1047 3681 1145 3754 τῆς
1170 3680 1321 3748 θείας
1345 3684 1527 3756 φωνῆς
1552 3681 1701 3740 Παύ-

129 3769 226 3824 λου
258 3786 351 3835 τος
387 3771 707 3834 ἀποστόλου,
738 3774 799 3838 ὃς
833 3774 1017 3839 αὐτοῖς
1045 3773 1311 3838 Γαλάταις
1336 3774 1563 3846 γράφων
1594 3791 1701 3830 πα-

131 3853 283 3928 ρῄνει
342 3856 431 3927 μὴ
495 3860 909 3929 μετατίθεσθαι
977 3859 1096 3916 ἀπὸ
1158 3860 1266 3917 τοῦ
1326 3861 1700 3932 καλέσαντος

124 3947 352 4016 αὐτοὺς
377 3950 449 4006 ἐν
474 3949 667 4021 χάριτι
692 3950 950 4022 Χριστοῦ
976 3955 1064 4021 είς
1080 3952 1286 4024 ἕτερον
1306 3954 1695 4026 Edam-tiator,

126 4243 229 4316 φία
250 4241 681 4301 Christianorum
711 4263 726 4300 ε
755 4254 810 4301 et
838 4244 981 4302 inter
1010 4260 1127 4312 eos,
1160 4255 1221 4302 ut
1240 4244 1476 4304 isidorus
1519 4246 1675 4304 Pelu-

124 4316 267 4372 §iota
304 4314 563 4383 loquitur,
593 4315 643 4368 οί
793 4313 1011 4380 ἀζοντες
1058 4318 1361 4390 κορυφαῖοι.
1414 4317 1677 4373 Describit

127 4384 399 4440 bominem
429 4384 637 4440 istiusm
714 4386 729 4439 i
777 4384 1038 4440 Nazianz.
1086 4396 1222 4442 orat.
1253 4385 1535 4442 incontra
1582 4387 1678 4443 In·

127 4451 351 4518 lienam,
387 4467 507 4524 pag.
533 4453 627 4518 77,
672 4464 728 4509 et
777 4464 922 4510 orat.
971 4454 1064 4522 28,
1092 4471 1216 4528 pag.
1245 4456 1374 4520 479,
1423 4458 1490 4511 ad
1528 4455 1681 4525 cujus

128 4523 389 4577 amussim
439 4524 733 4579 examinati
786 4524 944 4591 nujus
997 4525 1220 4581 Eusebii
1268 4524 1677 4594 Pancratiastae,

127 4603 280 4645 mera
296 4590 663 4647 mendicabula
692 4594 1053 4651 invenientur.
1080 4593 1154 4650 Μ.

202 4658 295 4725 (15
342 4657 540 4729 Scripsi
570 4664 730 4734 ἐπαρ.
762 4667 878 4719 loco
902 4667 1044 4734 vulg.
1070 4665 1447 4737 ἐπαιρόμενος.

196 4729 291 4799 (16
352 4729 444 4798 Ὡς
466 4732 659 4800 μόνον
677 4733 859 4789 ἐπῶν.
890 4734 1021 4790 Erat
1061 4735 1115 4791 in
1154 4738 1393 4807 margine
1428 4733 1567 4789 ὅλον.
1614 4734 1680 4790 Et

127 4797 349 4855 tolerari
394 4811 592 4871 potest,
622 4807 716 4858 sed
768 4804 943 4872 potior
968 4805 1258 4875 scriptura,
1378 4822 1487 4870 νον,
1524 4816 1581 4860 ιιι
1604 4806 1678 4861 sit

121 4881 314 4926 sensus
346 4887 362 4926 ι
396 4881 454 4925 ιιι
475 4873 691 4927 unicum
716 4874 858 4928 istud
888 4888 1048 4943 opus,
1078 4876 1218 4945 quod
1246 4890 1307 4930 so
1329 4893 1415 4931 unt
1436 4875 1675 4945 scripsit,

121 4947 204 4993 tot
224 4941 471 4996 versibus
498 4944 830 5008 constiterit;
867 4961 991 4998 natn
1017 4959 1113 5013 pro
1138 4944 1423 5014 ἀνάλογον,
1454 4947 1676 5002 omnino

119 5007 429 5090 legendum,
460 5009 565 5067 loci
596 5015 910 5079 mutatione,
932 5013 1021 5068 ῖνα
1038 5013 1213 5085 λόγον.
1243 5015 1387 5071 Μ.-
1410 5015 1526 5071 Duo
1549 5017 1672 5071 vitia

118 5091 355 5133 correxi.

190 5147 278 5218 (17
344 5148 694 5204 Ὑποὸαλών.
717 5150 859 5221 Lego
887 5151 1198 5209 ύποθάλλει.
1226 5151 1335 5208 {loe
1362 5162 1444 5210 est
1470 5154 1673 5228 προϊὼν

117 5215 260 5272 ύποὸ
331 5218 435 5272 λιι.
476 5220 638 5275 Forte
661 5223 823 5276 etiam
858 5221 958 5290 legi
980 5225 1176 5292 poterit
1197 5221 1529 5298 προύκυψεν.
1570 5224 1673 5280 Le·

116 5289 350 5360 gendum
392 5289 541 5360 ἑξῆς,
580 5305 683 5345 una
720 5306 869 5360 voce,
904 5305 958 5350 et
990 5309 1095 5351 una
1140 5297 1359 5366 partie„
1390 5295 1672 5352 ὐποθαλών

117 5358 381 5425 dependet
405 5374 435 5412 a
469 5360 615 5416 verb.
649 5360 972 5434 προύκοψεν.

171 5425 303 5508 ,(18)
322 5428 509 5498 Μέχρι
540 5431 715 5486 τούτο
749 5434 1069 5504 στήσομαι.
1099 5432 1237 5500 Quin
1278 5448 1346 5491 ne
1394 5434 1548 5492 libris
1589 5435 1673 5489 in·

115 5504 366 5552 stttutum
396 5516 551 5554 suunt
580 5513 761 5556 contra
789 5500 1098 5558 Marcellum
1123 5501 1263 5557 Ense
1306 5504 1387 5558 ius
1414 5505 1667 5561 absolvit.

117 5569 173 5618 ln
201 5567 409 5622 duobus
450 5568 596 5624 bisce
620 5572 909 5640 prioribus,
929 5575 997 5644 τῇ
1029 5571 1325 5644 παραθέσει
1348 5571 1457 5629 τῶν
1501 5573 1668 5629 αὑτοῦ

115 5635 378 5707 ῥημάτων
402 5637 683 5712 κέχρηται,
718 5639 821 5696 boc
848 5652 930 5698 eat
956 5645 1097 5712 quod
1126 5642 1256 5698 vult.
1286 5641 1342 5698 ln
1372 5643 1541 5700 tribus
1584 5659 1673 5700 se·

114 5707 402 5774 quentibus
434 5746 452 5773 ,
497 5710 590 5779 qui
668 5711 1036 5767 inscribuntur
1090 5712 1167 5767 De
1206 5712 1464 5786 theoloaia
1506 5715 1669 5773 eccle-

429 5800 700 5866 Pnnot..
746 5801 861 5866 Gn.
907 5802 1139 5869 XXIV.

1801 1859 2125 1926 insectatur,
2157 1862 2406 1917 bontines
2428 1863 2575 1917 nulla
2618 1878 2856 1933 unquam
2896 1862 3090 1932 injuria
3135 1857 3242 1938 lpsl
3267 1877 3368 1922 eo·

1802 1952 2006 2024 gnitos.
2036 1951 2215 2021 Atque
2255 1951 2384 2005 ltine
2421 1952 2663 2021 proiecto
2701 1958 2902 2008 factum
2935 1962 3039 2022 est,
3067 1965 3129 2010 ut
3165 1953 3223 2010 ln
3261 1953 3372 2012 im·

1801 2057 2046 2099 mensum
2087 2040 2224 2097 adeo
2254 2039 2401 2095 illius
2423 2043 2726 2098 excreverit
2764 2046 2964 2112 oratio,
3013 2060 3137 2101 cum
3161 2045 3230 2102 ad
3271 2045 3370 2104 de·

1802 2132 1918 2187 cies
1956 2129 2104 2186 mille
2148 2142 2345 2184 versus
2387 2143 2524 2200 opus
2579 2129 2706 2184 illud
2757 2133 2976 2189 unicum
3028 2135 3366 2194 intumuerit.

1802 2218 1945 2287 Quid
1981 2218 2246 2272 mirantur
2289 2227 2498 2283 autem,
2521 2220 2567 2273 si
2601 2234 2723 2274 cuin
2775 2220 3014 2291 linguam
3049 2221 3188 2278 adeo
3215 2237 3370 2280 suam

1802 2309 1859 2366 in
1905 2318 2126 2365 sanctos
2177 2308 2269 2363 Dei
2322 2309 2633 2365 sacerdotes
2683 2311 2985 2378 exacuerit,
3037 2311 3372 2383 impiamque

1802 2399 2088 2455 audaciam
2124 2414 2301 2463 suam,
2342 2398 2410 2455 ad
2443 2398 2588 2455 bunc
2631 2401 2871 2468 modum,
2927 2399 3084 2474 quasi
3118 2416 3373 2476 progym-

1802 2497 2074 2555 nasmate,
2104 2487 2434 2558 exercuerit,
2479 2492 2616 2545 adeo
2647 2505 2868 2560 gressus
2897 2491 3232 2564 promoverit
3263 2491 3372 2548 lm-

1800 2579 2043 2650 pictatis,
2075 2588 2135 2634 ut
2184 2580 2403 2635 tandem
2462 2581 2610 2651 qnod
2651 2593 2812 2652 caput
2864 2589 2952 2640 est
2993 2591 3164 2654 atque
3210 2597 3371 2656 apex,

1800 2671 2138 2740 unigenitum
2193 2681 2249 2728 et
2306 2673 2559 2729 dilectum
2617 2674 2709 2730 Dei
2767 2673 3007 2743 Filium,
3076 2673 3370 2734 illiusmodi

1801 2762 2163 2834 blasphemiis
2203 2764 2317 2820 suis
2365 2764 2680 2834 subjecerit,
2710 2779 2846 2838 quas
2871 2781 3000 2822 mox
3039 2764 3214 2838 ipsius
3237 2780 3368 2824 ver-

1801 2855 1910 2922 bis,
1965 2870 2071 2909 non
2121 2864 2301 2910 autem
2348 2857 2525 2920 meis,
2568 2856 2770 2912 relatas
2821 2857 3176 2914 audietistid
3219 2857 3368 2915 enim

1805 2948 1976 3002 satius
2012 2961 2136 3004 esse
2161 2946 2364 3018 judico.
2392 2946 2524 3016 Quae
2549 2956 2838 3018 postquam
2867 2946 2988 3019 ipsa
3031 2947 3113 3005 sic
3156 2947 3226 3004 ab
3274 2947 3368 3008 illo

1803 3039 2016 3108 prolata
2065 3040 2155 3094 ubi
2193 3041 2398 3112 scripto
2441 3039 2856 3111 consignavere,
2889 3039 3122 3097 ulterius
3165 3040 3220 3096 in
3262 3041 3368 3100 boe

1800 3130 1941 3187 libro
1991 3145 2100 3188 non
2153 3129 2491 3201 progrediar,
2535 3131 2604 3186 ad
2651 3129 2740 3187 illa
2783 3129 3073 3188 refellenda
3127 3131 3366 3190 resutan·

1802 3221 1940 3277 dave
1966 3237 1982 3276 ι
2015 3221 2109 3278 sed
2140 3235 2243 3277 nec
2265 3235 2402 3292 opus
2421 3231 2507 3277 est
2530 3222 2830 3278 orationem
2871 3222 3207 3279 contexendo
3235 3237 3366 3294 pro-

1800 3313 2021 3381 ducere,
2075 3327 2200 3370 cum
2256 3313 2368 3370 sint
2417 3313 2522 3377 illi,
2571 3328 2708 3384 quos
2749 3311 3010 3371 conviclis
3069 3311 3363 3380 laceravit.

1805 3404 2117 3473 neutiquam
2163 3402 2331 3475 ignoti
2371 3401 2459 3457 vel
2493 3401 2782 3472 ignobiles,
2837 3401 2931 3458 sed
2979 3409 3251 3473 utcunque
3282 3401 3364 3460 sl-

1800 3492 1972 3548 lentlo
1997 3506 2058 3550 se
2089 3491 2430 3558 contineant,
2465 3492 2707 3547 omnium
2733 3483 2828 3548 ore
2858 3500 2915 3546 et
2946 3505 3196 3548 sermone
3216 3491 3362 3550 eele—

1799 3583 1942 3640 bratl
1975 3600 1991 3639 =
2023 3599 2258 3657 cumque
2280 3584 2398 3651 illa,
2427 3597 2590 3654 quam
2630 3585 2684 3640 in
2715 3582 2992 3640 Christum
3025 3581 3120 3642 Dei
3145 3592 3362 3642 eructa-

1795 3675 1895 3740 vit,
1927 3675 2263 3747 blasphemia
2303 3677 2437 3732 adeo
2478 3677 2551 3731 sit
2585 3675 2868 3732 manifesta
2918 3683 2975 3733 et
3007 3675 3061 3730 ln
3109 3674 3361 3736 consenso

1793 3773 1996 3842 posita,
2031 3779 2095 3826 ut
2141 3773 2207 3825 ad
2261 3771 2409 3827 illam
2464 3772 2843 3829 revincendam
2884 3769 3158 3828 exactiore
3179 3771 3360 3844 aliqua

1796 3861 2078 3933 diligentia
2129 3876 2236 3917 non
2280 3864 2353 3918 sit
2394 3878 2550 3935 opus.
2589 3863 2796 3934 Quippe
2836 3862 2930 3932 qui
2965 3861 3200 3917 dlvinam
3233 3873 3360 3933 gra·

1800 3953 1926 4009 tiam
1965 3955 2018 4009 ln
2065 3954 2304 4011 Ecclesia
2344 3955 2681 4022 delibarunt,
2713 3955 2887 4024 parvi,
2931 3951 3160 4019 minlmi,
3195 3965 3358 4024 mg·

1781 4248 2019 4372 ὄζαιιίἧο,
2053 4247 2119 4303 ad
2154 4248 2468 4303 ἐναντίωσιν
2503 4249 2678 4303 αυτῶν
2706 4254 2761 4304 et
2791 4246 3102 4320 ἀνατροπὴν
3126 4246 3351 4306 deseen-

1821 4329 1880 4372 ιι.

1854 4385 1966 4458 (19)
1997 4385 2168 4459 ango
2193 4385 2467 4457 ἀγνώτους
2497 4389 2663 4453 τινός.
2695 4387 2823 4442 Dein
2878 4388 2932 4441 in
2977 4399 3121 4441 corr.
3155 4401 3173 4442 ι
3205 4385 3350 4460 lam

1782 4457 2192 4549 πανηγυρίζειν.
2227 4459 2386 4513 Forte
2411 4459 2526 4513 loco
2545 4458 2928 4529 γνωρίζεσθαι.

1854 4528 1965 4599 (20)
2006 4526 2412 4597 Αμφήριστον.
2447 4527 2556 4585 Hoc
2585 4541 2667 4584 est
2693 4529 2831 4593 quod
2855 4527 2989 4581 vult.
3037 4524 3171 4579 Cum
3199 4539 3342 4606 non·-

1782 4599 1940 4651 nnllac
1989 4599 2220 4653 baereses
2249 4599 2322 4652 ita
2365 4599 2476 4654 sint
2510 4606 2850 4665 eomparatae,
2887 4606 3074 4649 utnon
3111 4593 3214 4648 nist
3237 4593 3346 4650 uit-

1779 4666 1992 4722 ssculter
2030 4669 2244 4735 agnosci
2275 4679 2330 4722 et
2374 4668 2699 4733 deprehendi
2733 4666 2964 4734 possint,
2994 4672 3053 4719 et
3093 4668 3182 4718 vix
3222 4672 3343 4719 tan·

1778 4739 1901 4791 dem
1933 4751 2031 4806 pro
2060 4737 2354 4792 baeresibus
2381 4737 2678 4792 habeantur
2706 4750 2720 4788 :
2748 4737 2825 4790 ait
2850 4735 2996 4791 illam
3021 4747 3053 4788 a
3085 4729 3340 4790 Marcello

1777 4805 2051 4860 excnltam
2077 4814 2131 4860 et
2154 4817 2497 4876 propagatam
2520 4807 2639 4876 ejus
2661 4819 2780 4861 esse
2806 4802 3040 4877 generis,
3064 4813 3124 4858 ut
3152 4801 3234 4860 vel
3270 4803 3338 4859 de

1776 4874 1949 4945 prima
1979 4874 2133 4936 iacie,
2159 4878 2383 4932 auribus
2406 4875 2795 4942 audita‚oculis
2820 4876 3023 4941 scripto
3057 4883 3336 4944 usurpata,

1816 4958 1876 5000 ro
1895 4946 2107 5010 haeresi,
2131 4947 2399 5001 communi
2424 4946 2700 5001 bominum
2726 4947 2777 4998 in
2803 4944 3042 5000 Ecclesia
3072 4957 3335 4998 consensu

1775 4959 2062 5071 Rabeatur.
2117 5013 2278 5071 Certe
2331 5015 2418 5070 illa
2469 5031 2629 5086 qnam
2680 5013 2932 5070 Marcello
2969 5015 3337 5083 ascripserant

1773 5085 1984 5151 Ariani,
2011 5097 2129 5140 erat
2172 5085 2290 5156 ejus
2331 5089 2580 5156 generis3
2643 5097 2700 5140 at
2741 5095 2921 5140 utrunt
2968 5083 3114 5138 illam
3173 5091 3333 5148 prout

1774 5154 1949 5210 eidem
1981 5155 2055 5212 illi
2078 5154 2448 5228 objectabant,
2473 5157 2674 5212 l'overet
2723 5153 3025 5219 MarcelluS,
3049 5151 3336 5223 quamplu-

1776 5224 1930 5278 rimis
1965 5239 2071 5280 non
2102 5229 2282 5284 minus
2327 5228 2379 5281 in
2413 5227 2672 5292 religione
2704 5224 2931 5297 lynceis,
2971 5238 3131 5294 qnam
3161 5217 3333 5274 Ense-

1775 5293 1897 5349 bius
1951 5305 2116 5363 erat,
2163 5312 2269 5353 non
2303 5297 2495 5368 patuit,
2542 5295 2682 5352 lulio
2735 5295 2979 5364 pontiflci
3037 5291 3331 5367 Romano,

1771 5364 2074 5420 Athanasio
2136 5368 2528 5434 Alexandrino,
2607 5366 2683 5421 illi
2733 5367 2997 5420 haeresum
3052 5363 3331 5438 ραισζιηρῑ,

1772 5434 2184 5504 quatnplurimis
2211 5435 2330 5492 aliis
2364 5452 2378 5489 ι
2415 5434 2641 5492 coneilio
2676 5433 2989 5491 sardicensi
3023 5445 3130 5489 non
3155 5427 3333 5500 lique·-

1778 5501 1871 5557 bat
1897 5518 1912 5555 ι
1946 5504 1999 5557 ni
2030 5501 2316 5561 Marcellus
2338 5506 2734 5566 absolvebatur.
2772 5502 2823 5558 tt

1865 5570 1955 5642 et)
1984 5571 2112 5628 Dele
2137 5571 2218 5630 δέ.

1863 5641 1932 5696 22
1984 5641 2176 5698 Scribe
2195 5643 2346 5698 αὺτόῑ

1836 5649 1953 5784 (ἳδ)
1976 5708 2117 5783 Lege
2135 5713 2223 5788 δή.
