3692 6134
218 276 325 336 ⁵55

885 269 1149 328 cust-:Bu
1188 269 1658 327 CAESARlENSlS
1696 269 1847 327 091².
1886 269 2067 327 PARS
2103 269 2192 327 m.
2230 300 2303 312 —
2338 266 2750 327 ExEGE‘rtCA.

3346 268 3439 324 556

222 391 413 454 titudo,
455 396 511 443 et
547 394 758 455 quarta,
805 372 1028 455 a'liaequc
1079 384 1354 455 deinceps.
1414 382 1600 440 Licere
1635 382 1779 439 enim
1807 385 1854 443 Δ
1880 380 2038 452 αὐτῷ·
2057 381 2410 454 μακαρισμοὶ,
2429 380 2523 435 καὶ
2542 377 2792 450 τέταρτοι
2818 377 2911 431 καὶ
2937 376 3139 448 ἐφεξῆς
3165 376 3303 449 (w).
3334 380 3443 448 Ἐξ-

221 477 761 538 aloccbatsecundum
791 477 1008 548 aliquod
1046 492 1111 533 cx
1144 476 1413 546 praedietis
1458 477 1583 533 vitae
1618 491 1781 543 gene-

222 574 370 629 ribus
401 571 666 642 promissa
711 568 850 625 bona
897 569 1186 637 consequi:
1238 570 1310 623 ita
1365 577 1425 624 ut
1470 578 1693 635 possent
1723 568 1780 622 in

224 662 316 717 Dei
347 676 533 732 regno.
560 662 604 717 si
632 661 809 716 minus
832 674 956 714 cum
998 657 1215 714 Christo
1244 674 1472 731 regnare
1519 673 1673 728 aeque
1718 673 1784 712 ac

223 767 483 824 pauperes
509 752 723 822 spiritu,
759 759 814 806 at
848 760 994 806 certe
1024 750 1284 816 recreari,
1327 765 1394 806 eo
1418 752 1562 821 quod
1590 750 1781 806 morti·

224 844 337 899 t'era
362 857 458 899 sua
488 852 704 915 peccata
733 840 1068 908 defleverint,
1103 857 1167 898 ac
1202 843 1528 913 poenitentiae
1561 850 1618 898 ct
1651 856 1785 899 con·

224 934 444 991 sessioni
493 945 763 1003 castaeque
789 935 916 991 vitze
957 945 1131 991 semet
1181 934 1501 991 addixerint.
1535 932 1633 990 Vel
1663 949 1788 1006 pro-

225 1026 389 1081 missa
416 1037 559 1082 terra
584 1026 768 1097 potiri,
810 1038 867 1082 et
902 1027 1235 1083 habitatores
1262 1026 1517 1096 civesque
1541 1040 1789 1096 superna

227 1115 323 1172 Dei
348 1117 580 1172 civitatis
620 1117 755 1186 lieri,
788 1118 914 1187 quia
945 1117 1099 1172 mites
1138 1131 1199 1172 sc
1242 1114 1615 1188 patientesque
1643 1130 1787 1190 prae·

225 1202 459 1256 bucrint.
492 1200 731 1273 Velunia
757 1203 1081 1259 esuriverint
1109 1204 1164 1259 in
1209 1204 1460 1275 praesenti
1496 1206 1607 1261 vita
1626 1204 1790 1275 justi-

228 1290 356 1346 tiam
385 1302 547 1364 atque
569 1294 859 1360 sitiverint‚
890 1308 1062 1366 eaque
1085 1293 1275 1351 satiari
1305 1294 1358 1351 in
1379 1294 1563 1353 futuro
1591 1294 1791 1352 saeculo

226 1384 570 1451 optaverint;
620 1385 696 1441 ita
727 1384 1046 1443 deraeatam
1085 1399 1151 1442 ac
1180 1384 1589 1443 substantialem
1616 1388 1788 1443 virtu-

226 1482 337 1529 tem
364 1475 666 1542 obtineant,
690 1486 747 1533 et
766 1476 1165 1548 hypostaticam
1196 1478 1375 1549 ipsam
1396 1478 1494 1535 Dei
1523 1479 1788 1550 iustitiam

230 1568 531 1637 aspiciant,
573 1569 854 1640 ipsamque
894 1570 991 1627 Dei
1031 1570 1385 1643 sapientiam,
1421 1581 1678 1627 :aternam
1710 1573 1794 1627 vi-

228 1666 365 1729 tam,
403 1661 783 1717 etanimarum
841 1662 1045 1719 lumen.
1091 1662 1223 1733 Qua
1274 1662 1459 1719 omnia
1496 1665 1790 1719 secundum

228 1752 587 1809 iubat-entem
620 1753 875 1808 virtutem
906 1752 964 1809 in
998 1752 1273 1825 unigenito
1324 1751 1416 1807 Dei
1464 1750 1645 1810 Verbo
1675 1771 1795 1811 csse

230 1841 621 1913 intelliguntur.
678 1840 831 1910 Quod
892 1840 939 1897 si
989 1840 1187 1912 alloqui
1271 1840 1512 1896 nonnulli
1577 1842 1794 1910 benigni

229 1933 432 1990 tuerint
450 1943 508 1992 et
524 1933 959 2005 eleemosynarii,
988 1932 1524 2002 misericordiamque
1560 1949 1625 1991 ac
1663 1935 1797 1992 libe·

227 2025 503 2081 ralltatem
550 2038 678 2096 erga
725 2024 1001 2095 prosimos
1052 2022 1567 2090 demonstraverint,
1624 2029 1794 2080 benc-

228 2116 472 2174 ssciorum
504 2129 724 2172 suornm
770 2114 945 2171 vieem
991 2113 1362 2183 experientur,
1419 2114 1795 2171 misericordia

227 2207 620 2278 clementiaque
646 2206 739 2263 bei
768 2203 1020 2263 Fruendo.
1068 2204 1218 2262 Alius
1260 2214 1346 2262 est
1390 2208 1670 2262 beatorum
1711 2223 1798 2264 se-

229 2296 463 2353 cundum
484 2294 896 2367 promissionem
923 2292 1080 2357 ordo,
1103 2293 1193 2363 qni
1220 2291 1403 2358 corde,
1440 2294 1492 2349 id
1512 2301 1598 2349 est
1618 2301 1798 2349 mente

229 2387 351 2459 puri
407 2395 573 2452 sunt;
627 2385 867 2455 itemque
915 2384 1057 2440 alius
1115 2383 1489 2455 pacificorum.
1553 2382 1795 2452 Quorum

229 2478 446 2550 priores
474 2475 689 2546 quidem
719 2475 975 2545 puritatis
1001 2489 1113 2529 sua·
1134 2475 1441 2530 mercedem
1473 2474 1795 2545 percipient,

228 2568 327 2625 Dei
362 2568 648 2630 visionem,
687 2564 812 2634 quia
838 2563 1081 2633 purgatis
1104 2578 1227 2618 cum
1256 2562 1449 2618 animat
1477 2564 1652 2620 oculis
1671 2570 1798 2619 sunt

226 2659 431 2726 visurig
459 2656 613 2713 alteri
640 2670 768 2711 vero
792 2654 884 2711 tilii
904 2654 997 2711 Dei
1026 2652 1176 2724 flent,
1204 2664 1489 2727 propterea
1520 2657 1663 2727 quod
1700 2671 1798 2726 par

232 2766 369 2824 opus
400 2749 652 2815 fecerint,
684 2758 847 2819 atque
877 2746 973 2804 Dei
1005 2746 1197 2813 Filius,
1233 2748 1326 2819 qui
1375 2748 1556 2805 omnia
1614 2763 1712 2819 per
1738 2763 1796 2803 sc

230 2843 407 2913 ipsum
441 2839 746 2913 pacificavit
778 2836 891 2895 slve
923 2830 1047 2910 quai
1080 2838 1135 2895 in
1160 2836 1314 2895 colis
1349 2846 1496 2903 sunt,
1535 2839 1652 2895 sive
1678 2850 1798 2907 quae

233 2935 288 2988 in
329 2942 497 2988 terra.
533 2929 911 2986 Verumtamen
962 2929 1020 2987 bi
1058 2934 1247 2987 omnes
1280 2942 1380 3001 pro
1422 2943 1640 2986 suorum
1668 2944 1801 3001 ope-

1880 473 2016 524 εῖναι
2043 468 2151 541 γὰρ
2170 469 2413 525 ἐδίδασκε
2437 467 2560 523 καθ’
2583 467 2678 521 ἐνα
2701 466 2821 521 τινὰ
2853 466 3053 534 τρόπον
3080 466 3191 521 τῶν
3212 484 3447 524 κατωνο-

1885 560 2175 635 μασμένων
2204 559 2337 631 βίων
2362 557 2761 630 καταξιωθῆναι
2784 557 2892 612 τῶν
2909 557 3337 631 ἐπηγγελμένων
3366 578 3449 631 φι-

1880 653 2245 727 λοτιμεῖσθαι·
2269 650 2395 707 ὥστ’
2414 649 2550 708 εἶναι
2581 651 2823 717 δυνατὸν,
2847 653 2907 706 ἐν
2931 654 2998 722 τῇ
3020 650 3115 706 τοῦ
3141 651 3281 707 Θεοῦ
3306 653 3451 724 βασι-

1882 745 2004 818 λείᾳ
2050 743 2390 816 γενομένους,
2430 745 2481 797 εί
2517 744 2611 797 καὶ
2656 742 2731 815 μὴ
2769 741 3195 813 συμὸασιλεῦσαι
3237 744 3451 816 Χριστῷ

1884 837 2027 894 κατὰ
2071 837 2197 906 τοὺς
2236 837 2483 907 πτωχοὺς
2513 834 2589 907 τῷ
2620 833 2911 905 πνεύματι,
2953 834 3088 889 ἀλλὰ
3114 834 3249 905 γοῦν
3284 853 3453 909 παρα-

1885 924 2148 999 κληθῆναι
2190 925 2274 995 ἐφ*
2321 919 2403 989 οἷς
2453 922 2521 978 τὰ
2571 923 2707 994 πρὸς
2760 923 2988 979 θάνατον
3042 925 3455 997 ὰμαρτησαντες

1888 1016 2211 1089 ἐπένθησαν,
2245 1014 2502 1089 μετανοίᾳ
2550 1015 2642 1068 καὶ
2670 1014 3051 1087 ἐξομολογήσει
3080 1015 3193 1087 (47)
3233 1015 3331 1068 καὶ
3361 1015 3456 1089 βίῳ

1890 1111 2125 1184 σώφρονι
2153 1111 2374 1174 ἐαυτούς
2390 1107 2773 1172 ἐπιδεδωκότες
2793 1124 2808 1139 ·
2848 1106 2882 1179 ἢ
2912 1108 3012 1179 τῆς
3042 1107 3458 1180 ἐπηγγελμένης

1890 1205 1995 1275 γῆς
2036 1206 2238 1275 τυχεῖν,
2278 1199 2566 1273 οἰκήτοράς
2596 1216 2657 1253 τε
2708 1199 2802 1254 καὶ
2840 1199 3063 1264 πολίτας
3095 1200 3195 1271 τῆς
3221 1201 3336 1256 ἄνω
3367 1200 3458 1255 τοῦ

1889 1296 2025 1351 Θεοῦ
2054 1295 2259 1359 πόλεως
2286 1293 2558 1363 γενέσθαι,
2588 1291 2796 1364 πράους
2827 1292 2920 1346 καί
2941 1291 3298 1359 ἀνεξικάκους
3324 1295 3461 1347 ἀπο-

1889 1386 2225 1460 δειχθέντας·
2272 1385 2307 1458 ἢ
2342 1385 2699 1457 πεινήσαντας
2745 1382 2803 1435 ἐν
2838 1380 2918 1453 τῷ
2949 1382 3177 1453 παρόντι
3214 1383 3336 1453 βίῳ,
3371 1384 3465 1437 καὶ

1890 1481 2222 1552 διψήσαντας
2255 1479 2356 1550 τῆς
2381 1474 2723 1546 δικαιοσύνης
2744 1476 2925 1547 τυχεῖν
2958 1473 3151 1545 αὐτῆς,
3179 1475 3276 1528 καὶ
3307 1492 3469 1547 κορε-

1894 1574 2085 1645 σθῆναι
2131 1572 2273 1627 κατὰ
2309 1570 2402 1626 τὸν
2449 1569 2850 1641 ἐπηγγελμένον
2889 1566 3082 1630 αίῶνα,
3122 1565 3261 1620 ἐπὰν
3293 1567 3465 1637 αὐτῆς

1894 1666 2139 1740 καθαρᾶς
2183 1666 2282 1738 τῆς
2324 1662 2612 1728 οὐσιὼδους
2648 1660 2850 1734 ἀρετῆς
2888 1658 3265 1727 ἀπολαύωσιν,
3295 1660 3468 1730 αὐτὴν

1895 1758 2258 1830 ὐποστατικὴν
2290 1754 2523 1826 ὁρῶντες
2551 1755 2650 1826 τὴν
2683 1751 2779 1807 τοῦ
2815 1751 2951 1806 Θεοῦ
2978 1749 3341 1823 δικαιοσύνην,
3368 1753 3467 1807 καὶ

1894 1849 2063 1921 αὐτὴν
2089 1850 2188 1921 τὴν
2221 1846 2410 1916 σοφίαν
2449 1844 2543 1899 τοῦ
2582 1841 2740 1908 Θεοῦ,
2778 1842 2875 1897 καὶ
2899 1841 2997 1913 τὴν
3033 1840 3179 1913 ζωὴν
3205 1841 3303 1912 τὴν
3332 1841 3471 1896 αἰώ-

1894 1957 2025 2005 νιον,
2055 1939 2227 1992 καὶτὸ
2252 1935 2437 2008 ψυχῶν
2467 1933 2790 2006 φωτιστικόν
2808 1950 2823 1964 ·
2872 1933 2909 1988 ἃ.
2937 1933 3002 2004 δὴ
3035 1933 3209 1988 πάντα
3233 1933 3470 1989 ἐπινοεῖ·

1893 2048 1984 2084 ται
2021 2028 2161 2084 κατὰ
2201 2029 2300 2093 τὰς
2347 2024 2757 2099 ἐνυπαρχούσας
2784 2023 3040 2096 δυνάμεις
3079 2022 3158 2095 τῷ
3189 2026 3472 2096 μονογενεῖ

1894 2120 1989 2175 τοῦ
2026 2121 2161 2175 Θεοῦ
2189 2120 2365 2191 Λόγῳ.
2400 2120 2462 2172 Εἰ
2492 2116 2550 2170 δὲ
2586 2115 2761 2178 ἄλλως
2795 2114 2939 2178 τινὲς
2974 2114 3337 2188 φιλάνθρωποι
3368 2118 3468 2170 καὶ

1896 2213 2187 2286 ἐλεήμονες
2232 2212 2517 2282 γεγόνασι,
2570 2210 2631 2264 τὸ
2680 2208 2961 2280 συμπαθὲς
3012 2207 3108 2262 καὶ
3154 2206 3472 2262 κοινωνικὸν

1897 2307 2033 2378 πρὸς
2055 2306 2183 2369 τούς
2202 2303 2371 2367 πέλας
2392 2300 2842 2372 ἐπιδεικνύμενοι,
2867 2299 3060 2353 ταύτὸν
3089 2297 3368 2364 πείσονται
3385 2293 3471 2363 οἷς

1895 2396 2148 2469 ἔδρασαν,
2176 2395 2298 2448 κατ’
2332 2391 2480 2447 ἔλεον
2511 2389 2647 2445 Θεοῦ
2673 2391 2769 2446 καὶ
2797 2389 3200 2462 φιλανθρωπίαν
3228 2388 3450 2461 ἐλεηθέν

1898 2505 2008 2552 τες.
2039 2484 2203 2539 ’Άλλο
2229 2484 2288 2540 δέ
2319 2484 2503 2556 τάγμα
2535 2482 2730 2552 γένοιτ·
2759 2481 2826 2538 ἂν
2857 2482 2965 2537 τῶν
2995 2480 3136 2536 κατὰ
3167 2480 3267 2554 τὴν
3299 2483 3471 2550 ἐπαγ-

1896 2575 2083 2648 γελίαν
2127 2576 2435 2648 μακαρίων,
2476 2574 2538 2629 τὸ
2561 2574 2669 2628 τῶν
2693 2575 2793 2646 τὴν
2821 2574 3047 2646 καρδίαν
3081 2573 3328 2628 τουτέστι
3372 2575 3473 2645 τὴν

1895 2665 2130 2720 διάνοιαν
2165 2663 2587 2737 κεκαθαρμένων
2605 2681 2619 2694 ·
2653 2665 2749 2718 καὶ
2773 2664 2902 2719 ἄλλο
2927 2663 3088 2718 πάλιν
3112 2663 3221 2718 τῶν
3254 2665 3465 2735 εἰρηνο-

1898 2756 2066 2810 ποιῶν
2092 2773 2106 2788 ·
2141 2750 2217 2811 ὧν
2236 2757 2287 2810 ol
2314 2757 2411 2828 μὲν
2438 2757 2691 2829 πρότεροι
2715 2756 2883 2829 γέρας
2903 2755 3157 2828 λήψονται
3178 2757 3277 2827 τῆς
3299 2754 3471 2809 καθα-

1902 2850 2141 2922 ρότητος,
2174 2848 2272 2920 τὴν
2299 2848 2394 2903 τοῦ
2423 2848 2558 2903 Θεοῦ
2576 2848 2725 2915 θέαν,
2753 2848 2851 2903 ᾰτε
2875 2848 2932 2903 δὲ
2954 2846 3248 2918 ὀφθαλμοῖς
3281 2845 3463 2916 ψυχῆς

1900 2937 2330 3010 κεκαθαρμένοις
2377 2938 2536 2993 αὐτὸν
2578 2939 2859 3011 ὀψόμενοι·
2901 2937 2949 2993 ol
2973 2936 3030 2991 δὲ
3079 2936 3315 3008 δεύτεροι
3351 2934 3463 2988 υἱοὶΙ

232 3040 353 3082 rum
417 3024 733 3081 diversitate
782 3022 1011 3078 diversis
1074 3021 1129 3078 in
1200 3022 1468 3094 promisso
1532 3020 1796 3077 coelorum
1822 3052 1868 3113 c
1901 3028 2037 3085 Θεοῦ
2068 3029 2406 3103 γενήσονται,
2434 3028 2510 3094 ὡς
2531 3027 2597 3083 ἂν
2624 3027 2785 3101 ἔργον
2803 3028 2979 3101 ὅμοιον
3000 3023 3454 3098 κατωρθωκότες·

232 3130 402 3187 reguo
445 3114 726 3187 potientur
773 3114 1092 3171 bonoribus.
1151 3111 1287 3170 Nam
1339 3112 1636 3186 regnabunt
1672 3127 1798 3169 cum

235 3207 328 3262 Dei
352 3206 491 3264 Filio
506 3205 667 3277 primi
704 3205 796 3276 qul
828 3204 1091 3261 nominati
1120 3214 1248 3260 sunt
1287 3218 1552 3275 pauperes
1580 3203 1795 3273 spiritu.

230 3296 364 3355 Post
395 3298 515 3354 illos
538 3306 717 3352 autem
761 3294 1005 3363 secundi,
1048 3294 1216 3352 sortes
1258 3294 1352 3350 Dei
1411 3302 1705 3366 martyres,
1729 3294 1801 3349 de

232 3391 431 3459 quibus
468 3398 653 3460 postea
687 3386 855 3443 dicit:
906 3385 1056 3440 Beati
1101 3389 1193 3459 qni
1240 3387 1650 3458 persecutionem
1699 3403 1800 3456 pu·

236 3479 443 3531 liuntur
482 3484 692 3545 propter
724 3473 1015 3544 justitiam.
1038 3473 1132 3530 llis
1182 3475 1327 3530 enim
1365 3472 1546 3530 verbis
1583 3488 1680 3530 eos
1706 3474 1800 3545 qui

233 3580 333 3635 pro
359 3580 526 3637 regno
553 3563 880 3620 decertaturi
924 3574 1102 3629 erant,
1136 3572 1392 3634 tanquam
1443 3561 1654 3619 nobiles
1705 3561 1798 3617 Dei

237 3655 437 3712 milites
479 3657 693 3712 dicebat
714 3656 941 3721 beatos;
987 3652 1295 3709 necessario
1344 3652 1431 3707 bis
1460 3668 1696 3735 quoqu«)
1743 3664 1802 3707 ut

234 3745 662 3802 beatificatorum
691 3754 850 3800 antea
890 3757 1185 3814 pauperum
1215 3742 1497 3809 fratribus,
1532 3743 1800 3800 mercedis

234 3834 356 3893 loco
382 3835 641 3891 coelorutn
667 3849 886 3904 regnum
914 3835 1255 3906 promittens.
1278 3833 1444 3890 Multo
1478 3845 1658 3890 autem
1676 3849 1797 3890 cum

233 3923 424 3979 ordine
473 3931 529 3976 et
577 3931 941 3978 consentanee
1013 3923 1098 3977 liis
1151 3923 1522 3979 communicat
1575 3938 1799 3992 regnum

235 4027 391 4068 sunm
428 4020 547 4081 post
583 4026 844 4082 pauperes
892 4011 1107 4083 spiritu.
1136 4012 1360 4082 Oportet
1387 4013 1532 4069 enim
1569 4016 1800 4085 primum

233 4103 420 4158 vivere
450 4101 562 4157 Deo
593 4112 776 4172 gratos
804 4110 920 4157 toto
943 4102 1065 4157 vitae
1107 4111 1370 4174 tempore,
1403 4119 1693 4174 pauperem
1735 4121 1800 4161 ac

240 4201 673 4273 philosophicum
707 4213 913 4255 morem
950 4207 1193 4255 tenentes
1225 4218 1239 4254 ι
1266 4201 1462 4257 deinde
1487 4203 1567 4257 sic
1588 4203 1653 4257 ad
1676 4217 1800 4273 gra-

240 4303 354 4348 tum
381 4293 495 4349 Deo
522 4294 684 4348 linem
714 4293 1046 4364 pertingere.
1068 4289 1251 4362 ltaque
1292 4293 1499 4364 priores
1539 4292 1612 4347 illi
1656 4310 1803 4350 sunt-

1899 3115 2011 3179 οἷον
2035 3121 2131 3175 καὶ
2165 3122 2194 3175 ὁ
2228 3117 2322 3175 τοῦ
2341 3119 2474 3177 Θεοῦ
2502 3120 2630 3186 Υἱὸς
2652 3118 3060 3194 εἰρηνοποιήσας
3094 3115 3163 3172 τὰ
3184 3117 3359 3170 πάντα
3389 3114 3457 3168 δι’

1902 3211 2119 3281 ἑαυτοῦ,
2141 3210 2214 3267 τά
2249 3228 2308 3266 τε
2357 3212 2417 3266 ἐν
2456 3211 2668 3284 οὐρανῷ
2699 3210 2887 3267 καὶτὰ
2911 3208 3006 3263 ἐπὶ
3040 3208 3141 3280 τῆς
3158 3208 3280 3279 γῆς.
3325 3205 3462 3259 Ἀλλ’

1900 3294 2046 3356 οῦτοι
2071 3302 2168 3374 μὲν
2200 3301 2294 3356 ἐπὶ
2326 3301 2600 3375 διαφόροις
2635 3302 3018 3375 κατορθώμασι
3051 3300 3319 3373 διαφόρων
3347 3298 3471 3352 τεύ-

1904 3386 2084 3452 ξονται
2103 3388 2275 3461 τιμῶν
2305 3391 2364 3444 ἐν
2381 3392 2448 3462 τῇ
2477 3392 2892 3465 κατηγγελμένῃ
2919 3390 3032 3446 τῶν
3055 3390 3295 3462 οὐρανῶν
3327 3389 3475 3459 βασι-

1902 3479 2044 3552 λείᾳ.
2078 3481 2147 3535 ot
2171 3497 2236 3550 γε
2265 3481 2370 3554 μὴν
2398 3481 2548 3553 αὐτῷ
2577 3482 3096 3556 συμδασιλεύσοντες
3123 3481 3201 3553 τῷ
3234 3482 3350 3554 Υίῷ
3375 3482 3470 3536 τοῦ

1902 3570 2038 3625 Θεοῦ
2072 3571 2279 3644 πρῶτοι
2330 3572 2428 3645 μὲν
2475 3567 2616 3643 ἦσαν
2667 3573 2715 3625 ol
2763 3571 3091 3643 δηλωθέντες
3135 3573 3341 3643 πτωχοὶ
3393 3572 3469 3642 τῷ

1904 3663 2204 3735 πνεύματι·
2248 3661 2488 3735 δεύτεροι
2524 3663 2582 3717 δὲ
2614 3662 2727 3734 μετ’
2753 3663 2998 3730 ἐκείνους
3029 3663 3080 3716 ol
3105 3665 3342 3731 γενναῖοι
3379 3660 3469 3717 τοῦ

1901 3755 2036 3810 Θεοῦ
2068 3756 2361 3828 μάρτυρες,
2393 3755 2521 3826 περὶ
2550 3747 2625 3810 ὧν
2664 3753 2793 3826 ἑξῆς
2820 3753 3062 3809 ἐδίδασκε
3098 3751 3271 3820 λέγων
3290 3770 3304 3784 ·
3335 3756 3472 3807 Μα-

1905 3848 2094 3918 κάριοι
2129 3851 2184 3903 ol
2217 3847 2594 3919 δεδιωγμένοι
2643 3846 2852 3902 ἕνεκεν
2902 3844 3287 3912 δικαιοσύνης
3310 3861 3324 3875 ·
3384 3844 3470 3898 διὰ

1903 3937 2107 3992 τούτων
2162 3938 2270 4009 γὰρ
2313 3937 2440 4002 τοὺς
2471 3936 2763 4008 μέλλοντας
2825 3933 3323 4008 ὐπεραγωνίζεσθαι
3372 3934 3471 4005 τῆς

1905 4027 2177 4099 βασιλείας
2202 4028 2279 4092 ὡς
2306 4029 2544 4099 εὐγενεῖς
2570 4028 2705 4083 Θεοῦ
2745 4027 3073 4102 στρατιώτας
3098 4025 3432 4097 ἐμακάριζεν
3450 4042 3466 4056 ·

1903 4120 2215 4189 ἀναγκαίως
2251 4121 2345 4173 καλΙ
2382 4122 2564 4182 αὐτοῖς
2595 4121 2670 4185 ὡς
2701 4119 2949 4189 ἀδελφοῖς
2967 4117 3069 4172 τῶν
3103 4131 3470 4186 προμεμακα-

1905 4205 2174 4286 ρισμένων
2200 4211 2431 4284 πτωχῶν
2455 4212 2682 4284 βραδεῖα
2709 4212 2816 4266 τῶν
2842 4209 3081 4265 ἐπάθλων
3114 4207 3211 4278 τὴν
3238 4206 3349 4258 τῶν
3379 4208 3473 4258 οὐ-

1906 4299 2083 4371 ρανῶν
2116 4298 2387 4370 βασιλείαν
2412 4299 2852 4370 ὑπισχνούμενος.
2889 4295 3046 4360 Τάξει
3096 4295 3153 4349 δέ
3183 4295 3349 4366 πολλῇ
3379 4296 3475 4348 καὶ

234 4400 379 4442 mam
417 4386 542 4442 vitae
582 4394 950 4457 paupertatem
984 4394 1279 4450 sectantes,
1321 4394 1433 4440 toto
1479 4385 1657 4442 aetatis
1695 4401 1805 4443 suae
1834 4404 1881 4461 ῃ
1907 4389 2197 4464 ἀκολουθίᾳ
2215 4391 2423 4456 τούτοις
2458 4391 2728 4462 μετεδίδου
2748 4393 2845 4464 τῆς
2873 4389 3035 4445 αὐτοῦ
3070 4388 3344 4459 βασιλείας
3369 4406 3468 4458 με-

238 4488 482 4550 tempore
505 4494 606 4549 pro
637 4479 852 4534 virtutis
900 4478 1136 4549 prm-niis
1166 4476 1536 4533 decertarunt.
1565 4477 1797 4534 Secundi

237 4587 385 4636 vero,
433 4580 654 4642 propter
706 4569 1069 4625 testimonium
1131 4570 1196 4624 dc
1249 4570 1488 4637 Christo,
1539 4571 1797 4640 exagitati

236 4662 474 4726 fuerunt,
500 4662 817 4733 oppugnati,
857 4662 983 4717 odio
1030 4660 1221 4725 babiti,
1255 4660 1405 4715 salsis
1444 4663 1799 4716 accusationi·

238 4756 336 4810 bns
360 4754 691 4809 calumniose
719 4753 965 4824 appetiti,
1009 4750 1210 4807 nullam
1251 4752 1414 4805 aliam
1456 4752 1526 4807 ob
1576 4767 1796 4807 causam

235 4859 398 4911 quam
430 4843 499 4899 ob
531 4844 728 4899 Christi
762 4843 1181 4899 consessionem.
1227 4842 1336 4898 Sed
1378 4844 1522 4897 enirn
1555 4845 1798 4898 esurien-

236 4947 319 4991 tes
340 4936 553 5007 quidem
589 4937 873 5004 ementes,
905 4946 962 4993 et
999 4936 1201 4993 Christi
1246 4949 1410 4990 causa
1455 4938 1800 4993 contumeliis

235 5026 462 5083 affectos
499 5030 639 5098 apud
674 5027 868 5083 Lucam
911 5043 1126 5100 quoque
1153 5026 1454 5082 videbimus
1477 5026 1612 5101 (48);
1643 5030 1800 5085 mites

310 5259 423 5330 (46)
448 5258 559 5314 ssoc
583 5274 797 5330 quoqne
825 5261 962 5329 apud
1004 5259 1337 5327 Mattbaettm,
1365 5261 1456 5328 qui
1490 5269 1613 5316 octo
1647 5261 1801 5332 ponit

237 5328 616 5396 beatitudines,
650 5346 772 5385 cntn
819 5329 989 5386 Lucas
1034 5342 1266 5400 quatuor
1318 5340 1519 5385 tantum
1577 5334 1801 5388 scribut.

235 5398 295 5455 ln
330 5399 581 5455 blattlttno
619 5401 799 5469 itaque
823 5401 1026 5455 versari
1063 5401 1274 5455 videtur
1305 5401 1586 5456 Eusebius.

268 5539 282 5552 .
309 5469 423 5540 (47)
448 5470 828 5526 Animadverte
872 5471 1249 5542 poenitentiant
1296 5486 1400 5526 non
1433 5473 1551 5528 sine
1579 5470 1798 5528 conses-

237 5554 407 5595 stone.

1905 4481 1977 4536 τὰ
2005 4482 2130 4546 τοὺς
2164 4483 2409 4555 πτωχοὺς
2429 4482 2508 4553 τῷ
2534 4481 2829 4554 πνεύματι·
2875 4481 3060 4556 βιῶναι
3096 4480 3205 4552 γὰρ
3233 4480 3312 4533 δεῖ
3343 4479 3475 4550 πρό-

1904 4589 2061 4644 τερον
2084 4572 2342 4642 θεοφιλῶς
2364 4574 2456 4628 τὸν
2486 4574 2661 4628 πάντα
2692 4576 2881 4650 χρόνον
2912 4576 3010 4644 τῆς
3034 4572 3179 4642 ζωῆς
3214 4573 3271 4625 ἐν
3303 4572 3475 4640 ἀκτή-

1907 4681 2029 4737 μονι
2058 4667 2151 4720 καὶ
2177 4666 2448 4739 φιλοσόφῳ
2481 4670 2667 4740 τρόπῳ
2697 4667 3122 4730 διατελέσαντας,
3172 4658 3271 4716 εἶθ’
3301 4662 3475 4727 οὕτως

1905 4755 1999 4807 ἐπὶ
2033 4754 2095 4808 τὸ
2131 4755 2371 4827 θεοφιλὲς
2403 4757 2554 4822 τέλος
2577 4759 2768 4812 ἐλθεῖν.
2798 4759 2862 4810 Ol
2893 4758 2991 4828 μὲν
3016 4751 3109 4809 οῦν
3141 4753 3343 4825 πρῶτοι
3374 4752 3474 4823 τὴν

1905 4845 2080 4917 ἄκραν
2120 4846 2401 4918 ἀκτήμονα
2450 4850 2779 4920 μετήρχοντο
2815 4845 3040 4917 ἀγωγὴν
3075 4844 3169 4899 τοῦ
3218 4843 3355 4915 βίου,
3383 4844 3475 4898 διὰ

1907 4939 2086 5010 πάσης
2119 4939 2300 4993 αὐτῶν
2354 4939 2455 5010 τῆς
2489 4940 2632 5011 ζωῆς
2677 4942 2789 5002 τοῖς
2816 4938 2917 5008 τῆς
2944 4938 3147 5009 ἀρετῆς
3176 4934 3355 5000 ἄθλοις
3387 4937 3477 4988 ἐν·

1904 5029 2288 5103 αγωνιζόμενοι
2307 5049 2322 5063 ·
2352 5032 2401 5086 οἱ
2420 5031 2477 5085 δὲ
2501 5031 2740 5106 δεύτεροι
2762 5029 2860 5102 τῆς
2881 5031 2959 5093 εἰς
2983 5029 3146 5083 αὐτὸν
3169 5028 3476 5100 μαρτυρίας

1910 5276 2057 5319 cetas
2082 5263 2298 5320 Eusebii
2328 5265 2429 5320 bas
2459 5265 2838 5321 meditationes
2858 5267 3043 5321 traxit.
3094 5263 3209 5319 Nisi
3244 5263 3480 5320 tortasse

1903 5335 2173 5390 Eusebius
2217 5335 2518 5405 generatim
2556 5338 2622 5391 ad
2667 5336 3170 5404 tetraevangcliutn,
3200 5335 3354 5404 qnasi
3385 5349 3477 5401 prr

1904 5406 2269 5471 harmoniam,
2313 5417 2713 5462 commentatus
2769 5407 2886 5460 luit.
2940 5409 3046 5460 Ant
3084 5405 3185 5459 nisi
3245 5405 3481 5472 deniqne

1901 5485 2192 5530 sumuntur
2227 5475 2342 5532 ltaec
2371 5485 2424 5532 et
2452 5476 2554 5530 alia
2588 5492 2658 5532 ex
2705 5476 3052 5540 Theophanis
3088 5473 3328 5529 sortasse
3370 5481 3481 5542 pte-

1895 5545 2084 5611 niore3
2129 5546 2183 5600 in
2226 5548 2381 5617 cujus
2420 5557 2569 5603 certe
2609 5558 2802 5618 quarto
2858 5547 2996 5600 libro
3046 5545 3208 5599 modo
3259 5558 3326 5599 cx
3372 5547 3479 5599 noc

310 5609 422 5681 (48)
459 5608 618 5666 vides
649 5626 835 5667 rursus
870 5609 1157 5666 Eusebium
1186 5610 1237 5665 in
1279 5588 1585 5667 flatthaeum
1614 5611 1792 5681 potius
1885 5616 2043 5674 tnodo
2063 5629 2130 5673 ex
2159 5612 2265 5674 alio
2296 5619 2617 5689 evangelista
2652 5618 2777 5676 lacit
2796 5624 3043 5686 excerpta
3076 5613 3368 5674 Eusebius.

240 5685 589 5738 commentari
619 5697 780 5754 quatu
815 5684 868 5740 in
899 5680 1118 5754 Lucam,
1169 5681 1235 5737 ad
1263 5696 1419 5754 quem
1469 5691 1644 5738 tamen
1694 5680 1799 5767 Ni·-
