3692 6134
161 317 269 378 625

1545 320 1632 376 DE
1670 317 2132 377 THEOPHANJA.

163 435 479 508 ἀγροίκους,
513 433 667 489 οὐδὲν
700 434 860 489 πλέον
894 434 994 507 τῆς
1021 433 1207 508 Σύρων
1237 440 1422 510 φωνῆς
1449 438 1747 510 ἐπιοταμέ-
1775 440 1823 500 Α
1853 435 1996 501 mili,
2031 436 2085 491 id
2112 442 2198 491 est
2223 430 2539 507 piscatoria,
2565 443 2670 486 non
2690 426 2808 485 sine
2833 438 2994 481 causa
3026 422 3283 481 Servatur
3316 439 3412 478 no-

164 545 309 593 νους,
346 526 484 582 ἀλλά
516 528 611 581 καὶ
648 526 710 582 τὸ
745 527 1079 600 ἐπιτήδευμα
1115 527 1371 584 ταπεινὸν
1400 531 1501 601 τῆς
1539 528 1745 593 ἀλιείας

168 617 637 689 μετερχομένους,
682 617 907 684 εἰκότως
952 619 982 672 ό
1027 620 1222 693 Σωτὴρ
1269 620 1430 694 ήμῶν
1478 617 1745 694 θηρευτὰς

163 707 262 762 ἀνθ
274 705 470 780 ρώπων
501 707 595 761 καί
626 708 873 780 κήρυκας
898 708 1000 781 τῆς
1029 710 1194 766 αὐτοῦ
1214 709 1562 775 διδασκαλίας
1585 709 1744 783 ποιή-

166 817 279 854 σειν
322 798 707 871 ἐπηγγέλλετο,
739 800 833 855 καίΙ
858 802 1158 873 πεποίηκεν
1180 803 1243 857 ού
1272 801 1612 874 ψευσάμενος
1646 799 1743 874 τὴν

166 890 480 963 ὑπόσχεσιν,
511 889 783 962 παριστὰς
818 890 954 946 Θεοῦ
980 891 1212 964 δύναμιν
1255 890 1613 965 ἐνεργητικὴν
1647 887 1745 946 τοῦ

168 981 511 1055 πράγματος.
556 981 620 1034 Εἰ
652 979 750 1053 μὲν
780 980 921 1056 γάρ,
955 983 1169 1054 λογίους
1211 982 1364 1048 τινάς
1396 982 1490 1037 καὶ
1526 982 1741 1052 σοφοὺς,

166 1074 323 1147 ήκαί
364 1073 475 1128 τῶν
520 1072 673 1147 παρὰ
713 1074 988 1141 Ἰουδαίοις
1037 1074 1340 1146 ἀνθρώπων
1386 1073 1612 1139 ἐνδόξων
1649 1074 1745 1129 καὶ

168 1166 435 1221 πλουσίων
470 1166 901 1240 προσαγόμενος,
939 1167 1152 1232 τούτοις
1191 1166 1458 1239 ἐκέχρητο
1488 1165 1744 1221 διδασκά-

166 1258 279 1322 λοις
303 1257 411 1312 τῶν
437 1256 604 1312 αὐτοῦ
633 1258 828 1327 λόγων,
860 1257 964 1314 κάν
984 1259 1133 1325 εἰκὸς
1157 1254 1226 1331 ἦν
1258 1258 1743 1331 ἀνθρωπινώτερον

166 1347 542 1419 ἐπινενοῆσθαι
572 1347 635 1402 τὸ
674 1349 939 1420 πρᾶγμα·
976 1347 1120 1408 οὕτω
1150 1347 1283 1417 γοῦν
1310 1349 1361 1416 pl
1390 1347 1608 1411 πλείους
1636 1347 1744 1401 τῶν

165 1437 468 1511 ἀνθρώπιον
501 1435 753 1492 εἰώθασιν
781 1435 1198 1502 ὑποτάττεσθαι,
1238 1436 1273 1509 ἢ
1322 1436 1600 1508 χρήμασιν
1637 1433 1745 1490 ὑπὸ

168 1527 435 1586 πλουσίων
476 1527 867 1600 δελεαζόμενοι,
910 1528 945 1601 ἢ
978 1526 1155 1599 λόγων
1189 1525 1452 1600 περιδολῇ
1480 1526 1575 1580 καὶ
1606 1541 1742 1597 φαν·

163 1620 326 1693 τασία
359 1619 551 1690 σοφίας
570 1619 938 1692 ἀπατώμενοι,
959 1620 995 1692 ἢ
1025 1622 1127 1674 ὑπε
1136 1620 1298 1693 ροχάς
1324 1607 1550 1683 ἐνδόξων
1572 1633 1740 1690 προσ·

162 1709 330 1767 ώπων
380 1710 903 1782 καταπληττόμενοι.
941 1712 999 1765 Ὁ
1034 1710 1091 1764 δέ
1132 1710 1207 1783 μὴ
1237 1708 1500 1772 τοιούτοις
1534 1708 1742 1781 χρησά-

1845 535 1983 596 ster,
2017 534 2306 582 venatores
2350 523 2635 580 hominum
2661 531 2888 590 suaeque
2921 515 3183 575 doctrina
3204 527 3412 587 praeco·

1846 631 1946 674 nes
1989 631 2050 675 se
2093 615 2367 673 facturum
2411 611 2809 685 pollicebatur3
2841 609 3103 680 lecitque,
3130 607 3274 665 haud
3312 606 3413 662 sal-

1844 709 1968 767 lens
1992 710 2347 782 promissum,
2379 707 2475 764 Dei
2511 720 2705 777 nempe
2734 701 3034 776 potentiam
3061 701 3141 759 rei
3167 699 3410 764 effectri-

1844 813 1966 856 cem
2017 811 2367 867 expromens.
2417 795 2554 851 Nam
2613 794 2663 851 sl
2715 791 2990 850 litteratos
3012 789 3224 863 aliquos
3243 797 3300 846 et
3323 803 3413 845 sa·

1844 889 2088 962 ρίεοιει.
2130 887 2214 946 vel
2257 890 2420 945 etlam
2471 901 2539 942 ex
2592 884 2798 943 Judaeis
2839 881 3050 940 nobiles
3111 881 3413 953 divitesque

1842 981 1995 1038 viros
2014 979 2252 1054 eligens,
2277 978 2364 1035 his
2381 993 2511 1035 usus
2531 987 2677 1035 esset
2700 976 2975 1049 magistris
2992 973 3251 1032 doctriua
3274 987 3409 1043 suae,

1844 1071 2033 1140 utique
2065 1069 2362 1125 hamanum
2386 1067 2571 1140 potius
2606 1067 2882 1139 negotium
2915 1064 2969 1120 id
2997 1063 3144 1121 credi
3180 1071 3412 1136 poterat.

1844 1159 1939 1216 Sic
1963 1159 2110 1215 euim
2138 1159 2383 1231 plerique
2409 1156 2695 1215 hominum
2726 1155 2905 1214 solent
2929 1160 3101 1212 semet
3122 1153 3411 1222 subiicere,

1842 1251 1933 1308 vel
1977 1251 2206 1323 pecunia
2257 1264 2288 1305 a
2343 1248 2604 1307 divitibus
2658 1245 2926 1317 inescati,
2973 1245 3062 1302 vel
3105 1244 3415 1302 litterarum

1841 1342 2027 1412 specie
2053 1351 2108 1397 et
2137 1340 2422 1413 sapientia
2459 1339 2738 1411 praestigio
2771 1337 3005 1408 decepti,
3048 1336 3135 1394 vel
3163 1336 3415 1395 eminen-

1840 1432 1972 1488 tiam
2001 1446 2363 1504 personarum
2399 1430 2694 1488 illustrium
2724 1429 3082 1488 admirantes.
3107 1427 3269 1487 lesus
3310 1444 3436 1494 aur
3497 1499 3509 1513 .

1842 1531 1952 1581 tem
2002 1539 2123 1584 cum
2171 1525 2312 1581 haud
2363 1522 2566 1580 talibus
2608 1523 2682 1580 sit
2725 1521 2859 1579 usus
2898 1513 3202 1594 discipulis,
3250 1519 3411 1614 sede

1842 1617 2126 1673 contrario
2173 1614 2504 1686 pauperibus
2548 1624 2603 1671 et
2651 1611 2938 1683 obscuris,
2994 1627 3064 1671 ac
3103 1611 3413 1670 litteratura

1844 1708 2052 1775 idiotis,
2079 1705 2262 1778 lingua
2310 1703 2485 1779 Syris,
2517 1704 2710 1763 habitu
2740 1704 2951 1774 humili,
2982 1719 3258 1777 operaque
3292 1702 3412 1768 vill,

167 1820 328 1876 μενος
372 1801 660 1874 μαθηταῖς,
700 1802 1007 1857 τούναντίον
1047 1801 1105 1855 δὲ
1146 1801 1342 1872 πένησι
1380 1800 1475 1854 καὶ
1509 1797 1736 1867 ἀδόξοις,
1768 1797 1812 1854 Β
1836 1798 2173 1870 exploratum
2197 1805 2282 1853 est
2304 1811 2427 1852 eum
2456 1797 2692 1854 divinam
2731 1807 2942 1854 tantum
2972 1795 3284 1856 adhibuisse
3309 1809 3416 1868 po·

166 1895 260 1949 καίΙ
284 1895 377 1948 τὸν
412 1893 567 1963 λόγον
594 1891 849 1959 ἰδιώταις,
884 1893 1076 1965 Σύροις
1117 1910 1178 1947 τε
1201 1893 1299 1965 τὴν
1329 1889 1533 1963 φωνὴν,
1565 1891 1659 1946 καί
1681 1891 1743 1946 τὸ

165 1984 352 2056 σχῆμα
381 1984 678 2048 ταπεινοῖς,
708 1982 804 2036 καί
833 1982 1106 2036 εὐτελέσιν
1132 1982 1299 2054 ἔργῳ,
1327 1979 1485 2052 δῆλος
1509 1975 1577 2052 ἦν
1606 1969 1741 2051 μόνῃ

162 2080 228 2147 τῇ
259 2076 413 2148 θεϊκῇ
442 2074 666 2147 δυνάμει
689 2072 990 2147 χρώμενος,
1015 2073 1083 2147 ήν
1105 2071 1403 2139 ἐνεδείξατο
1427 2070 1619 2142 πρῶτα
1644 2069 1743 2143 μὲν

164 2171 315 2240 φωνῇ
381 2168 477 2239 μιᾷ
529 2164 1043 2237 προσκαλεσάμενος
1101 2165 1299 2228 αὐτοὺς
1359 2163 1456 2219 καί
1517 2163 1744 2218 ἀκολού-

165 2261 291 2321 θους
329 2259 441 2329 (42)
473 2258 637 2312 αὑτοῦ
671 2257 1042 2330 καταστήσας,
1075 2257 1314 2313 κᾶπειτα
1339 2256 1742 2328 ἐπαγγειλάμε-

164 2366 255 2413 νος
288 2348 625 2419 σαγηνευτάς
657 2348 753 2402 καὶ
790 2346 965 2412 ἀλιείς
1010 2345 1314 2420 ἀνθρώπων
1346 2346 1594 2419 ποιήσειν
1640 2347 1741 2400 αὐ-

163 2441 310 2507 τοὺς,
341 2439 408 2493 ἵν’
448 2440 563 2494 ἀνθ’
604 2433 680 2494 ὧν
713 2435 856 2512 εἰχον
901 2439 1159 2504 δικτύων,
1205 2437 1463 2502 λαθόντες
1486 2439 1621 2510 παρ’
1645 2438 1744 2491 αύ-

163 2530 258 2584 τοῦ
286 2531 385 2604 τὴν
413 2532 522 2586 ἀπὸ
548 2531 817 2587 παντοίων
843 2531 1018 2602 λόγων
1053 2528 1296 2602 νομικῶν
1318 2545 1380 2584 τε
1412 2528 1509 2583 καὶ
1534 2544 1744 2602 προφη-

166 2621 298 2686 τῶν,
321 2621 428 2675 τῶν
450 2640 511 2676 τε
532 2622 633 2693 τῆς
658 2621 841 2678 ἐνθέου
861 2619 1213 2685 διδασκαλίας
1247 2618 1415 2675 αὑτοῦ
1439 2617 1741 2674 πλακείσαν

1851 1889 2073 1945 tentiam
2125 1903 2143 1954 ς
2201 1901 2366 1957 quam
2404 1887 2642 1942 ostendit
2691 1886 2872 1958 primo
2901 1885 3120 1958 quidem
3153 1885 3280 1942 dum
3306 1899 3416 1940 una

1845 1980 2037 2037 vocula
2065 1993 2162 2036 eos
2192 1978 2445 2034 invitavit
2470 1977 2821 2050 asseclasque
2852 1995 2980 2037 suos
3027 1979 3186 2046 lecit.
3219 1979 3415 2036 delude

1847 2072 2116 2142 spondens
2161 2079 2413 2142 captores
2461 2071 2873 2141 piscatoresque
2939 2069 3220 2129 hominum
3276 2085 3310 2127 a
3353 2085 3417 2130 se

1849 2160 2051 2216 sactum
2106 2161 2213 2226 iri;
2270 2169 2329 2217 ut
2367 2174 2468 2230 pro
2521 2160 2729 2217 retibus
2777 2175 2898 2231 quae
2941 2175 3088 2219 nuuc
3137 2160 3414 2230 tenebant,

1846 2263 2125 2309 sumentes
2165 2254 2235 2308 ab
2273 2266 2341 2307 eo
2387 2250 2694 2307 litterarum
2743 2251 2988 2308 omnium
3040 2251 3294 2326 legalium
3345 2267 3414 2311 ac

1840 2343 2277 2416 propheticarum
2310 2380 2328 2407 ,
2392 2354 2608 2398 necnon
2677 2340 2872 2398 divinae
2929 2339 3102 2414 ipsius
3149 2341 3416 2402 doctrino

1841 2448 2121 2505 sagenam,
2150 2433 2204 2489 iu
2248 2434 2502 2489 humanae
2539 2431 2666 2489 vitae
2718 2447 2871 2490 mare
2917 2429 3212 2504 jactarent,
3253 2443 3414 2508 quot·

1840 2534 1978 2597 quot
2003 2534 2357 2582 occurrerent
2403 2525 2709 2595 irretirent,
2744 2539 2944 2597 genere
2971 2525 3118 2585 omui
3165 2529 3416 2586 rationa-

1840 2616 1976 2673 llum
2005 2616 2235 2689 piscium
2272 2618 2407 2673 retia
2434 2632 2532 2672 sua
2560 2615 2842 2674 rationalia
2873 2617 3230 2690 complentes.

165 2718 406 2789 σαγήνην
447 2716 788 2789 ἐμδάλλωσιν
819 2717 900 2782 εἰς
930 2713 1030 2788 τὴν
1067 2713 1163 2770 τοῦ
1192 2712 1531 2788 ἀνθρωπηίου
1579 2711 1696 2784 βίου
1729 2711 2020 2777 θάλατταν,
2052 2711 2148 2767 καί
2189 2711 2554 2785 περιδάλωσιν
2601 2705 2759 2778 ὅσους
2785 2705 2854 2767 ἀν
2881 2710 3108 2786 εὕρωσι,
3139 2711 3414 2792 πληροῦν-

160 2825 253 2871 τες
286 2807 354 2861 τά
390 2809 596 2863 ἑαυτῶν
623 2807 815 2878 λογικὰ
847 2807 1039 2861 δίκτυα
1062 2805 1262 2870 παντὸς
1300 2804 1492 2875 γένους
1516 2802 1752 2873 λογικῶν
1778 2803 1997 2875 ἰχθύων.

242 2901 401 2957 ’Δλλά
444 2902 615 2957 ταῦτα
661 2903 757 2975 μὲν
796 2902 885 2956 διά
937 2901 1123 2973 φωνῆς
1171 2901 1481 2973 ἀκουόμενα
1515 2901 1734 2973 ῥήματα
1763 2908 1805 2965 c
1908 2900 2085 2971 Atque
2129 2900 2245 2957 haec
2298 2915 2365 2956 ex
2418 2901 2467 2956 vi
2519 2898 2670 2958 vocis
2723 2908 2935 2958 tantum
2990 2901 3196 2972 audita,
3243 2899 3405 2962 mh

158 2993 254 3049 καί
295 2993 479 3066 ψόφοι,
514 2997 606 3050 καὶ
635 2995 795 3050 πλέον
826 2996 1069 3069 ὑπῆρχεν
1106 2995 1294 3049 οὐδέν·
1334 2995 1434 3066 τῆς
1476 2993 1522 3047 δ’
1549 2992 1735 3048 ἐνθέου

156 3083 438 3156 δυνάμεως
475 3086 538 3139 τδ
584 3084 743 3158 ἔργον
783 3086 884 3139 οὐκ
925 3088 1006 3149 εἰς
1056 3086 1276 3158 μακρὰν
1321 3085 1731 3157 παρεστήσατο·

158 3175 299 3230 αὐτὰ
339 3176 404 3248 δὴ
445 3175 619 3232 ταῦτα
658 3176 729 3233 τὰ
779 3177 868 3233 διὰ
907 3178 1016 3232 τῶν
1057 3177 1233 3247 λόγων
1286 3177 1737 3250 προηγορευμένα

160 3270 276 3330 τοῖς
321 3265 502 3339 ἔργοις
548 3268 888 3333 ἐπιτελέσας,
939 3268 1018 3334 ὡς
1058 3270 1117 3323 ἐν
1170 3267 1365 3342 βραχεῖ
1412 3269 1591 3342 χρόνῳ
1633 3269 1736 3344 τήν

167 3356 460 3428 σύμπασαν
502 3357 802 3431 ἀνθρώπων
832 3359 1161 3433 οἰκουμένην
1200 3358 1371 3432 μυρία
1406 3358 1587 3434 πλήθη
1624 3359 1737 3416 τῶν

168 3447 607 3518 σαγηνευθέντων
632 3450 737 3504 ὑπὸ
755 3450 864 3504 τῶν
894 3449 1118 3507 ἰδιωτῶν
1143 3449 1348 3506 τούτων
1370 3450 1579 3525 ἀνδρῶν
1600 3453 1734 3526 κτή·

167 3540 382 3605 σασθαι,
416 3539 767 3614 πληρωθῆναί
796 3559 857 3596 τε
884 3541 1217 3616 Ἐκκλησιῶν
1244 3541 1426 3598 πάντα
1445 3542 1738 3600 τόπονἙλ-

165 3630 340 3702 λήνων
373 3648 435 3685 τε
481 3632 575 3686 καὶ
619 3631 942 3708 βαρδάρων,
975 3633 1063 3689 διά
1094 3633 1221 3707 μίαν
1251 3633 1467 3706 ἐκείνην
1504 3635 1737 3706 ἐπαγγευ

165 3723 287 3777 λίαν
313 3724 414 3795 τῆς
444 3723 631 3797 θεῖκῆς
658 3728 862 3800 φωνῆς,
887 3724 955 3780 δι’
985 3721 1058 3798 ἦς
1083 3726 1146 3780 οὐ
1180 3724 1411 3794 διδάξειν
1457 3727 1582 3792 τοὺς
1608 3726 1738 3781 ἐαυ-

163 3815 258 3870 τοῦ
295 3816 558 3888 μαθητὰς,
581 3816 696 3871 ἀλλ’
734 3817 897 3883 αὐτὸς
934 3816 1181 3889 ποιήσειν
1208 3815 1404 3882 αὐτοὺς
1428 3816 1614 3883 ἁλιέας
1641 3817 1734 3873 ἀν·

1837 2999 1994 3050 erant
2042 2999 2099 3049 et
2143 2991 2372 3060 sonitus,
2444 3001 2821 3064 praetereaque
2874 2991 3038 3050 nihil.
3099 2993 3208 3052 Sed
3258 2995 3405 3054 euim

1837 3084 2041 3142 diviua
2064 3083 2286 3143 virtutis
2313 3083 2596 3143 efficientia
2626 3085 2767 3142 haud
2792 3085 2962 3144 multo
3007 3096 3137 3158 post
3167 3095 3284 3144 rata
3307 3103 3406 3146 ex-

1834 3173 2019 3234 hibuit
2060 3193 2079 3245 ς
2140 3190 2266 3233 cum
2315 3177 2434 3234 haic
2477 3176 2594 3249 ipsa
2647 3175 2886 3234 verbalia
2931 3177 3200 3251 promissa
3244 3177 3406 3238 lactis

1836 3268 2148 3341 complevit,
2173 3269 2250 3325 ita
2279 3279 2340 3326 ut
2363 3271 2513 3327 brevi
2544 3280 2787 3342 tempore
2813 3269 3130 3328 universum
3175 3271 3402 3330 humani

1836 3358 2114 3418 incolatus
2142 3362 2356 3427 orbem,
2383 3361 2837 3434 innumeramque
2868 3359 3267 3422 multitudinem
3308 3378 3404 3421 ea-

1837 3461 2060 3524 ptorum
2095 3451 2167 3509 ab
2194 3451 2282 3510 his
2323 3451 2510 3510 idiotis
2554 3453 2861 3521 hominum,
2893 3451 3144 3511 Christus
3175 3453 3407 3524 adeptus

1834 3542 1928 3611 sit,
1977 3541 2248 3616 plenaque
2276 3543 2536 3602 Ecclesiis
2583 3545 2859 3602 evaserint
2912 3545 3030 3602 loca
3073 3545 3258 3602 omnia
3287 3551 3404 3602 tum

1834 3633 2147 3693 Graeeorum
2199 3646 2312 3692 tum
2368 3636 2534 3694 etiam
2584 3637 2964 3706 barbarorum,
3005 3643 3228 3710 propter
3254 3633 3404 3693 illam

1834 3725 2013 3784 unico
2060 3728 2261 3785 divinae
2303 3729 2452 3788 vocis
2489 3729 2933 3803 promissionem,
2998 3744 3102 3802 qua
3153 3727 3297 3786 haud
3341 3745 3404 3788 se

1836 3818 2129 3891 discipulos
2177 3836 2309 3878 suos
2347 3822 2662 3889 docturum,
2724 3825 2818 3880 sed
2863 3835 3056 3893 reapse
3096 3821 3402 3894 piscatcres

165 3905 398 3979 θρώπων
435 3907 821 3987 ἐπηγγείλατο..
847 3907 998 3961 'fler'
1026 3907 1089 3961 οὐ
1128 3906 1378 3979 προέγνω
1420 3905 1579 3980 μόνον
1609 3907 1733 3963 οὔτε
1835 3907 2116 3966 ἰιοιιιίηυιιι
2148 3909 2470 3968 effecturum
2515 3913 2827 3984 spopondit.
2878 3911 3244 3982 Quamobrem
3291 3928 3402 3971 uon

164 3998 443 4072 προέφησε
478 3999 541 4053 τὸ
574 3998 784 4071 μέλλον,
814 3999 950 4055 ἀλλά
973 3999 1071 4054 καὶ
1102 3999 1333 4073 ποιητής
1364 3997 1460 4055 τοῦ
1484 4000 1735 4073 τηλικοῦ·
1834 4001 2108 4069 praescivit
2140 4003 2300 4060 modo
2333 4004 2418 4060 vel
2444 4003 2699 4075 praedixit
2731 4018 2846 4059 rem
2875 4003 3136 4074 futuram,
3175 4003 3272 4062 aed
3318 4001 3402 4062 ei-

162 4104 257 4142 του
290 4087 708 4161 κατορθώματος
747 4090 1158 4161 ἀποπέφανται·
1199 4086 1322 4146 εἰπέ
1353 4108 1416 4147 τε
1451 4091 1531 4163 τῷ
1566 4091 1729 4165 λόγῳ,
1834 4090 2010 4147 sector
2032 4089 2286 4149 facinoris
2309 4094 2443 4150 tanti
2473 4095 2763 4166 apparuit,
2818 4094 3070 4168 dixitque
3100 4094 3305 4165 verbis,
3342 4105 3400 4152 et

164 4178 260 4231 καὶ
290 4179 555 4251 πεποίηκε
586 4180 663 4253 τῷ
693 4179 856 4253 ἔργῳ·
894 4181 1207 4254 παρέστησέ
1243 4199 1302 4236 τε
1336 4181 1397 4237 τὸ
1426 4182 1617 4255 μέλλον
1644 4182 1732 4238 διά
1832 4200 1998 4257 opere
2021 4198 2311 4245 exsecutus
2337 4199 2455 4255 est;
2487 4189 2650 4261 idque
2679 4189 2817 4257 lore,
2846 4189 3094 4263 symbolo
3125 4191 3404 4262 portendit

167 4271 434 4343 συμὸόλου
461 4273 557 4326 καὶ
590 4273 813 4339 εἰκόνος,
846 4273 941 4327 καὶ
976 4273 1043 4327 δι’
1089 4274 1260 4345 αὐτῆς
1303 4274 1581 4348 ἐνεργείας
1621 4275 1730 4329 ἀπ·
1761 4307 1806 4363 n
1834 4287 2000 4351 atque
2024 4279 2282 4349 imagine,
2335 4281 2605 4352 simulque
2649 4282 2763 4352 ipsa
2803 4281 3043 4338 efficacia
3086 4281 3400 4352 complevit.

165 4363 467 4435 επλήρωσε·
488 4363 612 4429 Τοῖς
634 4363 744 4435 γὰρ
771 4362 938 4418 πάλαι
965 4363 1227 4436 πρότερον
1250 4364 1309 4419 ὲν
1337 4363 1527 4436 σκοτίᾳ
1553 4362 1728 4434 φωτὸς
1834 4369 2080 4444 Namque
2109 4375 2210 4430 hos
2239 4373 2554 4445 discipulos,
2589 4375 2680 4442 qui
2718 4385 2875 4430 antea
2905 4372 3159 4430 veritatis
3196 4372 3403 4428 lumine

166 4457 437 4530 ἀληθείας,
465 4458 557 4513 καί
582 4457 717 4512 Θεοῦ
746 4456 996 4528 γνώσεως
1022 4459 1078 4513 ἐν
1107 4457 1262 4512 νυκτὶ
1285 4458 1724 4529 καταπονηθείσι,

166 4545 259 4599 καὶ
305 4547 503 4619 μηδένα
543 4549 678 4620 πρὸς
714 4548 982 4621 σωτηρίαν
1013 4546 1275 4620 θηρεῦσαι
1314 4547 1724 4620 δεδυνημένοις,

164 4637 477 4710 ἐπιλάμψας
511 4639 571 4694 τὸ
611 4640 802 4695 ἐαυτοῦ
846 4641 1067 4711 φέγγος,
1108 4643 1167 4696 ἐν
1227 4640 1410 4714 ἡμέρᾳ
1459 4642 1552 4696 καί
1585 4642 1725 4711 φωτὶ

165 4729 470 4799 γενομένοις
496 4732 838 4802 προστάττει,
862 4732 925 4786 ού
951 4734 1014 4803 τῇ
1043 4731 1219 4803 οἰκείᾳ
1242 4732 1538 4805 ἐπιστήμῃ,
1564 4731 1643 4803 τῷ
1666 4733 1723 4787 δὲ

162 4817 328 4873 αὐτοῦ
368 4821 570 4892 ῥήματι
607 4820 959 4893 θαρσοῦντας,
1003 4821 1314 4876 ἐπιδάλλειν
1351 4822 1431 4894 τῷ
1476 4822 1622 4895 βυθῷ
1656 4823 1726 4878 τά

161 4906 370 4963 δίκτυα.
411 4910 474 4964 Oi
500 4909 559 4964 δέ
590 4909 825 4965 τοσαῦτα
855 4911 1157 4983 συνήγαγον
1187 4911 1384 4983 ἰχθύων
1420 4912 1620 4983 πλήθη,
1651 4912 1726 4976 ὡς

159 4997 582 5070 διαρῤήγνυσθαι
613 5002 712 5073 μέν
735 5002 805 5058 τά
834 5002 1128 5075 θηρευτικά
1151 5003 1375 5076 ὄργανα,
1403 5004 1727 5059 κινδυνεύειν

159 5086 217 5140 δὲ
250 5090 329 5152 εἰς
361 5088 521 5159 βυθόν
549 5095 744 5163 χωρεῖν
783 5092 891 5146 ἀπὸ
921 5092 1015 5146 τοῦ
1046 5093 1243 5165 φόρτου
1270 5092 1340 5147 τὰ
1368 5092 1547 5148 πλοῖα.

242 5179 395 5234 Ἐπεὶ
430 5182 487 5235 δὲ
517 5182 692 5237 ταῦθ’·
712 5184 883 5249 οὕτως
922 5185 1362 5257 προσταττόμενα
1388 5185 1497 5242 τὸν.
1519 5187 1724 5260 Πέτρον

158 5269 239 5332 εἰς
267 5267 524 5341 ἔκπληξιν
554 5272 647 5326 καὶ
688 5272 850 5342 φόὸον
887 5274 949 5327 ού
984 5273 1077 5328 τὸν
1102 5273 1333 5346 τυχόντα
1372 5269 1527 5347 ἦγεν·
1565 5275 1724 5329 Ἀλλά

156 5356 328 5414 ταῦτά
350 5376 430 5425 σε,
470 5362 603 5432 φησὶ
630 5363 765 5434 πρὸς
793 5363 953 5417 αὐτὸν
982 5365 1012 5417 ό
1039 5364 1245 5437 Σωτήρ,
1284 5365 1451 5438 μήπω
1490 5365 1725 5437 ἐκπλητ-

156 5446 324 5500 τέτω·
363 5451 574 5504 παιδιαὶ
595 5451 703 5524 γάρ
727 5451 806 5505 ἐτι
830 5451 1003 5507 ταῦτα
1033 5454 1128 5508 καὶ
1164 5454 1461 5527 μελλόντων
1497 5457 1719 5521 εἰκόνες·

154 5539 209 5593 οἰ
233 5538 292 5593 δὲ
316 5541 414 5612 μὲν
437 5542 616 5614 ἰχθύες
635 5544 853 5600 ἀναυδοι
883 5545 976 5599 καὶ
997 5543 1201 5615 ἄλογοι,
1229 5531 1515 5605 καὶταῦτα
1540 5549 1720 5623 σκάφη

1834 4464 2116 4533 carebant,
2162 4473 2220 4521 et
2266 4481 2364 4537 per
2400 4475 2610 4523 noctem
2668 4467 2850 4522 divina
2901 4464 3096 4522 notitia
3123 4474 3399 4522 carentem

1835 4551 2246 4619 laboraverant.
2277 4555 2654 4627 neminemque
2694 4554 2760 4610 ad
2803 4553 3032 4612 salutem
3067 4553 3271 4611 lucrari
3297 4570 3400 4627 po·

1834 4653 2074 4713 tuerant,
2133 4645 2250 4716 ipse
2302 4646 2507 4703 lumine
2545 4663 2645 4702 suo
2680 4646 2994 4712 illustrans,
3031 4653 3087 4704 et
3125 4647 3184 4704 iu
3205 4646 3400 4704 diurna

1833 4738 1954 4793 luce
2000 4737 2353 4806 constituens,
2391 4738 2547 4810 jubet
2605 4754 2711 4795 non
2755 4740 2972 4811 propria
3029 4737 3261 4812 peritia,
3301 4744 3402 4797 sed

1830 4830 2000 4901 ipsius
2020 4830 2187 4886 verbo
2201 4831 2458 4900 conlisus,
2475 4832 2609 4886 retia
2630 4833 2682 4887 in
2709 4832 2930 4904 pelagus
2948 4829 3152 4902 iacere.
3179 4829 3244 4888 nt
3268 4847 3400 4889 vero

1829 4929 2030 4976 tantam
2090 4920 2421 4992 collegerunt
2479 4923 2704 4992 pise-ium
2759 4921 3199 4991 multitudinem,
3252 4933 3400 4980 utet

1832 5012 2122 5082 piscatoria
2164 5012 2526 5070 instrumenta
2557 5022 2962 5084 rumperentur,
2991 5022 3049 5071 et
3081 5013 3213 5088 lpsae
3246 5015 3397 5071 navi·

1828 5101 1962 5158 culae
1993 5104 2232 5175 demergi
2262 5105 2499 5175 pondere
2535 5105 2998 5177 periclitarentur.

1899 5193 2035 5262 Quia
2080 5209 2209 5249 vero
2254 5194 2380 5251 talia
2437 5197 2719 5267 imperata,
2762 5195 2982 5254 Petrum
3030 5198 3084 5254 in
3113 5209 3387 5267 stuporem

1828 5291 2145 5354 metumque
2191 5301 2296 5342 uon
2341 5287 2615 5344 modicum
2642 5286 3029 5356 abduxerant3
3065 5288 3219 5345 Haud
3248 5289 3387 5353 hac,

1828 5371 2004 5443 inquit
2049 5374 2099 5429 ei
2150 5375 2432 5446 Servatur,
2493 5391 2823 5450 magnopere
2873 5387 2929 5437 te
2969 5388 3387 5436 commoveant:

1826 5460 2035 5522 ludicra
2065 5467 2212 5524 enlm
2244 5469 2358 5527 linc
2391 5481 2522 5527 sunt
2556 5471 2758 5538 adhuc,
2783 5478 2840 5526 et
2869 5469 3173 5529 futurarum
3205 5483 3388 5526 rerum

1829 5549 2096 5626 imagines
2139 5575 2155 5614 ι
2202 5559 2379 5629 pisces
2423 5559 2639 5629 quidem
2689 5559 2848 5628 muti,
2891 5570 2948 5616 et
3001 5557 3387 5626 irrationales';

229 5653 341 5725 (⁴2)
367 5653 692 5716 vocabulum
718 5658 1042 5725 ἀκολούθους
1074 5660 1248 5733 magis
1279 5661 1502 5734 proprie
1560 5662 1746 5720 vellem
1784 5679 1814 5721 a
1880 5665 2025 5740 Syro
2075 5669 2241 5728 fuisse
2277 5672 2565 5731 redditum.
2613 5672 2687 5730 lta
2738 5674 2903 5730 etiam
2948 5673 3088 5744 quod
3143 5672 3390 5745 sequitur

92 5783 97 5790 ,
155 5726 513 5797 σαγηνευτάς.
