3692 6134
3 234 73 292 87

681 229 951 291 meson
985 228 1465 290 cffissmfissffls
1499 225 1653 286 091³.

1695 224 1876 282 PARS
1909 223 2001 280 111.
2039 253 2111 266 —
2145 221 2568 282 ammes.

3 352 251 410 lectionis
280 350 701 424 explicationem
729 349 1070 405 adhiberent.
1100 347 1365 403 Doctores
1393 356 1571 400 autem
1599 348 1648 408 Α
1673 339 1885 395 videtur
1916 339 2246 410 Epiphanius
2275 338 2410 395 har.
2435 353 2658 404 xxxin,
2689 354 2866 396 num.
2891 342 2934 396 4
2951 360 2969 396 :
2999 343 3061 396 Gi

3 448 261 515 ipsorum,
284 444 378 517 qui
419 442 722 499 doctrinam
774 440 1241 511 componebantur,
1276 451 1309 494 e
1339 451 1399 494 re
1438 452 1569 493 eau-

3 551 165 605 pones
192 533 323 591 dicti
354 541 521 589 sunt:
556 531 651 602 qui
679 531 862 586 vinum
895 545 1035 601 aqua
1075 530 1402 593 miscebant,
1438 527 1566 583 dunt

3 639 251 684 sermone
293 625 350 680 in
385 638 582 694 aquam
631 622 887 690 resoluto,
928 635 1133 678 meram
1172 630 1229 677 et
1257 618 1566 676 restrictam

3 710 305 774 divinarum
357 715 762 786 scripturarum
822 724 1102 778 mentem,
1150 726 1251 782 per
1287 723 1567 766 commen-

3 809 146 865 titias
199 823 331 864 suas
397 808 715 864 deuteroses
775 804 1067 863 foedarent.
1097 820 1119 855 ι
1178 800 1345 857 Erant
1403 812 1568 869 porro

3 901 342 967 deuteroses,
391 899 507 955 sive
551 897 803 955 secunda
854 896 1213 962 traditiones,
1268 891 1567 965 Epiphanio

3 996 137 1045 teste
162 990 298 1045 haer.
324 1001 519 1053 xxxin,
551 1003 606 1043 n.
630 985 688 1055 9,
714 984 1083 1058 quadruplicis
1104 984 1345 1054 generis3
1376 983 1566 1054 prima

3 1077 201 1148 {loysis
234 1077 452 1134 nomine
484 1076 1048 1141 circumferebantur3
1090 1073 1343 1130 secundae
1390 1071 1564 1127 Rabbi

3 1162 236 1229 'Axt6a3
266 1162 436 1219 tertiae
461 1160 651 1229 Addae,
713 1161 832 1217 sive
864 1158 1050 1225 Judae;
1085 1166 1291 1229 quartae
1327 1155 1563 1213 {iliorum

3 1255 319 1311 fissamonaei
360 1263 538 1311 erant.
567 1253 912 1309 ‘traditiones
951 1249 1071 1305 illas
1104 1248 1319 1306 Hebraei
1365 1256 1566 1305 vocant

3 1354 178 1417 'nm
209 1346 408 1415 Hisne,
434 1346 583 1418 quod
631 1344 774 1401 idem
812 1352 971 1398 sonat
1001 1350 1165 1413 atque
1192 1340 1424 1397 secunda
1460 1350 1567 1397 tro·

3 1440 142 1496 ditio.
171 1440 253 1497 An
282 1454 448 1512 porro
474 1439 579 1494 illae
606 1438 675 1492 ab
706 1436 947 1506 antiquis
980 1435 1213 1491 laudata
1246 1433 1564 1491 traditiones

3 1533 191 1588 medem
245 1541 411 1601 atque
462 1529 741 1586 hodierna
793 1529 935 1595 sint,
992 1528 1295 1585 edisserere
1338 1542 1444 1584 non
1476 1535 1562 1585 est

3 1624 225 1680 instituti
266 1623 460 1679 nostri.

175 1735 241 1788 11.
262 1736 339 1787 De
364 1736 653 1800 patriarchis
676 1740 731 1787 et
757 1736 993 1799 apostolis
1014 1735 1143 1799 apud
1163 1734 1374 1785 ludaeos.
1587 1699 1634 1760 Β

60 1819 214 1888 Quod
262 1820 329 1876 ad
377 1820 719 1891 patriarchas
756 1817 1106 1884 Judaeorum,
1154 1832 1277 1891 quat
1322 1816 1561 1890 dignitas

3 1910 209 1967 nonnisi
249 1919 372 1984 post
407 1911 559 1968 urbis
593 1910 867 1967 excidium
898 1917 1154 1980 usurpata
1197 1916 1438 1980 putatur,
1468 1921 1561 1963 eo-

3 2020 108 2062 rum
156 2008 492 2065 mentionem
544 2006 676 2063 facit
728 2005 994 2063 Eusebius
1037 2004 1103 2060 ad
1141 2011 1301 2075 caput
1345 2002 1559 2059 liesaiae

3 2110 68 2163 u,
94 2112 147 2153 v.
171 2099 226 2163 t.
261 2099 347 2155 his
386 2086 606 2155 verbis:
631 2099 730 2163 Τίς
768 2094 861 2154 οὗν
887 2097 1031 2171 ὀρῶν
1069 2098 1201 2162 τοὺς
1242 2095 1392 2169 παρὰ
1427 2097 1560 2150 Ἰου-

3 2188 153 2254 ῐαῑοις
191 2189 624 2262 ὀνομαζομένους
661 2191 1037 2264 πατριάρχας,
1073 2188 1390 2252 νεανίσκους
1426 2186 1559 2259 άλη-

3 2279 111 2346 Ιῶς,
139 2280 201 2334 οὗ
227 2280 326 2353 τὴν
357 2281 465 2336 τῶν
499 2283 768 2354 σωμάτων
793 2280 1033 2353 ἡλικίαν,
1071 2279 1208 2334 ἀλλά
1238 2280 1338 2345 τὰς
1379 2279 1560 2353 ψυχὰς

3 2370 212 2437 ιτελεῖς,
248 2372 342 2425 καὶ
369 2371 568 2437 ἐνδεεῖς
603 2371 848 2443 φρενῶν;
882 2370 1009 2436 τούς
1045 2387 1104 2425 τε
1133 2369 1354 2433 λοιποὺς
1379 2369 1558 2423 αὐτῶν

3 2462 356 2528 διδασκάλους,
391 2463 493 2517 οὐκ
522 2461 590 2517 ἂν
618 2462 762 2517 εἴποι
794 2463 1103 2536 ὲμπαίκτας
1131 2460 1300 2528 εἶναι,
1345 2462 1440 2516 καὶ
1464 2460 1560 2525 οὒς

3 2550 18 2620 51
48 2549 355 2622 προφητεία
377 2550 602 2623 ἐδήλους
635 2549 690 2606 ld
716 2557 800 2606 est
830 2571 844 2608 ε
877 2569 898 2603 ‹
924 2550 1056 2619 Quis
1094 2563 1226 2623 ergo
1251 2549 1560 2621 conspectis

5 2640 132 2706 liis,
180 2641 272 2711 qui
321 2642 462 2713 apud
505 2641 718 2700 ludaeos
770 2643 1092 2715 patriarchae
1135 2652 1423 2710 vocantur,
1465 2658 1559 2702 eos

3 2747 94 2790 ion
122 2746 384 2803 corporea
424 2741 656 2800 statura,
682 2734 777 2791 sed
812 2733 976 2790 animi
1016 2733 1459 2802 imperfectione,
1491 2751 1559 2794 ae

3 2823 186 2881 uentis
231 2824 562 2897 indigentia,
608 2840 736 2882 vere
781 2840 978 2897 pueros
1021 2840 1130 2881 non
1182 2835 1377 2894 rocet3
1423 2826 1557 2883 reli·

3 2928 230 2986 {uosque
252 2928 439 2972 eorum
467 2918 739 2986 doctores,
786 2931 895 2973 non
928 2918 1079 2974 dicat
1107 2932 1230 2975 esse
1257 2917 1555 2985 derisores,

3 3004 169 3076 {uales
195 3006 477 3078 prophetia
519 3006 753 3064 indicat?
778 3027 797 3062 ι
832 3008 1004 3064 Erant
1033 3023 1195 3079 porro
1232 3009 1559 3081 patriarcba

3 3098 257 3170 irincipes
280 3098 521 3156 Judaicae
547 3100 744 3171 gentis,
778 3108 914 3158 teste
940 3100 1241 3171 Epiphanio
1263 3104 1396 3160 haer.
1422 3120 1555 3173 xxx,

3 3207 137 3247 tum.
160 3192 217 3259 4,
245 3202 296 3248 et
329 3190 533 3249 Codice
574 3192 954 3250 'theodosiano
984 3192 1022 3248 l.
1051 3208 1167 3260 xvi,
1204 3195 1288 3251 tit.
1314 3197 1370 3253 8.
1402 3195 1560 3256 Hunc

3 3296 118 3338 rere
169 3282 387 3339 Eusebii
441 3282 619 3339 locunt
665 3282 747 3339 sic
792 3284 1051 3356 exprimit
1094 3283 1458 3359 Hieronymus
1505 3290 1559 3345 in

3 3373 238 3430 eumdem
284 3375 612 3430 versiculum
651 3392 665 3429 ε
700 3392 720 3427 ι
749 3375 1167 3435 Consideremus
1217 3380 1562 3450 patriarchas

3 3462 321 3531 iudaeorum,
348 3477 404 3523 et
428 3467 677 3538 iuvenes,
711 3469 828 3526 sive
856 3485 1076 3541 pueros,
1106 3471 1560 3548 effeminatosque

3 3573 52 3616 ie
80 3558 293 3617 deliciis
325 3559 625 3629 affluentes,
653 3571 710 3621 et
747 3562 1022 3636 impletam
1069 3568 1410 3640 prophetiam
1438 3583 1562 3627 esse

3 3664 310 3721 tercentum
343 3674 363 3708 ι
402 3655 457 3710 id
505 3669 573 3711 ex
606 3655 865 3723 Eusebio,
916 3665 976 3713 ut
1022 3668 1080 3715 et
1125 3659 1384 3732 pleraque
1429 3660 1560 3732 alia,

3 3752 290 3800 nntuatus.
319 3745 395 3801 De
426 3746 686 3817 apostolis
712 3746 840 3803 item
872 3746 1184 3806 Judaeorum
1223 3750 1390 3807 verba
1430 3750 1563 3809 facit

3 3830 251 3889 Eusebius
289 3836 355 3890 ad
395 3846 752 3906 caputxtrtm
779 3854 834 3900 v.
862 3840 915 3908 l,
952 3839 1009 3893 Ὁ
1055 3840 1454 3897 ἀποστέλλων
1491 3841 1564 3896 ἐν

1583 3052 1627 3113 G

3 3922 271 3995 ἳαλάσσῃ
304 3925 526 3997 ὅμηρα·
563 3929 617 3986 id
648 3941 733 3988 est
763 3952 779 3989 ε
813 3951 833 3986 c
861 3932 964 4000 Qui
994 3931 1161 3987 mittit
1205 3932 1259 3989 in
1281 3948 1435 3992 mare
1462 3934 1563 3991 ob-

3 4014 173 4071 sides:
205 4032 226 4067 s
273 4016 364 4072 ubl
411 4017 772 4091 Symmachus
814 4020 1001 4088 vertit,
1046 4021 1393 4078 ἀποστέλλων
1427 4023 1562 4079 ἀπο-

3 4105 202 4170 ιτόλους
225 4108 284 4163 ὲν
303 4107 569 4183 θαλάσσῃ·
595 4130 615 4163 ι
638 4110 741 4180 Qui
768 4112 933 4167 mittit
957 4111 1231 4184 apostolos
1248 4113 1303 4169 in
1328 4128 1511 4184 marm
1536 4132 1555 4167 s

3 4211 101 4253 uec
125 4200 270 4254 enim
295 4198 480 4269 adjicit
508 4219 527 4258 τ
546 4202 616 4257 Οἵ
651 4219 713 4257 τε
739 4202 1026 4258 ἀπόστολοι
1053 4200 1254 4270 αὐτῶν,
1276 4202 1562 4269 ἐπιστολάς

3 4288 227 4355 Βιδλίνας
257 4293 626 4367 κομιζόμενοι,
656 4295 914 4370 ὑπεράνω
944 4312 1007 4349 τε
1039 4292 1150 4351 τῶν
1181 4294 1388 4351 ὑδάτων
1431 4312 1560 4350 ναυ-

3 4377 314 4452 τιλλόμενοι,
353 4383 449 4438 καὶ1
509 4384 612 4458 τὴν
661 4385 936 4441 Θάλασσαν
980 4384 1339 4457 ἐμπλέοντες,
1382 4386 1556 4443 ἁπαν·

3 4469 153 4541 ταχοῦ
197 4472 299 4545 γῆς
347 4473 640 4549 διέτρεχον,
683 4475 775 4532 τδν
820 4474 1073 4549 περὶτοῦ
1112 4476 1364 4550 Σωτῆρος
1400 4469 1556 4551 ἡμῶν

3 4563 419 4633 ὲνδιαῦάλλοντες
461 4568 639 4639 λόγον.
678 4571 1033 4636 Ἀποστόλους
1056 4572 1113 4627 δὲ
1140 4572 1308 4627 εἰσέτι
1341 4572 1437 4627 καὶ
1461 4573 1557 4630 νῦν

3 4652 106 4719 [θος
145 4657 295 4711 ἐστὶν
343 4658 618 4725 Ἰουδαίοις
662 4661 949 4734 ὀνομάζειν
1009 4663 1137 4727 τοὺς
1170 4662 1240 4718 τὰ
1291 4662 1558 4733 ἐγκύκλια

3 4749 290 4823 Γράμματα
336 4753 488 4826 παρὰ
536 4753 644 4811 τῶν
684 4756 963 4829 ἀρχόντων
1015 4756 1194 4814 αὐτῶν
1240 4757 1556 4831 ἐπικομιζο-

3 4838 207 4910 μένους.
250 4840 366 4900 Hoc
411 4854 498 4900 est
549 4863 565 4901 ι
616 4864 637 4899 c
665 4847 1014 4918 Apostolique
1034 4863 1251 4917 eorum,
1298 4850 1557 4921 epistolas

3 4931 222 4990 wiblinas
254 4933 588 5004 deferenteS,
626 4954 692 4994 ac
721 4953 883 5010 supra
911 4941 1130 4998 dorsum
1177 4955 1459 5012 aquarum,
1499 4949 1558 5000 et

8 5042 39 5079 n
78 5026 214 5081 mari
241 5026 585 5100 navigantes,
629 5030 829 5102 ubique
863 5039 1128 5089 terrarum
1159 5033 1556 5104 discurrebant,

5 5132 290 5173 ‚ermonem
341 5119 412 5175 de
467 5117 759 5179 Servatore
823 5132 1012 5180 nostro
1061 5124 1351 5181 calumniis
1400 5124 1555 5182 velli·

3 5219 187 5266 rantes.
212 5210 497 5281 Apostolos
519 5226 651 5270 vero
679 5214 841 5271 etiam
872 5233 1012 5274 nunc
1044 5216 1213 5274 ludaei
1243 5228 1556 5288 nuncupare

3 5300 166 5355 mlent
196 5316 314 5370 eos,
362 5301 455 5372 qui
509 5304 807 5363 circulares
854 5309 1156 5380 principum
1197 5324 1416 5366 suorum
1464 5308 1556 5365 lit-

6 5406 130 5447 eras
162 5392 587 5466 circumquaque
609 5396 913 5455 deserunt.»
938 5399 1064 5458 llaec
1095 5416 1256 5472 porro
1283 5410 1553 5472 postrema

3 5482 171 5550 rerba,
199 5485 532 5553 ἀποστόλους
573 5488 631 5543 δὲ
673 5490 838 5545 εἰσέτι
881 5493 977 5548 καὶ
1017 5492 1134 5561 νῦν,
1163 5503 1292 5560 etc„
1321 5494 1553 5565 ascripta

3 5576 152 5630 tabes
175 5578 314 5646 apud
335 5575 744 5648 OEcumenium,
765 5582 835 5637 ad
861 5580 1155 5653 Epistulam
1175 5584 1245 5639 cd
1266 5583 1551 5641 Romanos.

3 5668 60 5722 >c
108 5668 369 5737 apostolis
416 5668 722 5731 ludaeorum
793 5673 1011 5745 paulum
1073 5676 1285 5735 diversa
1337 5675 1553 5736 tradere

1585 4436 1634 4493 Ι)

1666 433 1696 485 ὁ
1735 428 1995 501 Ἰώσηπος
2042 428 2148 482 τῶν
2197 429 2329 499 παρ’
2358 426 2552 492 αὐτοῖς
2607 424 3033 500 &Eu-spat&

1666 521 1977 593 ἐναρίθμιος
2021 515 2110 593 ἦν.
2139 520 2260 574 mci.
2300 518 2357 574 δδ
2389 512 2544 574 οὗτοι
2587 517 2752 592 μετὰ
2797 518 2904 573 τὸν
2950 537 3060 576 ‘ut

1667 611 1950 666 ἀπόστολοι
2010 607 2361 681 καλούμενοι·
2411 608 2890 683 προσεδρεύουσι
2941 611 3004 666 δί
3050 629 3061 646 ·

1666 704 1923 777 τριάρχῃ,
1953 702 2048 756 καὶ
2079 703 2175 757 σὺν
2214 700 2363 772 αὐτῷ
2403 700 2718 766 πολλάκις.
2752 702 2865 757 καὶ
2911 705 2974 758 ἐν
3007 721 3061 758 νυ

1664 798 1722 852 ὲν
1762 797 1962 869 ἡμέρᾳ,
2011 794 2246 867 συνεχῶς
2290 793 2578 863 διάγουσι,
2635 792 2744 849 διὰ
2780 793 2855 849 τὸ
2904 796 3061 870 cup-Gt

1664 888 1760 942 καὶ
1807 887 2098 960 ἀναφέρειν
2159 884 2308 956 αὐτῷ
2350 882 2421 939 τὰ
2463 882 2624 939 κατὰ
2675 883 2786 939 τὸν
2846 886 3040 959 νόμον.

1670 1000 1690 1033 ι
1721 981 1932 1038 Etenim
1981 979 2070 1036 hic
2127 979 2242 1048 ipse
2285 974 2563 1047 sompnus
2613 975 2788 1033 inter
2831 978 3061 1050 dignita

1663 1079 1872 1127 stantes
1916 1068 2065 1125 viros
2128 1082 2295 1140 penes
2345 1065 2564 1125 iudaeos
2624 1070 3053 1125 numerabatur

1662 1173 1787 1235 post
1823 1161 2186 1233 patriarcham
2228 1158 2501 1231 apostolos
2540 1159 2896 1218 nominant.
2940 1162 3061 1219 Asu

1663 1249 2007 1321 patriarchae,
2036 1257 2092 1304 et
2138 1261 2263 1303 cum
2310 1260 2376 1303 eo
2423 1246 2641 1316 saepius
2693 1247 2809 1305 diu
2851 1261 3061 1323 noctu·

1662 1347 1892 1396 santur:
1918 1339 2063 1411 quod
2108 1339 2283 1395 eidem
2317 1353 2348 1393 a
2381 1336 2648 1394 consiliis
2681 1340 2854 1409 sint,
2895 1352 2957 1399 et
2999 1342 3060 1400 de

1662 1429 1872 1495 ferant,
1918 1444 2039 1501 quae
2085 1430 2152 1486 ad
2188 1429 2358 1502 legem
2410 1427 2717 1499 pertinere
2762 1432 3051 1490 videntur.

1661 1524 1827 1596 igitur
1872 1524 1939 1580 ad
1990 1524 2202 1581 litteras
2245 1522 2388 1579 ultro
2433 1522 2720 1594 citroque
2777 1526 3045 1583 serendas

1660 1626 1806 1671 tutos
1837 1617 1914 1671 ait
1961 1614 2259 1678 Eusebius,
2307 1613 2527 1668 eosdem
2583 1624 2840 1684 eontra,
2898 1629 3052 1675 noctu

1662 1717 1844 1763 astare
1892 1707 2237 1777 patriarchae,
2284 1704 2496 1775 ipsique
2535 1718 2570 1759 a
2621 1710 2911 1767 consiliis
2941 1726 3057 1768 esse

1659 1795 2016 1867 Epiphanius.
2070 1793 2269 1850 Verum
2324 1792 2541 1849 Eusebii
2596 1796 2937 1866 explicatio
2988 1814 3061 1855 eui

1662 1886 1988 1950 ἀπόστολος,
2034 1884 2086 1939 id
2140 1892 2224 1940 est
2271 1885 2483 1950 missus,
2534 1888 2745 1957 magis
2800 1894 3054 1947 consenti

1659 1976 2057 2034 accinitCodex
2081 1975 2485 2033 'theodosianus
2502 1974 2581 2030 De
2618 1976 2895 2047 Judoeis,
2932 1982 3061 2042 lib.2

1659 2068 1740 2125 sic
1769 2069 1973 2124 habet:
2015 2087 2036 2122 ι
2067 2065 2500 2137 superstitionis,
2535 2066 2782 2138 inquit,
2815 2071 3049 2143 indigna

1659 2159 2090 2230 archisynagogi,
2118 2159 2232 2215 sive
2277 2156 2580 2229 presbyteri
2632 2156 3060 2229 Judaeornmm

1660 2249 1763 2321 ipsi
1811 2249 2087 2321 apostolos
2140 2257 2364 2316 vocant,
2405 2247 2495 2318 qui
2554 2249 2626 2303 ad
2685 2255 3041 2327 exigendum

1657 2349 1820 2411 atque
1865 2348 2167 2410 argentum,
2194 2354 2224 2394 a
2262 2337 2573 2409 patriarcha
2622 2353 2807 2400 certo
2861 2354 3061 2418 tempor

1657 2440 1876 2503 guntur,
1916 2448 1946 2487 a
1982 2431 2211 2503 singulis
2242 2440 2486 2487 exactam
2530 2444 2849 2494 summam
2899 2451 3056 2511 atque

1656 2532 1826 2593 ptam,
1873 2524 1940 2578 ad
1973 2522 2222 2580 eumdem
2254 2530 2551 2593 reportent.
2592 2541 2617 2576 s
2667 2523 2800 2584 Sed
2841 2530 3061 2590 sortasst

1657 2613 1851 2670 lientur
1895 2614 2198 2685 opiniones,
2240 2614 2285 2671 si
2327 2613 2592 2678 dicamus,
2643 2624 2969 2687 apostolos
2996 2624 3061 2681 luc

1661 2711 1948 2772 atrumque
1976 2702 2297 2773 praestitisse
2322 2717 2549 2771 munus;
2587 2714 2659 2761 ut
2693 2711 2948 2771 scilieet
2979 2728 3061 2788 pam

1658 2794 1982 2862 assiderent,
2008 2809 2076 2852 ac
2100 2795 2221 2867 ejus
2252 2792 2407 2867 jussa
2436 2802 2492 2851 et
2522 2794 2825 2864 epistolas
2858 2807 3061 2866 ultrod

1664 2882 1962 2941 deferrent.

1917 3033 2005 3086 m.
2032 3033 2279 3086 Eusebius
2300 3033 2512 3086 Hebraeo
2533 3034 2769 3094 doctore
2794 3054 2889 3099 est
2912 3064 3050 3102 usus.

1731 3182 1813 3238 Ad
1841 3190 2004 3254 caput
2033 3197 2165 3241 vero
2190 3197 2225 3235 v
2251 3182 2330 3238 ait
2357 3180 2601 3250 Judaeo⁸‚
2629 3190 2741 3258 qui
2780 3194 2867 3252 ab
2912 3200 3061 3255 atbet

1662 3273 2067 3330 idololatrarum
2093 3272 2371 3330 consortio
2393 3271 2621 3331 mini-e
2653 3277 3061 3345 abhorrebant

1661 3364 2096 3422 Christianorum
2128 3362 2543 3421 contubernium
2572 3378 2868 3432 aversari
2897 3419 2918 3446 ,
2959 3381 3061 3450 pia

1661 3457 1885 3530 ligionis
1928 3456 2165 3513 cultores
2200 3455 2404 3526 ubique
2435 3454 2643 3526 pellere
2671 3469 2738 3517 et
2796 3481 3042 3527 venre.

1662 3563 1784 3605 meu
1811 3548 2034 3605 insitum
2062 3547 2194 3603 illud
2217 3545 2529 3603 Judaeorum
2558 3548 2787 3610 animis
2826 3558 2893 3615 in
2924 3562 3060 3618 Chri

1661 3653 1860 3697 nomen
1906 3639 2088 3695 edium
2146 3637 2436 3697 Eusebium
2486 3638 2781 3702 deterruit
2806 3688 2826 3717 ,
2886 3668 3058 3725 quom

1659 3729 2079 3789 Commentariis
2122 3730 2238 3787 suis
2268 3730 2497 3788 Bebraeo
2537 3733 2789 3796 doctore
2827 3744 2912 3799 sit
2944 3760 3061 3801 usus

1660 3838 1768 3880 non
1809 3823 1976 3881 semel
2004 3837 2065 3880 se
2110 3823 2587 3894 interpretationes
2629 3835 2910 3889 mutuari
2947 3852 3061 3892 suae

1661 3922 1824 3970 tetur.
1851 3913 1941 3981 Et,
1966 3915 2112 3985 quod
2140 3913 2399 3972 observes
2424 3914 2610 3980 veiim,
2640 3919 3002 3996 ubicunque
3028 3927 3061 3982 E

1660 4020 1723 4063 se
1764 4006 1831 4061 ab
1858 4004 2085 4063 liebraeo
2114 4004 2358 4073 doctore,
2386 4005 2473 4061 vel
2516 4005 2585 4061 ab
2619 4005 2898 4071 Hebraeis
2933 4018 3061 4089 aliq

1614 4115 1619 4121 ·
1660 4096 1860 4154 dicisse
1888 4098 1997 4166 ait,
2044 4097 2243 4153 ibidem
2280 4096 2642 4168 {lieronymus
2671 4115 2743 4157 se
2790 4104 3051 4178 idipsum

1666 4190 1821 4247 braeo
1852 4191 2074 4245 doctore
2100 4189 2374 4261 accepisse
2402 4187 2754 4246 testificatur.

1761 4300 1848 4354 lv.
1875 4299 2127 4352 Eusebius
2148 4303 2219 4351 ait
2236 4305 2421 4352 terram
2444 4312 2543 4350 non
2570 4312 2683 4352 esse
2699 4305 2976 4367 sphetim
2998 4313 3061 4363 tbi

1733 4386 2002 4444 Eusebius
2023 4384 2344 4458 plerumque
2373 4385 2429 4441 in
2456 4384 2911 4449 Commentariis
2943 4395 3005 4451 in
3032 4396 3061 4451 Ι

1661 4479 1791 4537 dicit
1813 4478 2072 4535 mundum
2100 4476 2363 4548 sphaerica
2393 4475 2564 4532 forma
2586 4487 2740 4542 csse;
2781 4483 2890 4538 sed
2921 4486 3061 4541 audii

1664 4573 1829 4639 tione,
1876 4583 1996 4627 eam
2043 4584 2168 4627 esse
2215 4569 2571 4641 quorumdam
2618 4570 2953 4639 opinionem
3001 4580 3055 4634 ai

1661 4667 1896 4725 obscure
1934 4663 2240 4722 subindicat
2270 4677 2333 4720 se
2366 4662 2495 4718 item
2527 4663 2718 4719 eadem
2757 4672 3054 4727 sententia

1660 4770 1761 4812 nec
1792 4765 1974 4811 tamen
2002 4754 2057 4810 id
2085 4763 2272 4825 aperte
2320 4754 2560 4825 profiteri
2593 4754 2786 4823 audet,
2833 4762 2974 4828 quia
3008 4760 3061 4816 l'o

1661 4850 1818 4921 longe
1847 4847 1993 4905 aliud
2033 4847 2378 4902 aestimabant
2412 4846 2557 4902 illius
2601 4847 2785 4902 saeculi
2821 4850 3061 4908 Christi:

1661 4941 1750 4997 hic
1810 4948 2035 4996 coactus
2101 4937 2396 4994 secundum
2453 4938 2727 5008 vulgarem
2800 4938 3053 4998 Christis

1658 5039 1897 5089 mentem
1950 5030 2099 5086 illum
2150 5029 2364 5088 Hesaiae
2416 5030 2590 5086 locum
2634 5043 2758 5099 cap.
2806 5046 2884 5088 ιι.
2930 5034 3058 5106 expl

1667 5143 1687 5177 a
1717 5123 1819 5191 Qui
1851 5122 2043 5179 statuit
2068 5121 2266 5179 coelum
2307 5122 2462 5191 quasi
2498 5120 2785 5188 fornicem,
2817 5134 2877 5180 et
2907 5137 3060 5183 exter

1659 5214 2064 5271 tabernaculum
2108 5214 2175 5269 ad
2206 5213 2584 5280 habitandum,
2611 5230 2631 5267 ι
2679 5213 2748 5268 ad
2780 5214 3003 5275 Cosmae
3029 5233 3061 5274 ο

1658 5322 1783 5365 nem
1817 5321 2041 5379 prorsus
2067 5306 2319 5363 aceedit:
2348 5325 2368 5358 ι
2398 5307 2616 5369 Deinde.
2638 5309 2838 5377 inquit,
2871 5326 3060 5369 sermo

1661 5408 1805 5455 terra
1829 5399 2069 5472 erigens,
2097 5398 2381 5455 universos
2408 5399 2626 5465 excitat,
2665 5407 2724 5453 ut
2749 5403 3039 5461 coelestom

1656 5506 1800 5556 cem,
1821 5500 1879 5546 et
1906 5490 2344 5561 hemisphaerium
2369 5490 2494 5546 illud
2514 5503 2675 5559 supra
2704 5501 2910 5549 terram
2933 5496 3061 5551 elati

1658 5597 1888 5638 camerae
1924 5583 2097 5638 instar
2120 5582 2371 5638 omnibus
2412 5582 2717 5648 imminens,
2755 5585 3061 5644 admirentu

1659 5673 1896 5747 cogitent
1922 5684 2121 5745 quanta
2148 5675 2218 5732 sit
2239 5674 2411 5733 virtus
2438 5672 2579 5745 ejus,
2606 5674 2697 5744 qui
2721 5676 2925 5737 coeluut
2955 5694 3059 5739 con
