3692 6134
64 183 248 268 ῖτωι

23 269 125 344 τε..

110 305 338 389 ι”οχροίς
368 313 599 385 αἰσχύνη
626 314 690 367 ἐκ
723 315 1128 387 συναισθήσεως
1165 318 1348 381 αὐτοῖς
1378 318 1730 390 ἐγγενομένη,
1763 328 1805 380 A
1839 332 1952 381 sus,
1987 332 2146 388 quem
2180 318 2247 374 de
2270 318 2428 375 soedis
2454 318 2571 375 suis
2597 321 2765 389 gestis
2789 326 3101 396 percepturi
3132 336 3276 396 sunt,
3301 328 3408 386 im-

1120 196 1627 256 COMMENTAtttA
1668 199 1736 254 ΙΝ
1775 200 2027 257 tsAtAM.
2064 233 2126 243 -
2168 200 2321 256 CAP.
2358 202 2425 259 tt.

3308 211 3409 268 ¹02

23 454 89 502 ²
122 406 251 481 τεῆς
287 406 650 478 ἀναισχύντου
679 408 771 463 καὶ
800 408 1049 473 ἁναιδοῦς
1102 411 1476 483 προαιρέσεως
1506 411 1731 483 μεταόο-
1831 408 2052 479 pudenti
2069 411 2510 470 etinverecundo
2531 417 2722 470 eorum
2744 416 3027 487 proposito
3050 429 3406 478 mutattonem

23 511 89 594 -“
140 498 251 575 λὴν
276 499 460 563 αὐτοῖς
488 498 707 570 ἔμελλεν
729 502 1070 574 ἐμποιήσειν.

23 635 85 690 Ιέ

32 745 79 800 μ

23 835 76 876 ιι

23 930 68 970 ,Ἱ

23 1021 63 1060 Β

223 592 513 645 «Ἔσονται
532 592 726 663 γάρὼς
749 591 1059 668 τερέῦινθος
1079 594 1484 668 ἀποὸεῦληκυία
1513 597 1582 653 τά
1606 598 1731 669 φύλ-

142 682 239 749 λα,
276 683 370 738 καὶ
402 684 478 748 ὠς
508 684 832 756 παράδεισος
876 684 1018 758 ὕδωρ
1051 685 1126 757 μὴ
1183 686 1351 757 ἔχων·
1376 707 1394 739 »
1457 691 1505 743 οί
1560 690 1728 745 πάλαι

146 773 303 839 ὄντες
328 774 586 847 ἀμπελὼν
623 776 830 848 Κυρίου
867 775 1113 843 Σαὸαὼθ,
1160 780 1255 833 καὶ
1285 779 1439 834 ἐλαία
1488 779 1723 846 εῦσκιος.

144 866 218 924 Et
247 866 375 938 γοῦν
392 884 478 931 τις
509 866 763 922 θεάσαιτο
786 868 886 934 τὰς
907 870 1034 941 παρ’
1058 869 1243 936 αὐτοῖς
1261 871 1369 926 τῶν
1398 873 1560 927 θείων
1586 874 1726 946 Γρα-

149 958 267 1034 φῶν
294 960 642 1031 ἐπαγγελίας,
690 961 931 1033 νομικῶν
960 979 1021 1016 τε
1055 964 1147 1017 καὶ
1179 965 1532 1036 προφητικῶν
1579 968 1723 1040 Γρα-

1831 498 2042 554 afferet.

1901 590 2063 647 Vens.
2093 592 2184 651 50.
2221 612 2240 646 ι
2264 594 2433 650 Erunt
2461 596 2604 651 enim
2637 581 2775 653 sicut
2809 598 3144 655 terebinthus
3169 600 3405 660 defluen-

1830 681 1974 739 tibus
2033 683 2193 754 soliis,
2251 694 2308 741 et
2370 688 2510 744 sicut
2548 690 2833 757 paradisus
2874 692 2990 745 sine
3022 708 3161 763 aqna
3196 712 3211 750 ι
3250 714 3269 747 ι
3310 698 3403 767 qui

1828 773 1959 828 olim
1984 786 2139 830 erant
2166 778 2326 833 vinea
2351 778 2566 836 Domini
2596 780 2854 845 Sabaoth,
2878 791 2933 837 et
2960 783 3099 839 oliva
3125 787 3400 844 umbrosa.

1830 863 1887 920 Si
1924 867 2047 935 quis
2078 868 2223 922 enim
2256 872 2560 939 respexerit
2582 872 2646 927 ad
2678 876 2942 944 promissa
2970 892 3089 945 quae
3127 878 3179 932 in
3206 878 3403 937 divinis

1828 954 2126 1027 Scripturis
2150 975 2315 1029 penes
2344 961 2462 1017 illos
2485 964 2779 1031 habentur,
2811 969 2879 1022 ad
2920 966 3166 1039 legalium
3195 979 3253 1025 et
3270 951 3400 1043 pro*-

23 1099 54 1151 Ε
146 1049 266 1126 ’ὧν
294 1053 648 1122 ἀναγνώσεις,
679 1053 877 1125 gemm„
906 1072 966 1109 τε
1011 1056 1295 1128 ἱστορικῶν
1328 1060 1422 1111 καὶ
1453 1060 1724 1133 ,γη-,χηρῶν
1823 1048 2165 1117 pheticarum
2216 1050 2632 1124 Scripturar'um
2681 1055 2977 1126 lectiones,
3024 1059 3087 1114 ad
3137 1061 3397 1119 librorum

24 1192 61 1248 [Β
136 1141 323 1217 λάχον,
354 1145 627 1219 ὑμνῳδίαις
655 1164 714 1200 τε
740 1147 995 1219 τρόπους,
1028 1149 1121 1203 καὶ
1152 1150 1502 1222 ψαλμῳδιας-
1537 1152 1721 1223 &pam
1825 1148 1935 1195 tam
1986 1139 2391 1207 historicorum,
2430 1160 2594 1214 quam
2638 1150 2986 1204 metricorum
3038 1162 3384 1221 concentum,

138 1235 473 1308 1παράδεισον
495 1235 731 1310 ἀληθῶς,
781 1240 874 1293 καὶ
903 1238 1144 1311 λειμῶνα
1172 1243 1440 1298 παντοίων
1479 1244 1715 1314 ἀγαθῶν.

1821 1229 2010 1285 modos
2032 1239 2086 1284 et
2109 1232 2466 1300 psalmodias,
2494 1236 2542 1291 is
2568 1251 2696 1292 vere
2724 1242 3057 1307 paradisum,
3090 1251 3146 1298 et
3170 1256 3387 1313 pratum

23 1287 89 1396 32.
122 1321 205 1384 'm
228 1326 287 1381 δὲ
321 1326 571 1400 ζητήσειε
617 1330 750 1400 παρ’
779 1330 959 1395 αὐτοῖς
986 1331 1077 1385 τὸν
1116 1330 1355 1405 ἔμψυχον
1380 1334 1475 1389 καὶ
1498 1334 1718 1407 γόνιμον
1818 1318 1977 1376 bonis
2002 1323 2255 1379 omnibus
2299 1325 2562 1393 repletum
2597 1328 2799 1385 videat.
2830 1332 2983 1397 Quod
3014 1333 3062 1387 si
3092 1337 3214 1402 quis
3243 1336 3384 1405 apud

48 1565 67 1598 Ρ

46 1607 57 1624 ,
82 1607 87 1612 .

23 1627 93 1716 24«

124 1523 227 1575 τος
252 1510 544 1582 ἁλλομένου
578 1514 657 1577 είς
683 1512 828 1585 ζωὴν
851 1512 1066 1570 αίώνιον
1089 1534 1102 1545 ·
1127 1516 1227 1571 οὐκ
1255 1517 1321 1572 ἂν
1340 1516 1510 1591 εὖροι.

209 1789 231 1826 ι
257 1772 369 1827 Καὶ
396 1771 548 1827 ἐσται
580 1776 615 1846 η
651 1774 1005 1850 ίσχὺςζαύτῶν
1033 1780 1111 1844 ὡς
1143 1781 1366 1854 καλάμη
1390 1784 1712 1850 στυππείου,

124 1862 230 1946 καὶ
274 1866 332 1918 αἱ
369 1865 625 1937 ἐργασίαι
658 1869 834 1924 αὐτῶν
857 1871 934 1936 ὼς
963 1873 1158 1931 σπινθί
1169 1890 1260 1945 ρες
1284 1890 1297 1903 ·
1323 1873 1420 1926 καὶ
1444 1890 1718 1927 κατακαυ-

106 1939 390 2029 “Quotam
411 1958 461 2011 οί
492 1956 703 2031 ἄνομοι,
731 1962 826 2015 καὶ
852 1964 901 2017 οἱ
924 1964 1245 2037 άμαρτωλοὶ
1293 1965 1411 2035 ἅμα
1434 1982 1448 1995 ·
1490 1966 1585 2021 καὶ
1617 1968 1716 2021 ούκ

130 2023 289 2100 ἧσαι
316 2045 344 2096 ὁ
370 2044 594 2097 σδέσων.
620 2064 639 2097 ι
673 2046 747 2099 Οὺ
777 2047 947 2112 σίτου,
970 2049 1092 2102 οὐδέ
1123 2066 1264 2113 τινος
1291 2051 1479 2121 ἐτέρου
1512 2051 1619 2106 τῶν
1647 2052 1712 2106 ἀ-

24 2119 411 2228 ηθγκαίων
432 2134 675 2207 καλάμη,
701 2137 792 2191 διὰ
821 2139 880 2192 τὸ
898 2139 1210 2213 ἀφῃρῆσθαι
1231 2142 1325 2195 ἀπ’
1355 2141 1534 2196 αὐτῶν
1562 2144 1710 2215 ίσχύ-

24 2233 55 2294 5
131 2239 267 2278 οντα
292 2225 385 2279 καὶ
419 2226 726 2297 ἰσχύουσαν,
781 2228 876 2284 καὶ
922 2231 1074 2302 ἰσχὺν
1100 2232 1287 2302 ἄρτου,
1341 2233 1433 2287 καὶ
1461 2232 1534 2288 τά
1561 2234 1707 2306 ἑξῆς.

128 2312 229 2370 Διὸ
249 2314 370 2369 οὐδὲ
416 2316 669 2372 δύνανται
710 2317 890 2388 λέγειν
930 2324 1044 2385 τοῖς
1083 2321 1318 2393 Χριστοῦ
1362 2324 1629 2398 μαθηταῖς
1654 2328 1709 2381 ὀ-

24 2445 39 2474 ·.·
128 2404 304 2477 μοίως
326 2422 341 2437 ·
390 2430 408 2459 ι
430 2408 617 2465 Πάντα
650 2410 906 2482 ίσχύομεν
929 2413 988 2465 ἐν
1031 2412 1108 2485 τῷ
1137 2414 1521 2487 ἐνδυναμοῦντι
1561 2418 1706 2489 ἡμᾶς

24 2475 61 2592 3³.

120 2495 278 2570 Θεῷ·
300 2516 322 2551 ο
353 2502 467 2567 καὶ,
505 2520 524 2554 ι
543 2501 638 2567 Τίς
682 2505 829 2575 ἡμᾶς
848 2506 1070 2578 χωρίσει
1104 2507 1215 2562 ἀπὸ
1240 2510 1339 2582 τῆς
1364 2511 1585 2584 ἀγάπης
1607 2512 1702 2567 τοῦ

24 2603 43 2646 ,ξ
120 2589 395 2666 Χριστοῦς
428 2592 662 2667 θλίψιςῆ
696 2598 1059 2672 στενοχωρία;
1087 2619 1106 2652 ι
1141 2602 1236 2655 καὶ
1262 2600 1331 2656 τά
1363 2602 1510 2675 ἐξῆς.
1546 2606 1704 2660 Οὕτω

23 2699 35 2733 :
118 2680 179 2739 δέ
200 2683 416 2754 γέγονεν
444 2685 622 2740 αὐτῶν
670 2688 704 2759 ἡ
736 2690 886 2761 ίσχὺς
918 2689 995 2756 ὡς
1018 2691 1239 2766 καλάμη
1276 2698 1595 2765 στυππείου,
1626 2699 1704 2763 ὡς

23 2792 33 2824 τ
123 2777 201 2852 μὴ
252 2780 410 2851 μόνον
439 2780 701 2836 ἀπολέσαι
732 2784 831 2855 τὴν
879 2783 1218 2858 ἐλευθερίαν,
1262 2782 1382 2861 ἐνῇ
1437 2791 1703 2863 πρότερον

23 2910 27 2914 -
119 2872 353 2943 ἐκόμων,
402 2872 696 2946 αὐτονομίᾳ
739 2876 833 2930 καὶ
890 2876 1134 2950 βασιλείᾳ
1184 2878 1358 2951 οἰκείᾳ
1405 2879 1700 2952 χρώμενοι,

119 2962 258 3019 ἀλλὰ
282 2964 377 3019 καὶ
409 2967 520 3030 τοῖς
542 2963 769 3036 τυχοῦσι
811 2964 1094 3038 Ῥωμαίων
1125 2968 1483 3042 στρατιώταις
1506 2970 1703 3042 ἀνδρά-
1730 3001 1772 3059 C

121 3072 176 3110 σι
207 3055 489 3111 δουλεύειν.
523 3058 634 3111 Καὶ
659 3056 838 3111 αὐτῶν
863 3056 973 3128 γὰρ
996 3060 1052 3111 αί
1077 3060 1328 3128 ἐργασίαι
1355 3061 1487 3132 πυρὶ
1510 3061 1698 3127 αἴτιαι,

121 3145 220 3201 &ve
257 3147 319 3201 οὐ
349 3148 547 3218 χρυσὸν
563 3148 686 3203 οὐδὲ
722 3148 961 3220 ἄργυρον
993 3148 1112 3203 οὐδὲ
1143 3147 1324 3214 λίθους
1354 3151 1587 3221 τιμίους,
1614 3151 1704 3218 ξύ-

121 3234 214 3292 λον
255 3238 310 3291 δέ
342 3239 498 3309 μόνον
538 3241 631 3294 καὶ
664 3239 918 3311 καλάμην
949 3239 1392 3312 οίκοδομούντων.
1444 3243 1608 3316 Ὁρᾷς
1648 3245 1704 3298 ὃ-

124 3345 244 3392 πως
286 3330 622 3401 πυρπόλησιν
668 3331 766 3385 καὶ
817 3330 1142 3404 ἐμπρησμὸν
1187 3332 1402 3388 ἀπειλεῖ
1451 3334 1632 3399 αὐτοῖς
1673 3338 1702 3389 ὁ

120 3419 280 3489 λόγος
306 3436 321 3450 ·
374 3421 467 3474 καὶ
503 3421 658 3476 τοῦτο
686 3421 837 3486 τέλος
893 3422 993 3494 τῆς
1041 3422 1320 3494 παρούσης
1371 3425 1491 3479 κατ’
1521 3427 1700 3483 αὐτῶν

121 3512 487 3585 προφητείας·
514 3513 543 3567 ὀ
578 3513 641 3586 δὴ
673 3515 767 3569 καὶ
787 3514 1129 3587 παραχρῆμα
1153 3515 1290 3588 πρὸς
1321 3516 1463 3582 λέξιν
1495 3518 1696 3590 ἀπέὸη,

119 3602 221 3658 καὶ
252 3604 351 3657 οὐκ
387 3605 468 3668 είς
505 3604 721 3676 μακράν
752 3604 892 3676 μετὰ
919 3604 1016 3676 τὴν
1045 3604 1184 3659 κατὰ
1229 3605 1325 3660 τοῦ
1357 3607 1608 3679 Σωτῆρος
1633 3609 1698 3679 ἡ·

121 3692 244 3766 μῶν
271 3694 470 3766 τόλμαν
493 3694 929 3768 πυρποληθείσης
955 3696 1135 3761 αὐτοῖς
1165 3696 1267 3767 τῆς
1290 3699 1691 3771 μητροπόλεως,

115 3786 233 3842 τῶν
265 3803 324 3840 τε
371 3789 428 3840 ἐν
463 3788 597 3859 αὐτῇ
643 3788 851 3844 ἀσεὸῶν
893 3791 957 3843 ἐκ
984 3788 1090 3844 τῶν
1121 3789 1333 3846 οἰκείων
1381 3791 1693 3864 σπινθήρων

115 3877 184 3932 τὸ
211 3878 471 3933 ἀσὸεστον
498 3878 608 3951 πῦρ
654 3880 716 3933 τὸ
745 3880 978 3945 αἰώνιον,
1017 3881 1111 3935 καὶ
1136 3881 1234 3952 τὴν
1260 3884 1325 3936 ἐκ
1361 3882 1494 3937 Θεοῦ
1525 3883 1692 3956 ὀργὴν

116 3972 180 4027 ἐν
199 3971 384 4044 ἡμέρᾳ
402 3971 569 4043 ὀργῆς
597 3973 780 4037 αὐτοῖς
798 3975 1262 4047 ταμιευσαμένων.

659 4063 1052 4117 ΚΕΦΑΛΑῙΟΝ
1087 4064 1163 4119 B'.

196 4171 217 4203 ι
238 4152 295 4207 ’0
319 4152 474 4223 λόγος
499 4155 528 4206 ὀ
558 4154 845 4225 γενόμενος
877 4156 1027 4227 παρὰ
1059 4154 1264 4229 Κυρίου
1291 4156 1427 4229 πρὸς
1463 4157 1690 4214 Ἠσαίαν

120 4244 239 4297 υἱὸν
264 4244 441 4315 ’Δμὼς
463 4247 589 4316 περὶ
618 4247 712 4317 τῆς
742 4246 998 4306 Ἰουδαίας
1019 4247 1112 4301 καὶ
1145 4247 1272 4320 περὶ
1302 4249 1688 4323 Ἰερουσαλήμ·

24 1397 234 1476 '’Si-70⁸1
262 1417 439 1484 ζῶντα
471 1419 662 1489 Λόγον,
690 1416 753 1473 οἵ,
777 1423 806 1474 ὁ
833 1421 1000 1476 πίνων
1027 1424 1207 1497 πηγὴν
1235 1424 1346 1492 ἕξει
1371 1424 1559 1489 ὓδατος
1582 1426 1717 1492 ζῶν,
1815 1408 1938 1464 illos
1958 1410 2278 1477 animatum,
2306 1411 2483 1469 fertile
2511 1430 2577 1471 ac
2607 1417 2800 1472 vivens
2828 1420 3063 1475 Verbum
3094 1424 3390 1493 qnoesierit,

24 1471 91 1546 ti*

23 1585 37 1621 t

1815 1516 1881 1557 ex
1935 1518 2044 1573 quo
2099 1505 2349 1575 quisquis
2401 1507 2642 1575 biberit,
2704 1510 2927 1567 habebit
2981 1511 3187 1570 sontem
3238 1530 3392 1586 aquae

1818 1594 1981 1660 vivae,
2015 1594 2263 1653 salientis
2314 1597 2369 1651 in
2418 1599 2584 1655 vitam
2624 1611 2917 1671 aeternam3
2954 1607 3270 1677 neutiquam
3301 1608 3388 1665 iu·

1750 1666 1793 1721 Β
1821 1686 2023 1742 veniat.

1884 1773 2166 1836 Vena-31.
2197 1798 2218 1833 ι
2249 1781 2319 1837 Et.
2352 1782 2457 1839 erit
2498 1781 2760 1840 tortitudo
2784 1784 2999 1841 illorum
3038 1796 3101 1842 ut
3142 1787 3386 1847 calamus

1815 1875 2026 1936 stuppae
2055 1881 2109 1924 et
2134 1883 2269 1938 opus
2294 1889 2480 1928 eorum
2510 1884 2566 1929 ut
2596 1876 2882 1932 scintillae:
2908 1887 2963 1932 et
2996 1880 3386 1937 comburentur

1816 1955 1990 2025 iniqui
2035 1965 2092 2012 et
2135 1972 2447 2029 peccatores
2483 1965 2663 2031 simul,
2703 1976 2756 2021 et
2786 1983 2893 2021 non
2925 1970 3137 2039 eritqui
3176 1973 3384 2028 exstin-

1813 2057 1963 2119 guat.
2002 2066 2022 2101 r
2050 2047 2167 2105 Non
2211 2047 2503 2121 frumenti,
2543 2063 2637 2108 aut
2683 2056 2909 2115 alterius
2958 2058 3254 2128 cujuspiam
3289 2077 3384 2117 ne·

1813 2141 2072 2197 cessariae
2124 2141 2226 2207 rei,
2283 2143 2569 2209 calamus,
2610 2144 2738 2214 quia
2792 2146 3005 2202 ablatus
3050 2158 3137 2204 est
3172 2151 3240 2205 ab
3276 2151 3385 2208 illis

1811 2230 2070 2289 robustus
2093 2243 2148 2289 et
2187 2234 2436 2299 robusta,
2478 2234 2645 2290 robur
2696 2237 2871 2305 panis,
2902 2247 3005 2293 etc.
3046 2238 3171 2297 ldeo
3205 2242 3386 2298 dicere

1807 2335 2083 2395 nequeunt
2103 2326 2331 2396 perinde
2365 2335 2527 2398 atque
2557 2326 2761 2384 Christi
2802 2328 3054 2401 discipuli
3083 2352 3097 2387 ε
3130 2349 3150 2385 ι
3188 2331 3381 2389 Omnia

1805 2430 2093 2487 possumus
2145 2416 2198 2472 in
2235 2430 2319 2482 eo,
2373 2417 2465 2487 qui
2510 2433 2610 2474 nos
2647 2419 2917 2475 confortat
2968 2422 3081 2477 Deo
3113 2423 3195 2489 ¹⁰;
3232 2441 3253 2475 ι
3280 2433 3376 2480 et:

1810 2526 1830 2560 ι
1862 2507 1997 2577 Quis
2028 2523 2129 2564 nos
2161 2509 2433 2579 separabit
2454 2524 2484 2564 a
2520 2510 2787 2567 charitate
2808 2512 3011 2569 Christi
3034 2515 3058 2570 ⁴?
3084 2513 3379 2585 tribulatio,

1805 2613 1873 2654 an
1911 2598 2160 2672 angustia
2206 2598 2303 2650 ¹¹?
2344 2620 2366 2651 ι
2413 2606 2468 2653 et
2515 2606 2731 2655 caetera.
2781 2602 2857 2656 lta
2908 2618 3073 2673 porro
3120 2604 3382 2663 fortitudo

1804 2704 1992 2747 eorum
2028 2699 2088 2744 ut
2128 2688 2372 2745 calamus
2394 2699 2600 2760 stuppae
2636 2692 2778 2747 sacta
2818 2702 2940 2757 cst;
2991 2704 3048 2749 ut
3078 2710 3183 2750 non
3210 2699 3371 2753 mod·

1804 2779 2140 2846 libertatem,
2168 2794 2272 2849 qua
2320 2780 2473 2850 prius
2496 2784 2714 2854 proprio
2731 2784 2854 2853 iure
2878 2800 2943 2841 ac
2972 2801 3141 2857 regno
3163 2798 3379 2845 utentes

1801 2871 2085 2935 florebant,
2112 2871 2464 2937 amitterent,
2497 2875 2592 2927 sed
2620 2874 2783 2928 etiam
2813 2876 3091 2945 quibusvis
3117 2877 3377 2936 Romanis

1804 2960 2068 3016 militibus
2094 2961 2385 3018 servirent.
2408 2960 2609 3016 Eorum
2633 2962 2833 3033 quippe
2853 2966 3182 3036 opera-ignis
3208 2983 3373 3023 caus-t

1808 3045 2077 3105 suerunt:
2119 3048 2317 3120 quippe
2353 3051 2448 3119 qui
2485 3064 2592 3106 non
2633 3066 2864 3119 aurum,
2911 3069 3018 3109 non
3072 3066 3374 3125 argentum,

1805 3155 1915 3196 non
1953 3138 2161 3211 lapides
2190 3142 2486 3209 pretiosoS,
2515 3142 2612 3197 sed
2653 3141 2860 3215 lignum
2905 3153 3110 3200 tantum
3134 3154 3189 3201 et
3228 3147 3377 3204 cala-

1805 3248 1953 3289 mum
2001 3231 2357 3291 aedificarent.
2398 3234 2584 3291 Viden·
2609 3234 2883 3305 quomodo
2919 3235 3167 3294 flammas
3200 3249 3254 3296 et
3286 3240 3374 3295 ia-

1803 3324 2051 3380 cendium
2090 3325 2455 3380 comminetur
2477 3325 2649 3395 ipsis?
2672 3325 2739 3380 Et
2765 3326 2853 3381 hic
2874 3327 2996 3383 llnis
3024 3335 3109 3383 est
3144 3343 3374 3400 praesett·

1803 3414 1873 3471 tis
1911 3424 2104 3471 contra
2144 3415 2267 3471 illos
2319 3415 2640 3485 prophetiae,
2688 3415 2844 3484 cuius
2890 3427 3114 3475 eventus
3162 3420 3369 3489 statin»,

1801 3524 1977 3580 neque
2013 3510 2089 3565 ita
2119 3508 2291 3564 multo
2316 3516 2440 3578 post
2482 3518 2855 3579 perpetratum
2900 3521 3088 3567 contra
3121 3512 3372 3571 Salvato-

1797 3616 1913 3658 rem
1958 3610 2210 3657 nostrum
2264 3600 2495 3666 facinuS,
2548 3601 2617 3657 ad
2666 3601 2902 3657 litteram
2950 3605 3195 3675 contigit,
3244 3621 3368 3661 cunt

1796 3708 1987 3749 eorum
2015 3694 2333 3764 metropolis
2358 3696 2608 3751 incendio
2638 3698 2831 3752 tradita
2862 3708 2963 3763 est,
3004 3708 3058 3755 et
3096 3700 3244 3769 impii
3268 3702 3368 3756 ho·

1796 3785 1973 3840 mines
2006 3785 2061 3838 in
2089 3798 2152 3838 ea
2197 3795 2606 3842 commorantes
2649 3802 2717 3843 ex
2763 3788 3009 3845 scintillis
3047 3789 3159 3844 suis
3187 3790 3364 3859 ignem

1794 3879 2291 3950 inexstinguibilem
2319 3896 2384 3937 ac
2420 3890 2681 3937 aeternum
2707 3921 2723 3947 ,
2763 3882 3007 3955 iramque
3045 3883 3139 3941 Dei
3182 3884 3238 3939 in
3276 3883 3368 3939 die

1795 3974 1890 4029 irae
1919 3972 2022 4029 sibi
2053 3973 2494 4028 recondiderunt.

2403 4062 2633 4120 CAPUT
2678 4063 2741 4119 ll.

1866 4155 2029 4210 Vens.
2062 4155 2181 4210 1-6.
2222 4172 2242 4207 ι
2288 4151 2521 4207 Verbum
2552 4154 2691 4221 quod
2720 4153 2921 4207 sactum
2953 4163 3035 4208 est
3065 4167 3096 4207 a
3132 4150 3363 4209 Domino

1792 4246 1860 4301 ad
1888 4245 2136 4302 Hesaiam
2160 4245 2329 4301 lilium
2349 4246 2513 4299 Amos
2532 4245 2673 4300 circa
2700 4243 2936 4299 Judaeam
2955 4241 3356 4301 ethrusalem:

117 4338 205 4392 ὅτι
235 4336 382 4392 ἔσται
403 4340 461 4393 ἐν
491 4341 610 4402 ταῖς
644 4339 898 4409 ἐσχάταις
936 4339 1171 4411 ἡμέραις
1203 4340 1439 4410 ἐμφανὲς
1474 4340 1534 4393 τὸ
1565 4341 1690 4412 ὄρος
1718 4338 1765 4398 D
1792 4338 1919 4405 qnia
1975 4339 2083 4393 erit
2138 4338 2190 4392 in
2247 4336 2564 4392 novissimis
2587 4336 2778 4392 diebus
2828 4336 3152 4403 conspicuus
3203 4351 3359 4392 mons

113 4429 216 4484 τοῦ
243 4429 463 4501 Κυρίου,
499 4430 592 4482 καὶ
620 4432 649 4483 ὁ
696 4427 842 4494 οἶκος
883 4430 976 4484 τοῦ
1003 4430 1136 4484 Θεοῦ
1166 4430 1250 4484 ἐπ’
1284 4430 1465 4502 ἄκρων
1491 4432 1601 4486 τῶν
1631 4434 1686 4485 ὸ-
1793 4429 2007 4485 Domini
2058 4438 2113 4485 et
2161 4428 2353 4483 domus
2392 4428 2486 4483 Dei
2529 4443 2694 4497 supra
2738 4428 2994 4482 verticem
3045 4426 3308 4481 montium
3339 4442 3356 4480 ε

118 4522 280 4592 ρέων,
313 4521 405 4575 καὶ
448 4520 789 4590 ὑψωθήσεται
818 4521 1068 4593 ὑπεράνω
1102 4520 1210 4575 τῶν
1245 4520 1468 4592 βουνῶν,
1500 4524 1593 4576 καὶ
1625 4523 1687 4593 ἦ·
1790 4534 1846 4579 et
1915 4521 2222 4579 elevabitur
2274 4534 2435 4589 super
2487 4519 2698 4587 colles:
2751 4530 2806 4575 et
2855 4518 3069 4574 venient
3116 4520 3181 4573 ad
3232 4533 3358 4574 eum

113 4615 300 4682 ξουσιν
323 4614 408 4667 ἐπ’
433 4612 566 4667 αὐτὸ
593 4612 764 4666 πάντα
786 4612 854 4666 τὰ
876 4612 1022 4694 ἔθνη.
1049 4612 1157 4666 Καὶ
1183 4611 1534 4685 πορεύσονται
1560 4613 1685 4683 ἔθνη
1791 4628 1982 4670 omnes
2034 4621 2244 4685 gentes.
2299 4609 2364 4665 Et
2398 4611 2551 4666 ibunt
2601 4609 2778 4681 populi
2838 4610 2991 4665 multi
3024 4618 3078 4665 et
3125 4609 3308 4665 dicent
3338 4627 3353 4663 ε

116 4702 311 4769 πολ-λὰ,
339 4703 432 4757 καὶ
468 4701 682 4775 ἐροῦσι·
724 4702 907 4767 Δεῦτε,
943 4704 1034 4757 καὶ
1056 4702 1342 4773 ἀναδῶμεν
1363 4704 1446 4782 εἰς
1467 4704 1526 4757 τὸ
1559 4705 1682 4777 ὅρος
1792 4705 2014 4772 Venite,
2073 4703 2432 4759 ascendamus
2483 4703 2551 4757 ad
2602 4713 2840 4757 montem
2907 4700 3120 4757 Domini
3176 4709 3232 4756 ct
3290 4702 3356 4756 ad

115 4794 348 4867 Κυρίου,
369 4796 458 4849 καὶ
483 4796 561 4858 εἰς
587 4794 678 4846 τὸν
705 4788 849 4846 οἶκον
873 4792 965 4847 τοῦ
984 4794 1117 4848 Θεοῦ
1146 4792 1337 4848 Ἰακώὅ
1356 4811 1368 4824 ·
1406 4795 1498 4848 καὶ
1518 4794 1683 4864 ἀναγ-
1790 4797 2009 4853 «lonium
2037 4795 2129 4850 Dei
2156 4793 2322 4850 Jacob
2347 4810 2363 4847 ι
2394 4803 2448 4849 et
2475 4793 2817 4848 annuntiabit
2835 4794 2989 4850 nobis
3009 4795 3152 4849 viam
3179 4808 3353 4858 suam,

117 4886 269 4956 γελεί
297 4888 428 4958 ἡμῖν
454 4886 552 4958 τὴν
582 4886 700 4940 ὁδὸν
730 4886 914 4951 αὐτοῦ,
960 4888 1052 4940 καὶ
1085 4885 1458 4957 πορευσόμεθα
1499 4889 1555 4943 ὲν
1589 4888 1683 4942 αὐ·
1792 4898 1847 4945 et
1888 4889 2201 4944 incedemus
2235 4885 2292 4941 in
2334 4901 2420 4941 ca.
2471 4884 2606 4939 Nam
2654 4900 2721 4939 ex
2757 4884 2887 4942 Sion
2930 4888 3097 4943 exibit
3142 4886 3251 4950 lex,
3302 4892 3370 4948 et,

117 4982 207 5051 τῇ.
240 4981 333 5033 Ἐκ
359 4979 467 5052 γὰρ
495 4980 630 5034 Σιὼν
675 4978 1012 5045 ἐξελεύσεται
1045 4980 1225 5050 νόμος,
1258 4981 1350 5034 καὶ
1387 4981 1542 5049 λόγος
1569 4984 1685 5036 Κυ-
1792 4982 2016 5035 verbum
2064 4978 2275 5035 Domini
2312 4992 2377 5032 ex
2423 4974 2745 5032 Jerusalem.
2794 4976 2860 5031 Et
2908 4978 3173 5060 iudicabit
3217 4977 3354 5031 inter

1790 5086 1998 5145 gentes,
2052 5081 2108 5129 ct
2155 5082 2346 5140 arguet
2393 5068 2649 5141 populum
2703 5068 2928 5124 multum
2988 5070 3123 5140 ipse.
3162 5088 3183 5151 3
3221 5067 3354 5137 lpse

1789 5171 1969 5217 autem
1989 5162 2418 5229 iudicavitinter
2443 5169 2655 5230 gentes,
2687 5175 2781 5216 eos
2806 5161 2896 5229 qni
2936 5174 2996 5214 se
3022 5156 3167 5227 digni
3196 5163 3353 5211 erant

1788 5254 1890 5310 sibi
1930 5267 2245 5324 segregans,
2274 5261 2603 5321 vocatosque
2636 5267 2664 5306 a
2696 5267 2800 5306 nou
2843 5251 3047 5305 vocatis
3096 5246 3348 5319 seligens.

1789 5341 1884 5397 Sic
1912 5341 2097 5413 itaque
2125 5342 2209 5399 lex
2248 5340 2584 5408 evangelica,
2628 5341 2683 5395 in
2724 5340 2903 5395 medio
2941 5339 3182 5409 gentium
3213 5334 3351 5402 diiu-

1789 5433 2003 5502 dicans,
2038 5436 2269 5492 multum
2302 5432 2557 5506 populum
2585 5432 2859 5503 coarguit;
2882 5491 2886 5495 ,
2907 5433 3020 5486 sive
3046 5430 3134 5496 iis,
3162 5428 3253 5499 qui
3293 5426 3347 5481 in

1789 5540 1849 5583 se
1869 5526 2215 5586 crediderunt
2239 5526 2306 5583 de
2331 5525 2562 5599 pristino
2584 5536 2772 5581 errore
2795 5538 2893 5580 suo
2913 5522 3213 5589 convictm
3231 5517 3348 5576 sive

121 5070 242 5143 ρίου
281 5070 341 5138 ἐξ
383 5071 748 5143 Ἰερουσαλήμ.
800 5071 908 5125 Καὶ
949 5074 1123 5141 κρινεῖ
1153 5069 1256 5124 ἁνά
1289 5073 1452 5142 μέσον
1502 5072 1607 5126 τῶν
1637 5076 1692 5127 ὲ-

120 5158 284 5226 θνῶν,
312 5159 405 5212 καὶ
424 5160 687 5229 ἐξελέγξει
712 5160 838 5214 λαὸν
867 5159 1032 5213 πολὺν
1060 5160 1239 5223 αὐτός.
1265 5178 1285 5213 t»
1314 5160 1491 5225 Αὐτὸς,
1514 5161 1570 5215 δὲ
1597 5162 1693 5216 καὶ

118 5248 384 5323 διέκρινεν
403 5252 508 5306 ἀνά
536 5252 696 5324 μέσον
716 5253 826 5306 τῶν
866 5251 1054 5315 ἐθνῶν,
1083 5252 1347 5321 ἀφορίσας
1370 5251 1548 5322 ἐαυτῷ
1567 5253 1690 5315 τοὺς

122 5340 325 5407 ἀξίους,
361 5343 454 5395 καὶ
500 5342 854 5414 ἐκλεξάμενος
896 5342 1022 5405 τοὺς
1051 5340 1281 5413 κλητοὺς
1324 5341 1431 5395 ἀπὸ
1457 5340 1565 5395 τῶν
1616 5342 1691 5413 μὴ

120 5433 393 5488 τοιούτων.
435 5433 616 5498 υῦτως
637 5431 729 5490 οὖν
762 5434 867 5489 ἀνά
898 5434 1057 5505 μέσον
1086 5432 1194 5486 τῶν
1222 5431 1388 5487 ἐθνῶν
1415 5433 1692 5503 διακρίνας

117 5522 149 5575 ὁ
177 5520 527 5590 εύαγγελικδς
573 5523 754 5593 νόμος,
784 5523 908 5578 λαὸν
943 5523 1108 5577 πολὺν
1146 5521 1391 5593 ἤλεγξεν,
1419 5522 1537 5594 ἦτοι
1565 5522 1691 5587 τοὺς

196 5635 240 5667 ¹·
257 5634 490 5693 Philiuo.
524 5652 596 5704 tv,
642 5636 728 5695 ¹3,
807 5638 845 5671 ¹¹
873 5637 1029 5695 ttom.
1069 5654 1187 5708 vm,
1223 5638 1313 5695 55.
