3692 6134
180 291 291 350 5¹3

1112 290 1617 348 conuENTAmA
1654 293 1722 350 IN
1761 294 2020 353 tsMAM.
2059 331 2128 340 —
2166 299 2318 356 CAP.
2360 297 2518 356 LxV.

3332 305 3438 364 51⁴

252 427 274 463 s
316 408 462 464 Ἀλλ’
490 408 830 481 εὐφροσύνην
857 410 952 465 καὶ
979 411 1295 480 ἀγαλλίασιν
1331 414 1657 488 εὑρήσουσιν
1699 418 1760 472 ὲν
1787 424 1835 482 A
1935 418 2097 475 Vens.
2128 419 2320 479 ¹8³0.
2360 438 2379 473 t
2410 419 2514 476 Sed
2545 420 2785 478 laetitiam
2818 430 2872 478 et
2906 424 3320 483 exsultationem
3351 428 3438 484 in·

176 502 339 573 αὐτῇ.
373 502 493 558 ’Ότι
524 501 635 556 ἰδοὺ
680 501 794 571 ἐγὼ
833 502 972 556 ποιῶ
1011 501 1325 578 ἀγαλλίαμα
1360 506 1718 580 Ἰερουσαλὴμ
1738 548 1755 573 ,

175 593 388 650 καὶτὸν
421 592 551 647 λαόν
585 610 688 665 μου
714 593 1086 666 εὐφροσύνην·
1115 595 1209 649 καὶ
1240 595 1641 671 ἀγαλλιάσομαι
1665 599 1758 654 ὲπί

187 685 564 758 Ἰερουσαλὴμ,
586 685 685 742 καὶ
697 686 1145 759 εύφρανθήσομαι
1161 689 1258 744 ἐπὶ
1271 688 1351 761 τῷ
1365 688 1484 763 λαῷ
1506 707 1629 764 μου·
1664 693 1758 749 καὶ

180 776 367 831 οὐκέτι
390 776 465 849 μὴ
484 776 722 849 ἀκουσθῇ
751 777 811 831 ὲν
825 777 962 850 αὐτῇ
986 777 1139 851 φωνὴ
1166 778 1444 854 κλαυθμοῦ
1459 782 1583 838 οὐδὲ
1604 784 1756 858 φωνὴ

181 869 452 941 κραυγῆς,
476 868 585 923 οὐδ’
604 868 666 923 ού
698 867 774 941 μὴ
788 868 1012 941 γένηται
1037 869 1118 925 ἔτι
1142 872 1264 927 ἐκεῖ
1283 871 1462 946 ἄωρος
1489 875 1586 930 καὶ
1622 891 1758 947 πρε-

174 959 402 1031 σὸύτης,
428 958 490 1024 a<
509 960 610 1014 οὐκ
646 958 919 1032 ἐμπλήσει
938 960 1030 1014 τὸν
1056 960 1248 1034 χρόνον
1273 960 1461 1019 αὐτοῦ.
1493 983 1514 1018 s
1548 965 1758 1031 Πάντες

172 1052 284 1126 γάρ
325 1053 424 1124 τῆς
460 1054 590 1125 παρ’
620 1053 745 1124 ἐμοὶ
794 1052 1146 1119 ἀναστάσεως
1172 1055 1428 1127 τυχόντες
1471 1057 1615 1112 κατὰ
1661 1056 1754 1112 τὸν

173 1145 366 1218 καιρὸν
395 1144 504 1200 τῶν
533 1142 876 1215 ἐπαγγελιῶν
903 1145 985 1209 είς
1002 1145 1172 1218 ἀνδρα
1199 1146 1426 1214 τέλειον,
1443 1148 1523 1213 εἰς
1556 1147 1754 1221 μέτρον

173 1236 395 1310 ἡλικίας
434 1234 624 1308 ἡξουσι
641 1252 656 1267 ·
705 1236 803 1291 καί.
861 1236 1067 1301 πάντες
1115 1236 1331 1292 ἔσονται
1388 1239 1613 1310 ἀκμαῖοι
1653 1238 1754 1304 τὰς

170 1327 457 1401 ψυχάς,ὠς
488 1331 627 1402 μήτε
652 1328 832 1402 ἄωρον
857 1330 1052 1401 νήπιον
1083 1329 1181 1385 καὶ
1193 1330 1386 1402 ἀτελῆ,
1420 1333 1558 1403 μήτε
1583 1332 1752 1404 ὑπερ·

163 1420 447 1494 ῦεῦηκότα
486 1422 583 1475 καὶ
625 1420 977 1493 γεγηρακότα
1023 1422 1081 1475 ὲν
1127 1421 1312 1487 αὐτοῖς
1361 1422 1746 1496 εὑρίσκεσθαι·

172 1513 376 1578 πάντες
404 1512 462 1567 δὲ
490 1511 772 1585 ὁμήλικες.
808 1513 885 1577 ὡς
914 1512 982 1569 ἂν
1016 1514 1106 1584 ὑφ’
1135 1512 1231 1569 ἕνα
1264 1514 1456 1588 καιρὸν
1487 1514 1588 1588 τῆς
1613 1516 1747 1570 ἀνα-

172 1604 415 1669 στάσεως
433 1603 764 1675 τευξόμενοι,
780 1604 875 1659 καί
907 1607 1036 1676 μιᾶς
1050 1605 1471 1677 παλιγγενεσίας
1494 1605 1750 1679 μεθέξον-

172 1710 281 1759 τες.

1860 511 2076 567 venient
2117 512 2172 567 in
2219 526 2305 568 ea.
2336 511 2600 581 Quoniam
2630 528 2758 570 ecce
2796 528 2897 588 ego
2937 514 3081 573 racio
3113 519 3436 577 exsultatio·

1859 615 1981 657 nem
2007 600 2327 672 Jerusalem,
2354 614 2409 659 et
2437 604 2691 676 populum
2722 619 2902 661 meum
2936 606 3178 664 laetitiam
3206 626 3223 665 ι
3256 618 3316 667 et
3343 626 3440 668 es-

1856 694 2068 750 aultabo
2098 709 2260 765 super
2302 694 2624 761 Jerusalem,
2668 705 2724 752 et
2756 696 2985 754 laetabor
3024 714 3190 772 super
3233 701 3441 774 populo

1857 797 2016 838 meo:
2046 791 2104 838 et
2149 799 2256 840 non
2304 784 2447 840 ultra
2481 785 2731 842 audietur
2762 787 2816 843 in
2869 791 2985 860 ipsa
3018 804 3126 846 vox
3172 787 3352 858 fletus,
3378 802 3437 850 et

1855 887 1959 929 vox
2005 872 2291 940 clamoris,
2331 890 2506 945 neque
2549 876 2690 931 nltra
2747 878 2853 934 erit
2897 879 2970 935 ibi
3006 880 3330 938 immaturus
3375 891 3435 941 et

1856 975 2045 1026 senex.
2089 963 2177 1034 qni
2230 978 2336 1020 non
2370 964 2595 1035 impleat
2637 976 2847 1037 tempus
2879 983 3103 1026 suum.»
3158 971 3435 1044 Quotquot

1854 1052 1999 1106 enim
2046 1054 2496 1110 resurrectionem
2543 1072 2575 1111 a
2625 1072 2713 1113 me
2771 1058 2958 1115 datam
3007 1073 3433 1134 consequentur,

1856 1146 2102 1211 tempore
2128 1141 2571 1213 promissionum,
2619 1147 2676 1201 in
2720 1145 2897 1203 virum
2930 1150 3232 1220 perfectum
3274 1162 3330 1210 et
3375 1154 3429 1210 in

1854 1243 2162 1287 mensuram
2190 1231 2365 1288 aetatis
2393 1234 2612 1290 venient
2637 1251 2653 1291 ι
2691 1244 2857 1308 atque
2898 1253 3091 1297 omnes
3122 1243 3304 1299 anima
3336 1259 3432 1301 ve-

1852 1321 1964 1395 geti
2005 1332 2182 1392 erunt,
2212 1325 2286 1381 ita
2318 1333 2376 1381 ut
2409 1342 2584 1399 neque
2619 1327 2944 1387 immaturus
2973 1342 3029 1389 et
3067 1348 3172 1389 non
3207 1336 3429 1393 adultus

1844 1412 2082 1483 juvenis,
2129 1428 2307 1488 neque
2343 1423 2506 1472 aetate
2533 1430 2824 1489 provectus
2852 1429 2947 1476 aut
2973 1436 3140 1479 senex
3168 1423 3242 1482 ibi
3276 1440 3432 1496 repe-

1851 1504 2053 1572 riatur,
2103 1506 2202 1563 sed
2255 1507 2409 1580 paris
2458 1508 2637 1565 aetatis
2680 1524 2894 1580 omnes,
2940 1521 3125 1585 utpote
3170 1514 3264 1586 qui
3319 1529 3428 1572 uno

1849 1596 2148 1668 eodemque
2181 1608 2425 1671 tempore
2463 1609 2785 1673 resurgant,
2828 1610 2883 1659 et
2922 1602 3433 1679 eiusdemi-egene·

1849 1687 2082 1742 rationis
2114 1697 2401 1745 consortes
2425 1689 2560 1745 sint.

247 1803 269 1838 s
310 1785 504 1838 Ἔσται
533 1783 643 1853 γάρ
666 1784 695 1837 ό
714 1782 835 1847 νέος
856 1782 1048 1837 ἑκατὸν
1069 1783 1226 1849 ἐτῶν,
1251 1786 1280 1839 ὀ
1301 1785 1358 1839 δὲ
1389 1782 1748 1855 ἀποθνήσκων
1779 1775 1823 1831 Β
1929 1798 1948 1830 t
1981 1777 2098 1832 Erit
2143 1778 2288 1834 enim
2336 1779 2553 1848 juvenis
2586 1791 2801 1841 centum
2846 1801 3135 1856 annorum,
3163 1787 3258 1859 qui
3292 1803 3424 1848 voro

164 1875 494 1949 ἁμαρτωλὸς
521 1872 718 1929 ἑκατὸν
740 1873 900 1940 ἐτῶν,
934 1874 1029 1928 καὶ
1068 1873 1472 1946 ὲπικατάρατος
1501 1873 1678 1926 ἔσται.
1718 1891 1737 1923 a

168 1970 244 2026 Τὸ
269 1969 382 2023 ίσον
407 1966 502 2022 τοῦ
536 1967 726 2039 χρόνου
759 1965 861 2035 τῆς
886 1966 951 2019 ὲκ
978 1966 1186 2036 νεκρῶν
1213 1965 1561 2025 ἀναστάσεως
1598 1979 1744 2032 παρ-

166 2064 418 2135 έστησεν.
456 2061 648 2114 Ἔσται
692 2051 789 2112 οῦν
824 2058 856 2110 ὁ
888 2054 1211 2127 ἁμαρτωλὸς
1240 2054 1335 2107 καὶ
1361 2052 1524 2114 αὐτὸς
1552 2050 1746 2105 ἑκατὸν

166 2155 327 2218 ἑτῶν,
373 2153 467 2208 καὶ
499 2149 903 2221 ὲπικατάρατος
952 2146 1106 2200 ἔσται
1139 2145 1398 2215 ἀκμαῖος,
1442 2142 1538 2196 καὶ
1568 2140 1644 2205 ὡς
1686 2141 1746 2194 ὲν

164 2244 339 2315 κακίᾳ
371 2243 593 2305 τέλειος,
627 2237 1071 2310 ἀποθνήσκωντῇ
1101 2231 1295 2287 ἑαυτοῦ
1320 2230 1565 2304 ἁμαρτίᾳ
1588 2248 1603 2262 ·
1628 2232 1658 2286 ὃ
1684 2248 1744 2285 τε

166 2336 289 2397 νέος
318 2333 477 2387 πάλιν
501 2330 694 2385 ἑκατὸν
717 2330 874 2394 ὲτῶν,
895 2328 992 2383 καὶ
1011 2326 1174 2390 αὐτὸς
1186 2323 1390 2389 τέλειος
1411 2326 1472 2380 ὲν
1497 2323 1742 2402 τελείοις,

166 2428 250 2487 εἰς
284 2425 556 2496 σωτηρίαν
592 2420 1169 2495 παραλαμβανόμενος.

244 2538 267 2571 ε
294 2520 405 2574 Καὶ
430 2517 870 2589 οἰκοδομήσουσιν
892 2513 1090 2578 οἰκίας,
1123 2511 1220 2567 καὶ
1247 2512 1402 2567 αὐτοὶ
1430 2510 1743 2583 ἐνοικήσου-

165 2623 259 2662 σι·
295 2607 389 2662 καὶ
426 2604 926 2675 καταφυτεύσουσιν
959 2603 1310 2675 ἀμπελῶνας,
1347 2603 1443 2656 καὶ
1471 2599 1628 2655 αὐτοὶ
1649 2600 1746 2671 φά-

163 2713 353 2769 γονται
390 2698 460 2752 τὰ
513 2697 830 2768 γεννήματα
887 2695 1089 2750 αὐτῶν.
1138 2713 1159 2748 a
1197 2695 1326 2760 Τοῖς
1371 2693 1481 2767 γάρ
1534 2691 1743 2747 ἑαυτῶν

161 2790 349 2865 ἔργοις
378 2789 475 2844 καὶ
495 2791 619 2853 ταῖς
638 2787 867 2851 οἰκείαις
888 2786 1152 2861 πράξεσιν
1182 2784 1499 2859 ποριοῦνται
1530 2787 1743 2851 ἑαυτοῖς

162 2881 264 2949 τὰς
299 2880 467 2953 μονάς
496 2879 597 2944 τάς
623 2875 777 2950 παρὰ
804 2878 885 2951 τῷ
922 2877 1132 2950 Πατρί·
1156 2877 1294 2933 ἀλλά
1330 2878 1457 2943 τοὺς
1495 2877 1743 2950 καρποὺς

164 2971 273 3029 Ιιῶν
300 2970 480 3028 πόνων
505 2969 685 3026 αὐτῶν
716 2971 980 3039 φάγονται
996 2984 1010 3000 ·
1045 2967 1234 3041 διόπερ
1260 2967 1298 3022 ἀ
1324 2968 1742 3040 γεωργήσαντες

165 3064 492 3136 συνήγαγον,
526 3061 699 3118 ταῦτα
729 3063 1042 3134 εὑρήσουσι,
1088 3061 1185 3116 καὶ
1219 3057 1280 3126 ἐξ
1318 3058 1498 3115 αὐτῶν
1525 3060 1741 3133 τραφή-
1764 3111 1810 3170 c

165 3171 370 3211 σονται.

240 3265 261 3301 s
300 3247 374 3301 Οὐ
424 3246 501 3318 μὴ
547 3245 993 3317 οἰκοδομήσουσι,
1036 3244 1132 3300 καί
1171 3243 1323 3300 ἄλλοι
1366 3243 1736 3316 ὲνοικήσουσι,

163 3340 263 3398 καὶ
277 3340 339 3395 os
374 3339 449 3411 μὴ
481 3336 826 3408 φυτεύσουσι,
853 3337 947 3391 καὶ
965 3337 1114 3392 ἄλλοι
1136 3336 1422 3407 φάγονται.
1451 3335 1608 3390 Κατὰ
1630 3332 1739 3407 γάρ

163 3433 264 3498 τὰς
294 3432 508 3504 ἡμέρας
550 3429 644 3483 τοῦ
673 3428 827 3495 ξύλου
874 3429 976 3501 τῆς
1002 3427 1151 3499 ζωῆς
1192 3427 1409 3483 ἔσονται
1437 3428 1496 3481 αἰ
1533 3426 1738 3499 ἡμέραι

164 3525 262 3582 τοῦ
294 3523 425 3580 λαοῦ
469 3540 569 3596 μου
592 3539 607 3554 ·
642 3521 712 3576 τὰ
751 3521 860 3595 γὰρ
899 3518 1038 3593 ἔργα
1079 3518 1188 3575 τῶν
1218 3520 1397 3575 πόνων
1423 3518 1606 3573 αὐτῶν
1629 3534 1738 3571 πα-

165 3617 511 3675 λαιώσουσιν.
556 3633 576 3668 s
622 3613 760 3668 Ἀλλ’
792 3613 871 3677 εἰς
910 3611 1138 3684 ἄπειρον
1176 3610 1354 3667 αἰῶνα
1388 3612 1449 3666 ὲν
1486 3608 1740 3680 ἀθανάτῳ

165 3710 372 3781 cogent*
398 3706 638 3773 διάξουσι
659 3720 674 3737 ·
704 3704 785 3759 διὸ
809 3702 1055 3758 λέλεκται
1071 3719 1086 3733 ·
1130 3721 1150 3755 t
1182 3701 1338 3757 Κατὰ
1356 3701 1464 3775 γὰρ
1485 3701 1583 3766 τάς
1603 3700 1739 3774 ἡμέ-

168 3818 275 3875 ρας
307 3798 402 3853 τοῦ
436 3797 592 3863 ξύλου
623 3796 723 3866 τῆς
762 3791 910 3865 ζωῆς
943 3794 1002 3847 αἰ.
1042 3792 1250 3864 ἡμέραι
1275 3790 1370 3845 τοῦ
1395 3788 1525 3845 λαοῦ
1554 3807 1675 3861 μου.
1709 3808 1731 3843 a

164 3894 245 3948 Τὸ
277 3888 435 3959 ξύλον
463 3890 520 3945 δὲ
549 3890 763 3962 εἴρηται
803 3888 863 3941 ἐν
896 3886 974 3958 τῷ
1014 3884 1325 3957 παραδείσῳ
1348 3882 1441 3938 τοῦ
1471 3881 1606 3937 Θεοῦ
1639 3898 1738 3936 πε-

168 3979 499 4054 φυτεῦσθαι·
543 3977 819 4034 δείκνυται
870 3974 1180 4048 τοιγαροῦν,
1227 3974 1311 4028 ὅτι
1353 3973 1456 4028 οὐκ
1506 3971 1611 4040 ἔξω
1640 3971 1734 4027 τοῦ

166 4073 305 4129 Θεοῦ
328 4073 385 4127 αἰ
402 4069 727 4141 ἐπαγγελίαι
759 4068 1105 4140 τυγχάνουσι.
1137 4067 1216 4121 Δι’
1241 4058 1317 4122 ὧν
1355 4065 1609 4121 ἁπάντων
1644 4083 1736 4120 σα·

165 4166 288 4238 φῶς
321 4164 506 4238 ἓτερον
533 4163 658 4218 λαὸν
693 4161 903 4230 εἰσάγει
939 4159 1118 4231 ἐαυτῷ
1153 4157 1307 4232 παρὰ
1336 4157 1431 4212 τοῦ
1468 4157 1734 4212 Ἰουδαίων

166 4258 377 4322 ἔθνους.
408 4249 569 4312 Οὗτοι
595 4257 705 4327 γάρ
733 4252 1219 4325 παλαιωθήσονται,
1252 4249 1373 4305 οὐδὲ
1403 4249 1610 4323 ἑτέροις
1638 4266 1737 4306 κα-

162 4350 514 4423 ταλείψουσι,
552 4348 839 4423 μέλλοντες
879 4341 1033 4409 αὖθις
1081 4341 1435 4416 μεθίστασθαι
1460 4340 1555 4396 τοῦ
1595 4341 1733 4413 βίου,

1847 1864 2100 1928 moritur.
2135 1875 2387 1937 peccator
2422 1881 2641 1927 centum
2687 1890 2953 1935 annorum
2997 1889 3054 1936 et
3096 1879 3422 1939 maledictus

1847 1957 1972 2011 erit.
2000 1974 2019 2008 i
2062 1954 2266 2012 AEtatis
2306 1965 2362 2012 et
2395 1962 2656 2031 temporis
2683 1964 2738 2021 in
2767 1972 3170 2029 resurrectione
3197 1975 3428 2045 aquali·-

1849 2055 2017 2103 tatem
2071 2050 2185 2105 lore
2232 2048 2490 2107 declarat.
2531 2053 2653 2108 Erit
2700 2056 2866 2128 igitur
2920 2073 3181 2131 peccator
3214 2079 3270 2125 et
3312 2071 3427 2142 ipse

1847 2146 2065 2193 centum
2112 2154 2416 2206 annorum,
2459 2150 2515 2198 et
2556 2143 2873 2205 maledictus
2916 2153 3058 2220 erit,
3103 2168 3326 2230 vegetus
3368 2171 3426 2218 et

1848 2230 2005 2300 quasi
2037 2230 2092 2286 in
2124 2230 2327 2287 malitia
2363 2233 2635 2304 perlectus
2666 2238 2906 2297 moriens
2953 2243 3008 2299 in
3041 2256 3265 2315 peceato
3299 2264 3420 2309 suo.

1844 2319 2070 2379 Juvenis
2109 2324 2236 2380 item
2289 2333 2504 2382 centum
2554 2342 2848 2398 annorum.
2886 2342 2945 2390 et
2988 2333 3108 2405 ipse
3145 2338 3427 2409 perfectus

1843 2413 1991 2470 inter
2015 2415 2309 2486 perfectos,
2333 2428 2389 2474 et
2412 2417 2468 2475 in
2496 2419 2730 2478 salutem
2757 2434 3083 2484 assumetur.

1914 2507 2081 2566 Vsus.
2106 2510 2196 2565 2¹.
2235 2529 2254 2564 t
2280 2510 2351 2567 Et
2380 2512 2729 2572 aedilicabunt
2757 2517 2972 2587 domos,
3014 2529 3070 2577 et
3112 2522 3218 2596 ipsi
3262 2525 3421 2584 inba-

1842 2599 2095 2658 bitabunt
2128 2619 2143 2658 ε
2176 2612 2231 2659 et
2274 2603 2594 2676 plantabunt
2637 2607 2848 2678 vineas,
2892 2620 2950 2669 et
2986 2610 3090 2684 ipsl
3135 2615 3424 2674 comedent

1844 2691 2050 2748 fructus
2077 2707 2284 2748 earum.
2309 2713 2328 2747 i
2362 2693 2498 2750 Nam
2538 2697 2654 2754 suis
2691 2699 2791 2770 ipsi
2838 2702 3098 2772 operibus
3135 2714 3193 2783 et
3223 2707 3420 2777 gestis,

1843 2784 2150 2842 mansiones
2179 2784 2300 2843 illas
2321 2802 2441 2861 quae
2466 2789 2607 2860 apud
2635 2787 2852 2847 Patrem
2880 2803 3029 2862 sunt,
3072 2793 3178 2852 sibl
3215 2811 3417 2868 procu·

1842 2875 2044 2932 rabunt
2072 2893 2088 2933 z
2116 2875 2209 2933 sed
2240 2878 2406 2934 etiam
2450 2877 2667 2936 fructus
2693 2880 2939 2940 laborum
2986 2899 3206 2943 suorum
3234 2902 3421 2947 eome-

1843 2965 2014 3022 dent:
2041 2966 2298 3038 quoniam
2324 2982 2389 3024 ea
2415 2983 2534 3040 quae
2565 2979 2762 3026 terram
2796 2973 3038 3032 colentes
3061 2990 3216 3035 auam
3245 2980 3417 3037 eolle-

1841 3066 2059 3129 gernnt,
2083 3071 2148 3114 ea
2179 3058 2474 3130 reperient.
2501 3059 2571 3117 iis
2600 3059 2835 3118 alentur.

1906 3235 2075 3294 Vens.
2099 3237 2192 3293 22.
2223 3256 2244 3292 t
2269 3235 2621 3309 Nequaquam
2651 3237 3021 3308 aedllicabunt,
3041 3249 3098 3297 et
3128 3239 3221 3298 alil
3255 3240 3415 3299 inlia·

1838 3332 2121 3402 bitabunt;
2154 3346 2495 3403 nequaquam
2526 3332 2871 3404 plantabunt,
2900 3341 2957 3389 et
2984 3333 3075 3390 alii
3107 3334 3410 3392 comedent.

1839 3423 1974 3480 Nam
2018 3424 2313 3482 secundnm
2357 3424 2476 3480 dies
2517 3423 2648 3498 ligni
2697 3425 2825 3482 vitae
2866 3437 3030 3482 erunt
3074 3426 3190 3483 dies
3228 3428 3412 3498 populi

1837 3518 1943 3574 mei
1971 3534 1988 3574 ι
2021 3532 2185 3589 opera
2230 3518 2374 3575 enim
2417 3518 2663 3575 laborum
2710 3518 2954 3590 ipsorum
2997 3526 3360 3575 veterascent.
3383 3537 3406 3575 a

1838 3607 1947 3665 Sed
1988 3624 2086 3681 per
2119 3609 2330 3665 inlinita
2364 3608 2562 3667 saecula
2606 3609 2662 3665 in
2701 3607 2994 3667 immortali
3037 3607 3129 3664 illa
3160 3618 3217 3665 et
3265 3609 3413 3669 felici

1836 3700 1948 3756 vita
1987 3701 2181 3773 degent
2210 3718 2227 3761 ι
2255 3713 2425 3772 quare
2473 3700 2678 3758 dictum
2727 3709 2842 3768 est,
2896 3698 3074 3758 «Nam
3113 3703 3412 3760 secundum

1837 3791 1955 3850 dies
1998 3791 2127 3865 ligni
2181 3793 2307 3850 vitae
2358 3806 2518 3852 erunt
2559 3792 2678 3850 dies
2724 3793 2907 3866 populi
2960 3794 3132 3851 mei.»
3180 3793 3411 3868 lignum
3505 3819 3525 3840 .

1836 3892 2017 3940 autem
2054 3884 2184 3940 illud
2230 3885 2284 3940 in
2317 3885 2568 3958 paradiso
2600 3883 2695 3941 Dei
2727 3885 3024 3957 plantatum
3060 3885 3228 3943 ruisse
3272 3885 3408 3944 diei-

1839 3984 1958 4042 tur;
1992 3976 2175 4046 itaque
2211 3992 2316 4032 non
2361 3984 2517 4034 extra
2546 3975 2851 4048 paradisum
2879 3976 2973 4033 Dei
3022 3975 3235 4049 impleri
3279 3991 3408 4048 pro-

1836 4066 2004 4124 missa
2034 4068 2355 4124 declaratur.
2382 4067 2590 4138 Quibus
2615 4069 2867 4127 omnibus
2904 4068 3071 4126 alium
3110 4070 3216 4128 sibi
3249 4085 3279 4128 a
3306 4070 3410 4130 Ju-

1837 4155 1994 4211 daico
2027 4155 2280 4226 populum
2324 4156 2569 4213 asciscit.
2598 4155 2681 4214 llli
2708 4172 2942 4230 namque
2983 4157 3404 4227 inveterascent.

1838 4263 1940 4304 nec
1990 4248 2154 4317 aliis,
2195 4264 2263 4307 ex
2295 4250 2399 4307 liae
2441 4250 2555 4307 vita
2593 4249 2976 4320 transferendi,
3018 4249 3236 4309 labores
3280 4267 3409 4310 suos

1837 4338 2173 4411 relinquent;
2204 4340 2262 4397 hi
2307 4355 2439 4397 vero
2469 4341 2715 4398 laborum
2763 4356 2982 4398 suorum
3027 4352 3177 4414 gesta
3220 4357 3407 4399 secum

162 4447 295 4510 τοὺς
319 4443 528 4499 ἐαυτῶν
563 4441 758 4507 πόνους
777 4458 791 4472 ·
825 4439 941 4495 ἀλλ’
969 4431 1116 4494 οῦτοι
1142 4435 1214 4492 τά
1243 4435 1382 4509 ἔργα
1423 4434 1531 4490 τῶν
1559 4434 1735 4490 πόνων
1765 4447 1809 4505 1)
1837 4437 2135 4497 assument,
2164 4430 2510 4503 propriisque
2538 4430 2807 4489 fructibus
2838 4431 3172 4504 gaudebunt.

162 4536 348 4593 αὐτῶν
386 4536 468 4599 εἰς
513 4534 739 4597 ἐαυτοὺς
782 4529 1163 4602 ἀναλήψονται,
1220 4527 1317 4582 καὶ
1355 4528 1469 4591 τοῖς
1515 4525 1736 4590 οἰκείοις

163 4631 403 4705 ”parole
433 4627 878 4699 ὲντρυφήσουσιν.

245 4740 267 4775 ε
306 4721 372 4775 ot
396 4717 639 4774 ἐκλεκτοί
666 4733 769 4789 μου
798 4714 857 4770 ού
903 4712 1256 4768 κοπιάσούσιν
1293 4711 1374 4775 εἰς
1412 4708 1589 4775 κενὸν,
1617 4706 1736 4763 οὐδὲ

161 4813 644 4884 τεκνοποιὴσουσιν
669 4810 749 4872 εἰς
778 4806 1049 4878 κατάραν·
1078 4805 1161 4859 ὅτι
1184 4803 1405 4876 σπέρμα
1437 4801 1736 4871 εὐλογημέ-

161 4923 257 4962 νον
273 4905 382 4961 ὑπὸ
409 4902 546 4959 Θεοῦ
565 4905 699 4965 ἐστι,
730 4901 826 4955 καὶ
847 4898 917 4953 τὰ
935 4898 1132 4967 ἔκγονα
1151 4894 1331 4950 αὐτῶν
1357 4895 1475 4968 μετ’
1499 4892 1730 4949 αὐτῶν.»

159 4999 231 5054 tt
252 4997 365 5070 γὰρ
386 4996 480 5052 καί
493 5012 637 5060 τινες
652 4993 859 5048 ἔσονται
883 4991 1026 5047 κατὰ
1053 4990 1145 5044 τὸν
1167 4988 1359 5059 καιρὸν
1375 4985 1484 5041 τῶν
1499 4987 1738 5054 ἐπαγγε-

159 5089 298 5144 λιῶν
326 5088 486 5143 κόποι
519 5087 779 5157 σωτήριοι
810 5085 905 5139 καὶ
950 5081 1148 5151 ἀγαθοὶ
1195 5078 1290 5135 καὶ
1322 5079 1490 5150 ἡδεῖς,
1520 5077 1736 5143 ὁποίους

159 5175 389 5240 πάντως
425 5193 531 5230 που
571 5174 667 5228 καὶ
706 5175 740 5246 ἡ
788 5170 1049 5242 ἀγγελικὴ
1096 5168 1250 5235 τάξις
1287 5168 1579 5238 ὑπομένει·
1621 5164 1734 5219 ἀλλ’

158 5271 267 5325 οὐκ
296 5266 566 5331 επικενῶς
594 5266 745 5321 ἔσται
781 5264 850 5319 τά
878 5265 979 5335 τῆς
1010 5262 1273 5336 ἐργασίας
1295 5261 1477 5324 αὐτοῖς
1496 5277 1509 5291 ·
1543 5259 1735 5333 μισθὸς

156 5361 276 5435 γὰρ
312 5361 498 5426 αὐτοῖς
547 5359 768 5425 ὲπάξιος
804 5355 1249 5428 τεθησαύρισται.
1294 5352 1647 5407 Τεκνοποιίαν
1677 5350 1736 5405 δὲ

158 5454 448 5525 νοήσωμεν
475 5448 584 5502 τῶν
624 5445 809 5518 ψυχῶν
838 5446 966 5528 τοὺς
1006 5443 1298 5517 λογισμοὺς
1338 5440 1432 5497 καὶ
1477 5441 1577 5512 τῆς
1615 5439 1732 5493 δια-
1772 5509 1778 5515 ι

160 5541 457 5608 νοίαςτοὺς
474 5539 739 5611 καρποὺς,
773 5536 865 5601 οὓς
886 5538 1126 5607 κατάρας
1161 5532 1377 5587 ἔσεσθαι
1396 5531 1728 5604 ἀλλοτρίους,

164 5634 419 5705 εὐλογίας
449 5632 507 5686 δὲ
538 5630 721 5697 ἀξίους
743 5629 1005 5693 θεσπίζει.
1039 5624 1225 5679 Ταῦτα
1251 5621 1345 5677 καὶ
1375 5624 1454 5685 εἰς
1467 5622 1557 5676 τὸν
1591 5638 1734 5692 παρ-

162 5728 297 5783 όντα
356 5725 472 5800 βίον
512 5720 947 5795 ὲκ>.αμ6άνεσθαι
1000 5715 1173 5793 οἶμαι,
1218 5713 1333 5811 τοῦ
1362 5712 1522 5783 λόγου
1571 5712 1733 5768 πάλιν

696 5805 728 5814 ο-
779 5806 820 5815 --aa
892 5809 924 5817 ,-

1909 4700 2073 4757 Vens.
2106 4699 2199 4756 25.
2248 4716 2267 4751 t
2309 4696 2478 4754 Electi
2527 4698 2632 4754 mei
2682 4713 2788 4755 non
2841 4695 3163 4755 laborabunt
3203 4696 3256 4754 ln
3305 4713 3403 4756 va·

1838 4807 1987 4859 num,
2019 4806 2190 4863 neque
2238 4790 2377 4846 lilios
2423 4787 2755 4861 generabunt
2802 4788 2858 4844 in
2909 4787 3393 4846 maledictionem:

1836 4883 1961 4955 quia
1990 4897 2174 4939 semen
2217 4879 2558 4937 benedictum
2586 4893 2617 4934 a
2664 4881 2771 4937 Deo
2809 4887 2923 4946 est,
2951 4886 3008 4935 et
3041 4887 3265 4951 nepotes
3308 4896 3401 4937 eo-

1838 4989 1958 5031 rum
1999 4988 2121 5029 cum
2150 4973 2291 5029 eis.»
2333 4971 2558 5027 Etiamsi
2596 4970 2743 5027 enlm
2788 4970 3214 5043 promissionum
3261 4979 3402 5028 tem-

1835 5082 1990 5140 pore,
2037 5064 2254 5137 quidam
2304 5063 2605 5130 salutares,
2654 5064 2780 5120 boni
2846 5076 3147 5135 suavesque
3191 5061 3406 5119 labores

1835 5164 1964 5225 sint,
1989 5171 2124 5229 quos
2166 5156 2441 5229 angelicus
2467 5155 2603 5211 ordo
2644 5154 2900 5220 sustinet,
2929 5154 3024 5211 sed
3055 5168 3164 5211 non
3197 5153 3405 5208 trustra

1836 5251 2028 5308 cedent
2064 5249 2167 5306 illis
2209 5262 2414 5320 opera:
2446 5261 2569 5302 nam
2603 5246 2866 5318 condigna
2904 5245 3039 5316 ipsis
3065 5257 3281 5302 merces
3316 5255 3399 5296 re·

1836 5344 2008 5417 posita
2053 5352 2157 5399 est.
2200 5340 2515 5396 Liberorum
2548 5351 2682 5394 vero
2717 5337 3146 5407 procreationem
3191 5330 3399 5389 intelli·

1837 5451 2025 5509 gamus
2050 5448 2169 5491 esse
2204 5429 2798 5503 animaecogitationes,
2830 5429 3133 5498 mentisque
3160 5423 3400 5488 fruetus,

1836 5544 1973 5601 quos
2022 5542 2052 5582 a
2104 5524 2479 5580 maledictione
2546 5521 2788 5587 alienos,
2838 5518 3214 5576 benedictione
3262 5525 3400 5567 vero

1837 5621 2031 5691 dignos
2078 5615 2195 5674 rore
2242 5613 2585 5670 vaticinatur.
2629 5609 2759 5665 Haec
2806 5621 2866 5664 -·e
2908 5604 3152 5678 praesenti
3181 5614 3399 5673 quoque

1837 5712 1951 5769 vita
1995 5707 2165 5780 accipi
2203 5719 2366 5777 posse
2411 5702 2682 5767 existimo,
2731 5699 2804 5755 ita
2837 5707 2896 5754 ut
2937 5698 3022 5755 liis
3068 5692 3397 5766 apostolicus
