3692 6134
321 302 425 361 5¹5

987 297 1261 358 Eusssmt
1298 296 1780 357 CAESARIENSIS
1816 295 1971 357 OPP.
2011 294 2191 354 PARS
2227 295 2317 355 ΠΙ.
2356 326 2428 338 ——
2456 293 2883 366 munuca,
2999 314 3003 319 ·

3477 300 3589 357 5¹⁶

322 424 520 479 chorus
556 408 944 477 subindicetur.
982 433 1003 469 ι
1032 416 1156 472 Ideo
1196 416 1355 473 electi
1390 418 1495 473 mei
1538 432 1644 473 non
1677 416 1893 472 labora·
1923 412 2085 477 Ατὸν
2113 410 2274 485 χορὸν
2303 410 2396 466 τὸν
2426 407 2781 465 ἀποστολικὸν
2809 406 3199 478 αἰνιττομένου.
3230 425 3251 460 ι
3285 410 3387 466 Διὰ
3421 413 3588 469 τοῦτο

323 515 454 569 bunt
481 512 536 569 in
565 526 781 577 vanum,
811 523 986 580 neque
1029 506 1166 563 filios
1210 510 1575 579 procreabunt
1623 510 1679 564 in
1717 508 1889 563 male·

323 605 676 661 dictionem·
723 600 1100 672 Apostolorum
1169 600 1368 671 quippe
1418 600 1651 667 laboreS,
1696 607 1757 654 ut
1804 598 1895 655 vel

322 696 455 768 ipsis
480 693 651 751 oculis
688 693 918 764 patebit,
948 707 1057 747 non
1094 693 1157 746 'in
1189 708 1385 747 vanum
1435 692 1673 763 suscepti
1720 690 1894 758 luere,

322 787 466 858 quod
492 796 748 859 arguetur
772 801 838 840 ex
865 784 1100 841 Ecclesia
1129 786 1196 840 ab
1223 783 1357 855 ipsis
1380 799 1480 854 per
1504 792 1675 840 totum
1704 783 1893 839 orbem

324 877 575 945 fundata;
609 887 665 932 et
693 876 786 931 lilii
818 892 1004 933 eorum
1035 891 1134 946 per
1158 876 1440 931 lavacrum
1468 874 1899 947 regenerationis

323 971 380 1027 in
406 967 621 1026 Christo
649 969 759 1024 nati
783 969 1122 1025 videbuntur.

398 1142 560 1201 Vsus.
585 1143 677 1200 24.
715 1162 734 1197 ι
762 1143 828 1199 Ει
859 1143 966 1200 erit
1000 1154 1289 1213 antequam
1338 1142 1609 1210 clament,
1654 1156 1756 1214 ego
1797 1156 1900 1198 ex-

324 1235 539 1291 audiam
573 1249 707 1292 eos:
740 1236 917 1292 adbuc
956 1235 1061 1292 illis
1107 1234 1454 1308 loquentibus
1500 1234 1714 1304 dicam,
1758 1233 1899 1303 Quid

325 1327 483 1383 esti»
534 1326 594 1383 td
633 1342 793 1398 porro
836 1327 893 1382 in
934 1327 1159 1383 Actibus
1204 1325 1572 1397 apostolorum
1615 1324 1899 1396 impletum

326 1416 728 1491 'deprehendam
763 1435 888 1476 nam
926 1419 1037 1475 Deo
1066 1420 1199 1491 ipsis
1243 1426 1481 1484 astante,
1529 1415 1698 1472 multa
1746 1416 1901 1485 signa

326 1521 382 1564 et
428 1509 669 1581 prodigia
716 1510 1036 1566 edebantur.
1081 1508 1356 1580 Apostolis
1401 1521 1533 1564 vero
1574 1506 1692 1562 baec
1737 1520 1902 1576 agen-

329 1600 498 1665 tibus,
539 1599 668 1657 binc
703 1599 1132 1674 alienigenarum
1157 1600 1410 1672 ‘gentium
1443 1597 1729 1656 conversio
1769 1596 1902 1655 sub-

329 1692 684 1761 sequebatur.

1994 506 2044 557 oi
2093 500 2336 557 ἐκλεκτοί
2373 518 2473 574 μου
2506 501 2568 554 οὐ
2615 499 2968 554 κοπιάσουσιν
3013 499 3096 562 εἰς
3139 498 3294 554 κενὸν
3338 502 3465 558 οὐδὲ
3495 521 3590 559 τε·

1995 594 2412 665 κνοποιήσουσιν
2432 592 2512 656 εῐς
2544 590 2811 662 κατάραν.
2851 607 2870 640 ι
2913 588 3108 641 Ἔσται
3143 587 3258 661 γὰρ
3280 590 3590 665 ὀφθαλμοῖς

1997 681 2333 756 παραλαόεἰν
2381 680 2492 736 τῶν
2544 680 2859 736 ἀποστόλων
2903 679 3035 742 τοὺς
3086 678 3311 748 κόπους,
3369 685 3474 739 οὐκ
3506 688 3591 753 εἰς

1997 777 2153 832 κενὸν
2190 773 2589 847 γεγενημένους
2615 773 2737 845 ,ἀπὸ
2777 772 2880 843 τῆς
2915 772 3008 825 ὑπ’
3036 771 3217 827 αὐτῶν
3243 775 3592 853 ἱδρυνθείσης

1997 868 2121 925 καθ’
2148 869 2277 941 ὄλης
2300 868 2403 939 τῆς
2424 866 2748 939 οἰκουμένης
2784 863 3113 936 Ἐκκλησίας
3132 882 3149 897 ·
3179 869 3276 922 καὶ
3308 869 3380 923 τὰ
3419 872 3590 927 τέκνα

1999 959 2180 1016 αὐτῶν
2202 963 2260 1014 ὲν
2284 957 2508 1033 Χριστῷ
2532 956 2860 1029 γεννηθέντα
2879 953 2968 1010 διὰ
2982 956 3084 1029 τῆς
3110 956 3207 1012 τοῦ
3217 958 3451 1034 λουτροῦ
3480 981 3592 1020 πα.

1998 1051 2356 1124 λιγγενεσίας.

2076 1164 2095 1198 ι
2118 1144 2230 1199 Καὶ
2252 1142 2404 1197 ἔσται
2433 1141 2564 1215 πρὶν
2587 1140 2621 1213 ἢ
2653 1140 2915 1213 κεκράξαι
2953 1141 3176 1208 αὐτοὺς,
3207 1143 3320 1214 ἐγὼ
3347 1146 3590 1203 ὑπακού-

2001 1255 2167 1310 σομαι
2190 1235 2371 1292 αὐτῶν
2390 1252 2405 1267 ·
2430 1234 2510 1288 ἔτι
2539 1232 2842 1288 λαλούντων
2868 1233 3048 1288 αὐτῶν
3081 1235 3212 1308 ἐρῶ·
3248 1238 3313 1292 Τί
3343 1240 3522 1307 ὲστιν;
3558 1260 3579 1295 ι

2006 1331 2075 1384 Ἀ
2103 1329 2167 1401 δὴ
2203 1329 2299 1383 καὶ
2330 1326 2632 1399 ἐπληροῦτο
2670 1326 2763 1379 ἐπὶ
2789 1325 2899 1379 τῶν
2927 1325 3190 1399 Πράξεων
3208 1329 3316 1383 τῶν
3346 1332 3582 1386 ἀποστό-

2002 1421 2132 1475 λων·
2171 1419 2343 1474 πολλά
2381 1418 2489 1491 γὰρ
2532 1420 2733 1489 σημεῖα
2772 1401 2885 1471 καῖ’
2912 1418 3114 1491 τέρατα
3140 1422 3435 1493 ἐνηργεῖτο,
3480 1423 3575 1477 τοῦ

2002 1512 2137 1567 Θεοῦ
2183 1512 2366 1576 αὐτοῖς
2407 1509 2775 1582 παρεστῶτος.
2810 1502 2911 1564 Ὧν
2943 1510 3159 1566 τοιαῦτα
3187 1512 3571 1584 ἐνεργούντων,

2002 1600 2311 1667 ἀκολούθως
2362 1604 2395 1674 ὴ
2446 1601 2554 1655 τῶν
2617 1599 2931 1671 ἀλλοφύλων
2979 1602 3147 1657 ἒθνῶν
3204 1604 3411 1674 ἐγίνετο
3453 1608 3577 1659 ἑπι-

2008 1692 2235 1765 στροφὴ-

396 1779 678 1841 Ἶειιε.25.
717 1801 738 1836 ι
766 1782 917 1840 Tunc
960 1784 1072 1857 lupi
1114 1792 1173 1842 et
1204 1783 1329 1856 agni
1376 1789 1670 1855 pascentur
1712 1778 1898 1847 simul,
1932 1768 1976 1824 Β
2084 1801 2105 1836 ι
2144 1783 2280 1837 Τότε
2317 1780 2472 1836 λύκοι
2518 1783 2615 1836 καῖ
2653 1781 2817 1853 ἄρνες
2851 1781 3275 1855 βοσκηθήσονται
3320 1785 3454 1855 ἄμα,
3481 1785 3583 1840 καὶ

327 1881 385 1928 et
415 1871 501 1930 leo
526 1884 586 1931 ut
625 1875 724 1931 bos
767 1878 1012 1932 comedet
1051 1874 1254 1946 paleas,
1294 1887 1519 1944 serpens
1565 1881 1748 1928 autem
1791 1882 1906 1928 ter-

328 1979 448 2019 ram
477 1965 632 2037 quasi
665 1981 881 2038 panem.
930 1965 1049 2022 Non
1098 1967 1394 2032 nocebunt,
1425 1980 1602 2036 neque
1646 1968 1902 2022 devasta-

328 2054 465 2111 bunt
508 2057 563 2111 in
597 2066 783 2112 monte
827 2064 1016 2111 sancto
1051 2069 1195 2121 meo,
1228 2054 1363 2111 dicit
1396 2054 1676 2112 Dominus.
1701 2073 1720 2107 ι
1765 2053 1902 2111 Nam

322 2149 419 2219 qul
448 2146 599 2218 prius
626 2160 851 2231 rapaces
876 2154 931 2203 et
955 2146 1165 2204 feroces
1192 2155 1370 2211 erant,
1400 2146 1473 2201 ita
1501 2155 1560 2201 ut
1579 2146 1735 2217 lupis
1758 2160 1907 2203 com·

326 2239 788 2310 pararipossent,
826 2239 880 2294 in
920 2247 1263 2294 mansuetum
1301 2252 1511 2294 morem
1553 2240 1901 2308 commutati,

2005 1875 2142 1929 λέων
2175 1874 2252 1939 ὡς
2282 1872 2407 1945 βοῦς
2442 1873 2675 1943 φάγεται
2696 1872 2894 1945 ἄχυρα,
2928 1871 3052 1943 ὄφις
3080 1873 3140 1927 δὲ
3169 1874 3271 1947 γῆν
3292 1874 3366 1939 ὡς
3393 1876 3587 1947 ἄρτον.

2006 1966 2121 2019 Οῦκ
2152 1965 2518 2037 ἀδικήσουσιν,
2562 1965 2685 2018 οὐδὲ
2712 1963 3077 2037 λυμανοῦνται
3121 1964 3215 2018 ἐπὶ
3255 1966 3333 2038 τῷ
3357 1966 3480 2039 ὄρει
3506 1968 3589 2039 τῷ

2005 2055 2147 2128 ἁγίῳ
2177 2072 2300 2128 μου,
2345 2054 2495 2125 λέγει
2524 2056 2749 2128 Κύριος.
2790 2074 2809 2107 ι
2844 2058 2907 2110 Oi
2954 2055 3063 2129 γὰρ
3117 2056 3376 2129 πρότερον
3402 2060 3582 2131 ἁρπα-

2004 2148 2183 2201 κτικοὶ
2209 2147 2302 2202 καὶ
2316 2146 2619 2221 θηριώδεις,
2638 2147 2713 2211 ὡς
2733 2146 2918 2212 λύκοις
2932 2148 3395 2220 παραόάλλεσθαι,
3417 2168 3594 2222 μετα-

2006 2238 2322 2311 δαλλόμενοι
2370 2238 2464 2294 ἐπὶ
2513 2238 2574 2293 τὸ
2615 2240 2841 2313 ἥμερον,
2876 2240 3086 2312 ἀρνίοις
3117 2241 3214 2295 καὶ
3246 2242 3430 2312 βουσὶν
3469 2260 3597 2297 συν,

330 2345 456 2387 eum
504 2331 658 2403 agnis
700 2339 757 2387 et
803 2329 979 2387 bobus
1019 2330 1283 2403 gregatim
1326 2329 1648 2401 agebantur,
1687 2339 1747 2386 ut
1794 2346 1903 2387 uno
2005 2330 2348 2405 ηγελάζοντο,
2380 2330 2456 2394 ὡς
2479 2332 2606 2402 μιᾶς
2620 2331 2823 2404 καὶτῆς
2842 2331 3011 2404 αὐτῆς
3025 2333 3469 2405 μεταλαμὸάνειν
3496 2337 3598 2406 τῆς

331 2421 632 2493 eodemque
674 2436 740 2477 ex
798 2419 997 2476 divinis
1052 2419 1379 2477 lectionibus
1418 2429 1676 2492 excerpto
1731 2422 1905 2478 ratio·
2004 2422 2114 2479 ἀπὸ
2144 2422 2252 2477 τῶν
2301 2421 2460 2475 θείων
2504 2423 2948 2493 ἀναγνωσμάτων
2990 2423 3216 2495 λογικῆς
3257 2427 3492 2497 τροφῆς.
3528 2428 3593 2481 ot

331 2513 498 2573 nabin
533 2514 656 2571 cibo
699 2522 1000 2569 uterentur.
1038 2513 1142 2583 Qui
1182 2521 1361 2568 autem
1397 2512 1640 2570 moribus
1688 2512 1826 2569 nihil
1871 2528 1903 2570 a
2003 2514 2062 2569 δὲ
2105 2516 2218 2579 τοῖς
2260 2513 2482 2587 τρόποις
2529 2513 2757 2569 λεόντων
2797 2516 2948 2570 οὐδὲν
2988 2516 3373 2588 διαφέροντες,
3407 2519 3597 2574 οὐκέτι

331 2607 581 2663 leonibus
617 2605 1021 2674 discrepabant,
1055 2604 1173 2674 iam
1208 2618 1315 2659 non
1348 2603 1488 2660 ultra
1516 2603 1820 2661 carnivorls
1849 2611 1907 2660 et
2007 2603 2395 2677 σαρκοφάγοις,
2431 2603 2551 2658 οὐδὲ
2587 2603 2895 2677 ὠμοδόροιτ
2920 2604 3114 2676 θηρσὶν
3143 2607 3404 2673 ἐοικότες,
3435 2606 3580 2680 δίκη·

331 2696 698 2768 sanguinariis
769 2695 899 2753 feris
946 2696 1188 2761 similes,
1246 2696 1410 2751 boum
1466 2696 1636 2752 instar
1681 2704 1737 2753 et
1800 2697 1904 2768 ipsi
2007 2696 2147 2767 βοῶν
2176 2697 2270 2751 καὶ
2289 2697 2442 2750 αὐτοὶ
2465 2695 2565 2768 τὴν
2593 2696 2702 2749 ἀπὸ
2721 2696 2827 2767 τῆς
2853 2695 3038 2750 ἐνθέου
3064 2696 3412 2764 διδασκαλίας
3450 2698 3593 2756 πόαν

332 2788 529 2846 divina}
568 2788 826 2845 doctrinas
865 2788 1086 2844 herbam
1137 2788 1512 2844 comedebant.
1545 2785 1617 2844 Et
1655 2789 1747 2860 qui
1774 2788 1903 2845 olim
2006 2787 2213 2861 ἤσθιον.
2270 2787 2380 2841 Καὶ
2411 2788 2440 2840 ό
2478 2785 2645 2840 πάλαι
2663 2786 2736 2857 ιδὴ
2774 2788 3038 2859 πρότερον
3067 2787 3328 2861 ὀφιώδης,
3355 2789 3447 2844 καὶ
3501 2788 3589 2845 lcii

331 2886 639 2952 serpentem
690 2877 990 2945 referebat,
1032 2888 1262 2947 atroque
1300 2892 1510 2934 veneno
1562 2877 1754 2949 plenus
1793 2878 1902 2948 vir,
2010 2881 2205 2955 μεστὸς
2253 2881 2413 2952 ἀνὴρ,
2443 2878 2761 2944 ἀποπτύσας
2802 2880 2902 2952 τὴν
2944 2883 3003 2935 ὲν
3050 2880 3204 2953 αὐτῷ
3231 2879 3443 2946 κακίαν,
3487 2881 3587 2937 τὸν

332 2971 609 3042 repudiata
643 2968 866 3035 malitia,
899 2984 1091 3042 panem
1113 2969 1401 3027 comedet:
1431 2984 1530 3040 pro
1558 2978 1703 3025 terra
1729 2985 1896 3042 quam
2006 2972 2171 3047 ἄρτον
2189 2972 2443 3044 φάγεται,
2472 2972 2645 3045 τροφῇ
2668 2970 2861 3043 λογικῇ
2895 2971 2990 3026 καὶ
3026 2971 3339 3046 ἀνθρωπίνη
3362 2972 3583 3044 χρώμε-

331 3063 483 3133 prius
504 3064 721 3130 edebat,
747 3061 1054 3119 rationabili
1078 3072 1132 3119 et
1165 3063 1399 3117 bumano
1430 3067 1591 3118 utens
1615 3059 1901 3118 alimento.

334 3155 517 3227 Usque
546 3153 684 3212 adeo
723 3163 901 3211 autem
947 3154 1255 3225 huiusmodi
1312 3154 1441 3211 lerae
1484 3162 1903 3222 mansuescent,

332 3259 393 3307 ut
427 3247 697 3307 neminem
739 3247 939 3305 laedant
964 3248 1047 3304 vel
1084 3247 1432 3320 pessumdent
1467 3245 1524 3303 ln
1559 3260 1744 3305 monte
1788 3246 1907 3310 Dei.

895 3407 1124 3465 CAPUT
1146 3406 1341 3466 ·vat.

404 3525 569 3583 Vns.
593 3524 710 3581 1-5.
747 3522 889 3580 «Sic
937 3522 1068 3578 dicit
1111 3523 1395 3590 Dominus,
1429 3522 1636 3581 Coelum
1682 3525 1910 3582 thronus

336 3630 510 3684 meus,
541 3625 598 3671 et
637 3625 783 3671 terra
827 3612 1122 3669 scabellum
1154 3617 1349 3685 pedum
1383 3629 1651 3674 meorum.
1682 3616 1908 3684 Qualem

336 3710 553 3766 domum
603 3704 945 3763 aedificabitis
994 3704 1170 3760 milii?
1213 3714 1270 3761 et
1313 3705 1437 3775 quis
1483 3706 1643 3763 locus
1689 3705 1906 3777 requie·

337 3800 498 3856 tionis
537 3797 704 3853 meae?
731 3796 852 3853 llaec
882 3795 1024 3851 enim
1053 3796 1236 3852 omnia
1270 3796 1400 3852 fecit
1444 3802 1639 3853 manus
1687 3812 1826 3865 mea,
1855 3806 1911 3853 et

333 3892 450 3947 baec
490 3889 671 3944 omnia
701 3904 818 3943 mea
861 3897 1019 3955 sunt,
1066 3889 1199 3946 dicit
1241 3889 1518 3946 Dominus.
1560 3888 1730 3958 Quem
1775 3903 1909 3945 vero

340 3982 648 4051 respiciam,
677 3981 782 4037 nisi
809 3982 1088 4047 humilem,
1123 3992 1178 4038 et
1212 3981 1474 4052 quietum,
1500 3990 1551 4036 et
1582 3988 1905 4036 trementem

337 4087 618 4130 sermones
642 4075 830 4130 meos?
862 4073 1083 4145 iniquus
1126 4082 1330 4136 autem,
1363 4071 1454 4143 qui
1499 4069 1744 4127 immolat
1772 4068 1904 4125 mibi

335 4163 585 4229 vitulum,
624 4164 778 4234 quasi
824 4164 1038 4221 occidat
1079 4178 1309 4220 canem:
1341 4162 1434 4234 qui
1477 4176 1608 4217 vero
1636 4158 1796 4215 offert
1827 4159 1906 4216 si-

336 4256 544 4325 milam,
566 4257 720 4326 quasi
746 4255 963 4312 suillum
992 4254 1306 4324 sauguinem
1332 4272 1349 4309 ι
1381 4253 1473 4324 qui
1502 4252 1594 4309 dat
1625 4252 1901 4309 incensum

339 4350 391 4405 in
421 4347 759 4412 memoriam,
802 4348 955 4418 quasi
987 4346 1358 4418 blasphemus.
1389 4345 1456 4399 Et
1489 4344 1593 4416 ipsi
1623 4344 1905 4416 elegerunt

2006 3081 2117 3131 νος,
2146 3063 2265 3120 ἀνθ’
2288 3058 2359 3139 ἧς
2380 3062 2536 3136 ῆσθιε
2579 3063 2843 3137 πρότερον
2879 3066 3004 3136 γῆς.
3043 3061 3202 3118 Οὕτω
3235 3064 3293 3138 δᾷ
3330 3064 3380 3117 οἱ
3411 3063 3581 3135 θῆρες

2008 3150 2155 3212 οῦτοι
2212 3155 2741 3230 ὲξημερωθήσονται,
2791 3156 2869 3220 ὡς
2920 3156 3122 3228 μηδένα
3176 3157 3399 3226 ἀδικεῖν,
3443 3156 3577 3230 μηδὲ

2008 3247 2357 3323 λυμαίνεσθαί
2383 3265 2536 3314 τινας
2555 3249 2613 3303 ὲν
2643 3248 2722 3320 τῷ
2752 3248 2869 3319 ὄρει
2905 3247 2998 3302 τοῦ
3019 3247 3180 3303 Θεοῦ.

2514 3406 2909 3462 ΚΕΦΑΛΑιυΝ
2963 3402 3103 3474 scr,

2083 3537 2104 3573 ι
2136 3517 2321 3584 Οῦτως
2344 3518 2490 3590 λέγει
2513 3519 2739 3593 Κύριος·
2779 3521 2836 3575 Ὀ
2862 3520 3088 3592 οὐρανός
3116 3536 3217 3591 μου
3249 3519 3462 3593 θρόνος,
3488 3523 3583 3577 καὶ

2007 3612 2042 3683 ἡ
2073 3609 2147 3682 γῆ
2179 3610 2466 3666 ὑποπόδιον
2498 3610 2607 3665 τῶν
2636 3611 2814 3665 ποδῶν
2848 3629 2972 3683 μου.
3006 3612 3163 3665 Ποῖον
3193 3605 3345 3667 οἶκον
3378 3614 3581 3668 οἰκοδο-

2011 3702 2213 3776 μήσετέ
2244 3718 2373 3776 μοις
2403 3704 2496 3757 καὶ
2522 3706 2673 3767 ποῖος
2693 3702 2855 3768 τόπος
2880 3703 2982 3774 τῆς
3010 3703 3414 3769 καταπαύσεώς
3443 3721 3578 3777 μους

2007 3793 2194 3848 Πάντα
2233 3792 2342 3865 γάρ
2385 3790 2559 3846 ταῦτα
2605 3790 2859 3862 ἐποίησεν
2900 3793 2933 3863 ὴ
2979 3792 3098 3864 χείρ
3132 3808 3253 3863 μου,
3302 3792 3401 3846 καὶ
3438 3794 3581 3848 ἐστιν

2006 3885 2115 3958 ἐμά
2149 3885 2328 3940 πάντα
2366 3884 2562 3951 ταῦτα,
2596 3884 2742 3954 λέγει
2779 3884 3003 3955 Κύριος.
3035 3885 3141 3939 Καὶ
3175 3882 3271 3938 ἐπὶ
3302 3886 3429 3958 τίνα
3458 3887 3579 3939 ὲπι-

2008 3975 2207 4048 6λέψω,
2237 3975 2353 4031 ἀλλ’
2375 3975 2409 4048 ἢ
2430 3976 2524 4030 ἐπὶ
2547 3975 2636 4030 τὸν
2661 3974 2915 4029 ταπεινὸν
2944 3974 3040 4028 καὶ
3068 3972 3311 4047 ἡσύχιον,
3338 3975 3435 4030 καὶ
3451 3975 3579 4046 τρέ-

2008 4085 2176 4142 μοντα
2205 4069 2336 4134 τοὺς
2364 4069 2555 4139 λόγους
2600 4084 2733 4142 μου;
2792 4070 2849 4123 Ὀ
2878 4068 2936 4122 δὲ
2981 4068 3180 4139 ἄνομος
3220 4069 3251 4121 ό
3297 4066 3440 4122 θύων
3483 4084 3576 4140 μοι

2007 4161 2226 4234 μόσχον,
2251 4160 2328 4227 ὠς
2355 4162 2689 4218 ἀποκτείνων
2712 4161 2852 4218 κύνα
2870 4180 2886 4196 ·
2909 4164 2938 4217 ὀ
2963 4163 3019 4218 δὲ
3042 4163 3333 4235 ἀναφέρων
3363 4162 3578 4236 σεμίδα-

2002 4252 2107 4321 λιν,
2139 4252 2216 4318 ὡς
2246 4247 2382 4327 αἷμα
2404 4253 2571 4308 ῦειον·
2602 4257 2631 4309 ό
2656 4254 2833 4320 διδοὺς
2860 4255 3074 4311 usa-»ov
3100 4256 3182 4319 εἰς
3212 4256 3576 4327 μνημόσυνον,

2004 4344 2080 4407 ὡς
2105 4344 2443 4418 βλάσφημος.
2491 4346 2602 4401 Καὶ
2633 4347 2788 4400 αὐτοὶ
2820 4347 3129 4416 ἐξελέξαντο
3159 4347 3257 4412 τὰς
3285 4348 3441 4413 ὀδοὺς
3483 4350 3581 4404 αὐ-

335 4439 454 4496 vias
484 4453 631 4506 suas,
664 4445 720 4494 et
747 4437 1176 4494 abominationes
1212 4437 1448 4508 ipsorum
1490 4436 1672 4492 anima
1713 4451 1901 4493 eorum
1932 4450 1977 4506 Ι)
2005 4434 2134 4500 τῶν,
2163 4436 2356 4491 καὶτὰ
2388 4435 2729 4509 βδελύγματα
2765 4437 2943 4493 αὐτῶν
2976 4439 3009 4509 ὴ
3047 4436 3194 4509 ψυχὴ
3234 4437 3418 4492 αὐτῶν
3452 4437 3582 4508 ἠθέ-

338 4530 527 4588 voluit.
548 4547 567 4581 ι
606 4528 723 4584 Non
749 4529 896 4585 enim
931 4529 1069 4597 baec,
1106 4529 1325 4600 inquit„
1347 4527 1602 4585 voluntas
1636 4544 1779 4597 mea,
1810 4545 1907 4585 ne-

337 4636 443 4691 que
476 4636 607 4677 meac
653 4620 956 4689 hujusmodi
990 4622 1112 4688 viae,
1142 4622 1237 4678 sed
1278 4620 1348 4676 ad
1392 4620 1623 4676 lubitum
1654 4629 1710 4677 et
1737 4621 1907 4693 placi·

300 4775 307 4780 ⁷
341 4723 453 4767 turn
479 4726 663 4768 corum
689 4720 834 4768 sunt.

306 4800 315 4845 ἴ
414 4801 654 4859 Ὑειιε.4.
694 4820 716 4855 ι
746 4803 814 4858 Ει
856 4818 956 4874 ego
997 4787 1228 4875 deligam
1275 4803 1556 4861 illusiones
1597 4819 1809 4874 eorum,
1854 4815 1912 4862 et

340 4907 560 4966 peccata
604 4896 899 4952 retribuam
943 4898 1024 4951 eis
1060 4915 1075 4951 :
1120 4897 1245 4967 quia
1282 4897 1472 4952 vocavi
1536 4911 1668 4964 eos,
1700 4907 1755 4952 et
1793 4910 1902 4952 non

337 4988 694 5043 exaudierunt
719 5003 831 5058 me;
863 4988 1076 5045 locutus
1102 5003 1246 5058 sum,
1271 4999 1328 5045 et
1353 5003 1460 5044 non
1490 4990 1817 5046 audierunt:
1847 5000 1905 5046 et

339 5080 584 5136 fecerunt
618 5080 818 5135 malum
847 5080 902 5135 in
924 5091 1214 5151 conspectu
1240 5095 1382 5148 mco,
1403 5088 1461 5135 et
1490 5095 1609 5152 quae
1652 5079 1901 5137 nolebam

336 5174 676 5243 clegerunt.»
721 5169 1070 5237 Quandonam
1115 5179 1294 5226 autem
1343 5178 1623 5226 vocantem
1667 5183 1771 5224 non
1814 5169 1901 5224 in-

339 5264 698 5328 tellexcrunt,
743 5263 847 5318 nisi
889 5262 1104 5333 quaudo
1133 5276 1371 5331 praesens
1410 5260 1546 5332 ipsis
1589 5258 1898 5327 clamabat,

343 5377 362 5409 ι
388 5355 577 5413 Venite
598 5357 666 5410 ad
692 5369 777 5410 me
800 5370 1012 5431 omnes,
1032 5355 1125 5426 qui
1149 5352 1409 5410 laboratis
1429 5360 1487 5411 et
1509 5351 1722 5409 onerati
1742 5351 1898 5421 estis,

334 5458 391 5505 ct
414 5461 518 5520 ego
546 5449 785 5505 reliciam
814 5463 912 5505 vos
931 5447 1010 5504 ⁸⁰?
1039 5465 1061 5501 ι

408 5539 575 5599 Vm.
597 5540 655 5599 5.
691 5559 713 5595 ι
740 5539 936 5598 Audite
964 5542 1129 5597 verba
1172 5537 1407 5608 Domini,
1442 5535 1535 5611 qui
1572 5535 1805 5595 tremitis
1832 5537 1902 5594 ad

409 5722 470 5815 :⁸-
493 5722 680 5781 llattb.
706 5739 783 5782 xi.
807 5723 900 5781 28.

2004 4527 2154 4600 λησε.
2191 4546 2212 4581 ι
2262 4529 2338 4583 Οὐ
2374 4527 2483 4602 γάρ
2527 4529 2637 4600 ὲμά
2671 4529 2867 4596 ταῦτα,
2916 4535 3069 4601 φησὶ,
3116 4528 3420 4601 θελήματα,
3453 4530 3581 4583 οὐδὲ

2002 4621 2128 4692 ἐμοὶ
2161 4620 2219 4674 αἱ
2248 4618 2358 4674 ὁδοὶ
2384 4613 2564 4686 αῦται,
2592 4621 2728 4677 ἀλλά
2750 4623 2850 4695 τῆς
2876 4621 3052 4678 αὐτῶν
3079 4621 3452 4693 προαιρέσεως
3481 4639 3581 4678 κα-

2003 4709 2266 4782 ταθύμια.

2082 4820 2103 4856 ι
2137 4802 2249 4858 Καὶ
2297 4801 2408 4873 ἐγὼ
2442 4803 2730 4879 ὲκλέξομαι
2760 4805 2828 4859 τά
2860 4805 3221 4878 ὲμπαίγματα
3248 4805 3455 4875 αὐτῶν,
3484 4809 3578 4862 καὶ

2002 4891 2103 4957 τὰς
2141 4891 2417 4965 ἁμαρτίας
2458 4892 2822 4948 ἀνταποδώσω
2856 4895 3042 4960 αὐτοῖς
3085 4897 3167 4950 ὅτι
3204 4895 3441 4950 ἐκάλεσα
3482 4897 3577 4950 αύ-

2002 4984 2149 5050 τοὺς,
2202 4984 2298 5038 καὶ
2340 4985 2440 5056 οὐχ
2478 4985 2790 5057 ὑπήκουσάν
2844 5003 2943 5059 μου
2966 5004 2981 5017 ·
3038 4987 3293 5058 ἐλάλησα,
3340 4989 3438 5042 καὶ
3478 4988 3577 5041 οὐκ

2004 5076 2261 5150 ἥκουσαν·
2308 5077 2403 5131 καὶΙ
2448 5077 2709 5150 ἐποίησαν
2754 5079 2820 5134 τὸ
2865 5081 3100 5153 πονηρὸν
3132 5081 3373 5135 ἐναντίον
3419 5080 3576 5152 ἐμοῦ,

2004 5170 2097 5224 καὶ
2115 5167 2152 5224 ἄ
2181 5171 2283 5223 οὐκ
2308 5168 2605 5242 ὲόουλόμην
2626 5170 2957 5239 ἐξελέξαντο.
2990 5191 3009 5224 ι
3040 5175 3178 5228 Πότε
3204 5174 3260 5227 δὲ
3285 5173 3577 5232 καλοῦντος

2006 5261 2203 5326 αὐτοῦς
2254 5260 2317 5315 ού
2350 5261 2615 5334 συνῆκαν,
2661 5264 2695 5337 ἢ
2729 5264 2819 5319 ὅτε
2866 5268 3051 5330 αὐτοῖς
3082 5265 3382 5338 συντρίὸων
3423 5265 3573 5320 ὲῦόα·

2013 5372 2033 5405 ι
2066 5351 2230 5408 Δεῦτε
2262 5352 2400 5427 πρὸς
2433 5352 2523 5427 μὲ,
2554 5355 2756 5420 πάντες
2785 5357 2834 5410 οἱ
2866 5357 3161 5423 κοπιῶντες
3194 5358 3288 5412 καὶ
3322 5374 3576 5429 πεφορτι-

2008 5445 2217 5519 σμένοι,
2245 5444 2401 5515 κάγὼ
2430 5446 2731 5502 ἀναπαύσω
2756 5448 2935 5519 ύμᾶςς
2971 5466 2993 5502 ι

2081 5557 2103 5593 ι
2146 5537 2437 5597 Ἀκούσατε
2463 5539 2683 5614 ῥήματα
2713 5539 2917 5613 Κυρίου
2975 5540 3026 5595 οἱ
3045 5539 3339 5612 τρέμοντες
3370 5538 3466 5596 τὸν
3489 5538 3574 5595 λό-
