3692 6134
220 365 367 424 {⁰55

897 327 1183 407 ‘tusi-imi
1222 331 1706 402 effluit-:usis
1740 326 1900 386 ort».
1937 320 2126 381 rsus
2161 317 2255 376 iv.
2291 345 2372 362 .-
2407 305 2930 382 noem-rums

220 489 325 540 vit.
352 481 499 538 Cede
523 522 540 546 ‚
568 487 623 535 et
654 475 917 533 confitere
974 468 1351 525 infirmitatem
1402 472 1574 518 tuam.
1603 459 1812 514 Obum-
1841 457 1888 513 Α
1916 477 2003 526 032
2035 464 2210 521 bene!
2243 462 2364 518 Non
2407 460 2576 517 enim
2639 459 2780 514 haee
2839 463 2935 509 est
2983 465 3222 508 mensura

222 577 347 632 bret
369 584 422 628 te
442 571 715 628 Christus.
740 566 800 622 Si
826 567 971 621 enim
997 572 1052 619 tu
1102 557 1380 632 quomodo
1409 564 1567 609 uatus
1599 567 1661 605 es
1714 563 1812 603 ne·

227 668 340 726 scis
358 709 374 732 ‚
399 662 861 737 quemadmodum
886 701 903 728 ,
933 656 1029 730 qui
1076 656 1146 711 de
1168 664 1220 709 te
1265 652 1488 722 ignoras
1507 689 1524 713 ,
1552 647 1620 700 de
1650 644 1816 699 Patre

231 769 289 814 et
318 756 459 815 Filio
479 763 571 811 aut
598 753 833 824 quaeris.
868 758 962 804 aut
985 760 1147 804 nosse
1183 753 1236 800 te
1271 740 1471 814 putas?
1502 739 1643 806 Quid
1685 751 1816 808 ergo

234 864 344 905 uon
367 847 628 903 debemus
655 842 904 899 contiteri
949 841 1115 895 Deum
1147 844 1203 891 et
1255 833 1495 890 Filium?
1545 829 1819 887 Confitere

235 955 301 997 ea
336 953 458 1010 quae
481 937 549 993 de
572 935 738 993 Patre
767 942 822 989 et
852 931 990 988 Filio
1017 929 1222 1000 scripta
1262 934 1431 983 sunt:
1467 933 1523 980 et
1566 922 1675 977 noli
1721 936 1820 977 cu-

237 1032 419 1090 riosus
443 1043 508 1086 ea
536 1043 657 1098 quae
681 1040 788 1080 non
822 1033 951 1079 sunt
998 1021 1197 1092 scripta
1229 1018 1528 1089 requirere.
1565 1014 1775 1070 Dicitur
1800 1053 1820 1079 ,

240 1124 311 1180 ln
330 1121 589 1192 princivio
611 1128 762 1183 erat,
790 1126 847 1173 et
881 1116 1006 1187 quis
1034 1111 1255 1170 audebit
1284 1107 1715 1181 reprehendere?
1760 1104 1819 1160 Si

242 1223 425 1268 autem
450 1222 507 1268 et
530 1209 939 1282 reprehenderit
971 1217 1023 1263 te
1047 1248 1064 1275 ,
1101 1214 1274 1261 semet
1327 1204 1504 1273 ipsum
1537 1201 1705 1256 laedit.
1752 1197 1821 1253 In

240 1302 504 1372 principio
524 1307 640 1356 eret
678 1297 906 1353 Verbum
925 1339 941 1364 ,
967 1306 1017 1351 et
1062 1294 1288 1349 Verbum
1313 1304 1426 1347 erat
1452 1292 1593 1362 apud
1630 1289 1819 1356 Deum,

238 1405 291 1450 et
323 1393 463 1448 Deus
504 1402 619 1447 erat
687 1387 934 1444 Verbum.
980 1387 1087 1442 Hic
1121 1396 1234 1442 erat
1275 1386 1331 1440 in
1378 1385 1638 1456 principio
1680 1381 1823 1452 apud

241 1484 434 1540 Deum.
460 1483 526 1537 Et
549 1481 744 1551 saepius
771 1481 870 1534 ista
909 1479 1180 1540 dicantur,
1208 1488 1262 1532 et
1291 1475 1423 1531 nihil
1441 1483 1824 1545 conqim·ra1ur

243 1573 393 1627 novi.
422 1570 639 1628 Utinam
669 1578 847 1624 autem
882 1566 1058 1621 solum
1085 1565 1418 1634 legeremus!
1452 1563 1660 1619 utinam
1688 1562 1824 1618 solis

243 1661 545 1733 scripturis
575 1660 812 1714 contenti
844 1658 1123 1713 essemusl
1151 1665 1210 1713 et
1238 1657 1306 1711 lis
1349 1654 1495 1710 nulla
1529 1654 1714 1710 fiebat.
1762 1650 1821 1708 Si

247 1752 394 1804 euim
420 1750 546 1820 quis
592 1749 801 1818 litigat,
829 1748 914 1804 vel
960 1747 1323 1812 contradicit,
1363 1746 1608 1816 jurgatus
1658 1744 1824 1799 suerit

250 1841 336 1896 liis
362 1855 481 1909 quae
502 1840 700 1910 scripta
731 1849 857 1895 suut
883 1859 899 1896 ε
929 1855 1034 1896 non
1065 1839 1134 1895 ad
1180 1838 1451 1894 hominem
1485 1836 1694 1907 litigat,
1724 1837 1821 1891 sed
1851 1804 1896 1859 B

246 1931 318 1987 ad
372 1931 538 1987 Deum
566 1932 679 2001 ‚qui
732 1932 976 2003 scripsit.
1016 1930 1166 1987 Unde
1192 1939 1372 1984 autem
1428 1928 1659 1983 eflicitur
1707 1927 1825 1982 lis?

247 2037 375 2079 cum
399 2038 464 2078 ea
497 2038 616 2094 quae
640 2038 708 2078 ex
737 2025 903 2081 corde
937 2032 1064 2080 sunt
1101 2021 1447 2092 proferimus.
1487 2022 1624 2077 Puto
1675 2022 1819 2076 enim

246 2115 371 2186 quia
407 2115 583 2172 nullus
605 2125 686 2171 est
711 2131 876 2173 ausus
890 2115 1096 2187 jurgari
1125 2119 1192 2171 ad
1223 2115 1414 2172 Deum.
1438 2114 1513 2169 Ea
1534 2128 1658 2184 quae
1681 2114 1822 2169 scri-

249 2217 340 2278 pta
368 2217 495 2262 sunt
525 2206 670 2277 lege,
694 2216 750 2262 et
776 2206 953 2262 nullus
977 2207 1304 2278 iurgabitur.
1333 2203 1497 2260 Pater
1548 2204 1732 2259 statim
1764 2213 1823 2259 ut

243 2293 426 2349 dii-tus
455 2293 556 2350 l'uit
590 2294 783 2361 Pater,
813 2296 1040 2365 requirit
1085 2296 1187 2352 ista
1221 2312 1320 2351 vox
1347 2294 1564 2349 Filium.
1616 2293 1823 2349 Dicitur

246 2383 454 2449 Filius,
511 2393 565 2439 et
622 2386 673 2440 in
728 2402 792 2442 eo
846 2388 963 2458 ipso
1015 2388 1140 2443 dum
1192 2387 1433 2450 dicitur,
1470 2385 1627 2441 Pater
1685 2401 1822 2441 con·

245 2475 448 2531 litetur.
503 2475 625 2531 Non
663 2478 810 2532 euim
843 2493 1010 2533 vacua
1039 2494 1141 2533 vox
1171 2488 1253 2534 est
1292 2477 1490 2544 Pater,
1525 2479 1619 2534 sed
1661 2477 1821 2533 exhi-

244 2567 379 2622 bens
425 2576 670 2622 naturam
719 2565 865 2625 Filii.
906 2569 1022 2624 Non
1061 2585 1232 2624 vacua
1272 2579 1354 2624 est
1389 2586 1491 2626 vox
1531 2584 1652 2641 quae
1692 2569 1824 2627 dicit

246 2657 478 2720 Filium,
539 2658 634 2712 sed
698 2662 1011 2728 precedens
1059 2663 1349 2715 confitetur
1401 2659 1658 2728 Patrem,
1712 2675 1819 2717 nou

255 2747 590 2818 temporibus
613 2786 631 2814 ,
666 2762 772 2803 uon
816 2748 1044 2820 spatiis,
1086 2752 1183 2806 sed
1225 2749 1485 2820 dignitate
1508 2761 1561 2804 ct
1592 2750 1818 2805 honore.

247 2837 412 2894 Pater
466 2838 638 2911 diligit
678 2840 902 2909 Filium,
948 2841 1122 2913 diligit
1158 2851 1214 2898 et
1260 2840 1521 2914 diligitur.
1562 2843 1716 2902 Unde
1754 2843 1821 2900 lis

247 2929 352 2986 ista
414 2940 530 2999 est,
577 2948 682 2989 non
731 2934 965 2992 invenio.
1023 2933 1135 2990 Illic
1185 2949 1325 3006 pax,
1380 2943 1438 2991 et
1490 2935 1651 2993 isthic
1698 2936 1820 3006 lur-

248 3022 360 3092 gia.
406 3022 523 3080 lllic
579 3024 827 3092 dilectio,
883 3035 941 3082 et
979 3027 1067 3082 hic
1113 3028 1408 3085 contentio.
1442 3026 1500 3085 Si
1550 3027 1821 3100 diligimus

1915 561 2046 632 quia
2071 571 2248 627 neque
2283 565 2712 623 comparamur
2737 588 2760 614 ‚
2809 558 3006 616 neirue
3051 557 3239 613 aqua·

1922 652 1977 708 in
2009 666 2118 722 quo
2143 650 2324 704 minus
2359 660 2596 703 sumus.
2633 640 2779 698 Non
2821 654 2936 694 nos
2957 637 3167 703 mlum,
3195 653 3239 692 se

1919 745 2025 818 geli
2049 785 2066 812 ,
2094 752 2190 798 aut
2213 738 2590 810 archangeli,
2644 742 2760 791 aut
2802 733 3086 794 virtutes,
3123 741 3239 785 aut«

1919 853 2040 904 nes,
2055 850 2231 907 neque
2251 833 2396 888 aliud
2421 830 2684 901 aliquid,
2719 827 2834 883 sed
2855 826 3053 881 omnia
3069 823 3239 890 relinqu

1923 932 1994 986 ab
2024 928 2338 1000 unigenito:
2360 927 2486 997 ipse
2503 932 2712 980 autem
2741 920 2858 976 soli
2879 919 2980 974 uui
3005 926 3129 972 nato
3145 932 3237 971 uon

1920 1023 2039 1078 Non
2067 1036 2259 1079 sumus
2282 1018 2458 1075 Judaei
2479 1057 2499 1083 ,
2529 1015 2912 1072 confitemur
2933 1011 3084 1066 enim
3102 1008 3239 1064 Fitim

1921 1131 2045 1172 mus
2069 1113 2298 1187 gentiles
2316 1154 2336 1177 ,
2370 1111 2511 1184 quia
2547 1125 2675 1165 non
2723 1106 2986 1163 dicimus
3009 1101 3239 1157 multos!

1922 1222 2113 1265 sumus
2144 1205 2422 1269 haeretici,
2458 1203 2700 1259 scimus
2741 1201 2904 1258 enim
2949 1198 3225 1269 Spiritum.

1924 1299 2153 1358 sumus!
2201 1298 2414 1369 Sponsa
2450 1295 2728 1351 viventis
2761 1293 2970 1364 sponsi
3023 1306 3122 1360 per
3162 1290 3239 1345 Chi

1924 1407 2129 1448 sumus.
2161 1389 2220 1446 Si
2249 1405 2379 1461 ergo
2403 1404 2514 1445 nos
2541 1388 2654 1458 qui
2693 1402 2806 1458 per
2839 1386 3134 1442 Christum
3157 1399 3239 1438 sun

1924 1484 2046 1554 quia
2073 1484 2186 1552 ipse
2224 1499 2330 1537 non
2362 1482 2492 1537 est?
2515 1497 2590 1536 ea
2617 1495 2762 1550 qute
2793 1495 2905 1550 per
2949 1479 3130 1547 ipsum
3161 1492 3238 1531 sun

1924 1587 1979 1631 et
2009 1578 2119 1646 ipse
2144 1575 2304 1631 linem
2337 1575 2506 1629 habet
2534 1582 2612 1628 ut
2643 1572 2897 1644 quidam
2925 1568 3224 1627 insaniunt!

1928 1667 2163 1740 acquirit
2193 1666 2338 1722 aliud
2366 1666 2517 1736 quod
2553 1680 2678 1721 non
2706 1673 2804 1720 est
2831 1682 2848 1719 ε
2887 1678 3003 1719 non
3055 1661 3239 1717 assumit

1923 1764 2065 1833 quod
2094 1770 2176 1817 est
2205 1758 2491 1816 abscondit
2552 1776 2571 1812 :
2642 1757 2761 1812 hoe
2791 1756 2957 1812 enim
2999 1752 3239 1826 signifiat.

1923 1854 2083 1910 Pater
2109 1870 2131 1911 .·
2159 1855 2251 1910 sed
2281 1867 2386 1907 non
2403 1848 2625 1921 aliquid
2661 1863 2894 1914 novum
2919 1849 3056 1918 petit
3077 1846 3182 1902 :sed
3199 1861 3239 1913 φ

1923 1947 2125 2018 inquit,
2175 1945 2316 2016 apud
2359 1954 2449 2008 te,
2495 1943 2579 1996 da
2624 1942 2775 1996 mihi
2836 1939 2912 1994 '⁸.
2964 1937 3082 1994 Non
3111 1938 3215 1992 eui·

1927 2039 2174 2104 Domine,
2208 2037 2353 2109 quod
2377 2034 2636 2092 habebas
2653 2034 2682 2090 ἲ
2705 2033 2831 2090 Sed
2861 2032 2996 2104 quia
3018 2073 3038 2098 ,
3060 2031 3239 2102 inunita

1922 2140 2009 2189 est
2037 2146 2152 2186 mea
2180 2129 2389 2200 species
2417 2125 2602 2196 :quia
2637 2140 2760 2181 non
2795 2133 3031 2196 apparet
3071 2119 3239 2190 meatim

1922 2223 2110 2292 tilica,
2140 2220 2316 2292 inquit
2338 2260 2356 2288 ‚
2385 2229 2544 2273 tuum
2597 2216 2830 2272 filim»
2879 2217 2951 2272 ¹⁸.
3013 2214 3078 2269 Et
3111 2211 3239 2281 quidm

1922 2312 2121 2369 Pater?
2149 2309 2471 2379 Glorilicavi.
2501 2309 2564 2366 Si
2590 2308 2782 2380 igitur
2812 2304 3238 2379 glorifl‹·arit.q=i·

1923 2403 2256 2480 glorificari?
2280 2403 2385 2459 Sed
2417 2402 2555 2457 dicit
2581 2401 2763 2456 Pater
2791 2441 2808 2465 ‚
2855 2398 2928 2453 Ee
2976 2401 3146 2453 iuni-
3181 2409 3239 2464 μ

1923 2501 1982 2557 Si
2007 2498 2120 2569 jam
2142 2494 2479 2569 glorificasti,
2501 2493 2806 2565 quomodo
2837 2494 3039 2549 iterum
3059 2489 3239 2562 glorifica

1922 2590 2092 2646 addes
2110 2628 2127 2655 ,
2158 2589 2413 2659 quoniam
2437 2587 2511 2643 ab
2545 2587 2719 2642 initio
2763 2585 3054 2659 genuisti?
3073 2583 3168 2639 Nou
3189 2579 3239 2634 fl

1923 2693 1980 2742 et
2017 2698 2115 2756 per
2141 2697 2345 2754 corpus
2389 2680 2626 2739 ostendo
2682 2681 2802 2736 mei
2853 2679 2990 2736 Filii
3037 2677 3230 2749 glorian.

1922 2777 2265 2852 glorificavi,
2294 2784 2349 2832 et
2403 2776 2603 2832 iterum
2653 2774 3021 2846 glorificabo.
3064 2771 3227 2831 Palae.

1923 2870 2067 2926 facio
2094 2869 2237 2937 quod
2285 2875 2405 2924 erat
2458 2868 2834 2923 absconsum.
2871 2866 3011 2921 Nam
3040 2873 3090 2919 et
3118 2863 3239 2932 Apu

1921 2962 1998 3020 eit
2027 2979 2041 3017 ε
2075 2959 2142 3014 Ec
2163 2959 2570 3034 superexaltavit
2604 2974 2775 3025 eum,
2811 2968 2868 3011 et
2916 2958 3056 3020 dedit
3082 2956 3128 3012 ei
3149 2966 3239 3032 naq

1922 3061 2000 3110 m
2035 3065 2584 3124 monumen
2638 3051 2718 3106 ²⁸.
2780 3049 2910 3106 Non
2969 3043 3239 3114 mercem!

250 3112 466 3171 Patrem
485 3156 503 3185 ,
533 3115 806 3173 imitemur
834 3132 1020 3189 pacem
1051 3118 1301 3189 quaeillic
1326 3127 1407 3175 est
1434 3119 1570 3192 (79).
1609 3119 1667 3176 Si
1701 3120 1824 3177 dili·
1847 3148 1893 3206 c
1922 3145 2265 3202 obefflenfiae,
2293 3144 2565 3214 scriptum
2602 3141 2766 3200 enim
2805 3151 2902 3200 est
2941 3135 3239 3214 quemad*

251 3208 431 3280 gimus
465 3207 700 3275 Filium,
754 3223 858 3264 non
898 3218 981 3265 est
1039 3209 1392 3267 dissensionis
1424 3211 1584 3267 Deus.
1639 3211 1819 3280 Nosti,

260 3300 392 3354 doce
426 3317 438 3353 ε
470 3299 723 3371 ignoras,
772 3297 1019 3356 edocere.
1060 3298 1153 3355 Lis
1196 3303 1341 3356 enim
1395 3315 1570 3371 neque
1626 3304 1822 3372 docet,

261 3405 436 3460 neque
475 3391 723 3448 docetur.
773 3389 927 3458 Quod
979 3392 1421 3463 comprehendis,
1464 3392 1569 3449 hoc
1619 3408 1822 3464 quiere.

249 3481 536 3550 invenisti,
567 3482 773 3554 gratias
803 3497 923 3556 age.
949 3481 1141 3550 Nosti,
1175 3484 1346 3541 trade.
1372 3484 1486 3557 Ego
1505 3495 1683 3541 autem
1708 3486 1825 3542 seio

247 3573 380 3644 quia
421 3573 621 3631 nescis.
655 3570 803 3629 Unde
831 3573 950 3631 scio
990 3577 1114 3646 quia
1142 3590 1241 3647 ego
1284 3578 1487 3633 nescio.
1521 3574 1675 3634 Unde
1723 3579 1826 3635 hoc

251 3666 382 3736 quia
409 3666 616 3735 ignoro.
653 3662 825 3721 verax
850 3664 996 3722 enlm
1032 3673 1117 3721 est
1150 3667 1242 3735 qui
1278 3666 1459 3724 dixit:
1497 3664 1668 3723 Nemo
1723 3683 1821 3723 no·

250 3760 323 3813 vit
349 3758 418 3813 ”.
448 3757 752 3815 Secundum
782 3758 942 3815 istam
975 3757 1140 3830 igitur
1182 3773 1403 3826 vocem,
1461 3761 1641 3818 omnis
1697 3761 1823 3833 qui·

252 3865 466 3920 cunque
485 3865 545 3906 se
572 3851 702 3907 dicit
730 3852 873 3909 scire
895 3854 1174 3908 mentitur.
1201 3851 1309 3909 Sed
1343 3851 1484 3910 forte
1523 3855 1692 3923 dicis,
1730 3855 1826 3912 Del

255 3957 476 4009 sumus,
503 3950 559 3998 et
606 3959 713 4000 non
762 3945 964 4002 scimus
1011 3955 1271 4015 quantum
1321 3955 1377 4002 et
1427 3949 1823 4021 pertingimus:

258 4033 364 4089 hoc
389 4033 568 4090 solum
598 4036 724 4107 quia
754 4045 838 4093 est
868 4055 885 4094 ι
922 4053 1027 4093 non
1059 4047 1237 4093 tamen
1267 4038 1444 4108 qualis
1486 4049 1540 4095 et
1564 4050 1825 4112 quantum

253 4134 361 4182 est.
387 4125 523 4196 Quia
550 4128 716 4199 igitur
743 4137 863 4196 est,
885 4129 1118 4196 scimus;
1151 4144 1256 4184 non
1282 4138 1458 4185 tamen
1487 4131 1681 4200 qualis.
1708 4131 1827 4190 Nou

252 4219 399 4274 euim
428 4229 670 4275 nostrum
706 4228 791 4276 est
820 4234 1134 4276 mensurare
1156 4221 1646 4279 immensurabilem
1673 4238 1689 4276 ε
1720 4239 1825 4281 non

255 4319 498 4368 nostrum
546 4311 999 4382 comprehendere
1032 4311 1651 4385 incomprehensibilem.
1687 4313 1825 4370 Cum

253 4403 401 4460 euim
434 4403 696 4459 memoria
727 4403 793 4460 de
846 4404 955 4459 Deo
1001 4413 1119 4474 est,
1156 4419 1308 4460 mens
1369 4403 1620 4477 religiosa
1656 4406 1828 4462 intre-

253 4503 462 4550 mescat
484 4512 500 4549 :
525 4494 872 4550 intremescat
897 4503 954 4549 et
971 4494 1173 4563 lingua.
1194 4493 1305 4548 Non
1332 4495 1456 4564 quia
1473 4495 1640 4551 durus
1661 4496 1823 4565 Deus,
1856 4507 1903 4566 1)
1931 4520 2036 4561 non
2084 4503 2421 4561 sufficiebant
2468 4520 2537 4561 ea
2590 4523 2716 4579 quae
2768 4510 2921 4565 tacta
2963 4517 3069 4566 snt
3097 4497 3212 4560 d-

254 4591 348 4640 sed
371 4583 792 4656 supereminenti
809 4582 1049 4640 bonitate
1071 4593 1156 4640 est
1193 4584 1482 4641 timendus.
1502 4583 1595 4641 Sol
1621 4586 1721 4642 iste
1736 4588 1831 4643 ob-

254 4686 444 4732 scurat
464 4676 673 4744 oculos,
702 4692 809 4733 non
834 4678 962 4749 quia
993 4675 1280 4742 obscurus.
1313 4677 1411 4732 sed
1440 4677 1566 4745 quia
1598 4678 1826 4735 multum

251 4777 339 4823 est
364 4767 563 4826 clarus.
584 4769 802 4825 EtDeus
829 4767 1121 4834 timendus,
1138 4767 1264 4838 quia
1285 4766 1507 4822 multum
1531 4778 1612 4823 est
1629 4766 1823 4824 bouus.

254 4861 447 4932 Cogita
478 4862 621 4934 apud
651 4871 702 4918 te
746 4861 840 4932 qui
886 4861 963 4916 sis
994 4860 1232 4915 humilis.
1279 4859 1394 4916 Non
1435 4861 1578 4915 enim
1626 4861 1826 4916 audisti

257 4965 384 5003 eum
413 4949 679 5006 dicentem
715 4968 731 5007 ε
763 4948 867 5005 Vos
892 4964 958 5004 ex
977 4948 1311 5019 inferioribus
1338 4952 1461 5005 estis
1483 4989 1499 5015 ,
1526 4966 1621 5020 eqo
1653 4961 1826 5006 autem

258 5044 325 5095 de
353 5043 704 5111 superioribus
749 5057 866 5096 sum
917 5040 961 5073 '¹
987 5040 1013 5094 ‘l
1057 5040 1190 5096 Nam
1245 5050 1499 5110 quantum
1546 5040 1739 5097 coelum
1798 5057 1830 5098 a

264 5119 407 5190 terra
440 5132 638 5203 distat,
669 5144 876 5190 tantuin
907 5143 958 5190 et
991 5151 1021 5190 a
1053 5135 1208 5190 nobis
1233 5133 1392 5188 Deus.
1423 5131 1490 5186 Et
1522 5142 1669 5189 certe
1687 5133 1831 5189 seri-

260 5237 411 5298 ptum
439 5235 557 5282 est:
591 5225 857 5293 Quantum
895 5226 1057 5282 disent
1107 5224 1290 5280 coelum
1319 5241 1352 5279 a
1396 5234 1569 5291 terra,
1623 5235 1826 5279 tentum

261 5319 360 5377 uioe
385 5336 513 5377 meoe
541 5337 574 5375 a
602 5321 697 5376 viis
727 5322 906 5375 vestris
932 5321 1002 5373 ”.
1035 5315 1107 5373 Ut
1132 5316 1201 5373 ad
1244 5331 1345 5373 uos
1388 5330 1489 5372 vox
1516 5314 1631 5371 haec
1683 5315 1824 5371 dicta

334 5420 381 5453 '⁰
408 5416 566 5475 Joan.
596 5433 634 5484 ι,
662 5415 749 5471 ¹8.
822 5414 867 5448 ’²
912 5413 1068 5470 loan.
1097 5427 1215 5479 vui,
1249 5411 1340 5470 23.

262 5488 313 5524 '⁸
342 5489 541 5560 Etim-s.
584 5504 659 5555 iv,
683 5486 777 5543 to.

337 5631 451 5701 (79)
476 5631 577 5689 Ms.
620 5631 879 5698 Qiioeillis
915 5640 1010 5686 est.

340 5703 455 5772 (8⁰)
482 5701 882 5772 Retinquuutur.
924 5699 1320 5762 Ἀπολείπεται,
1345 5706 1684 5767 superantur.

346 5778 463 5852 (81)
492 5775 601 5834 Uni
630 5789 754 5833 nuto
788 5792 896 5831 uon
937 5775 1098 5830 cedit.
1131 5772 1454 5841 begs-,viuum
1494 5770 1707 5823 s‘xuexxxx
1747 5772 1841 5821 imi

1450 5411 1497 5444 ’²
1532 5409 1639 5467 isa.
1668 5425 1768 5478 ιν,
1795 5410 1848 5468 9.

1927 3235 2067 3293 divit
2091 3251 2266 3307 usque
2290 3236 2357 3292 ad
2384 3242 2622 3290 mortem
2650 3275 2670 3301 ,
2715 3243 2968 3292 mortem
3013 3243 3166 3289 auten
3183 3239 3239 3285 ο·

1925 3329 2050 3386 ideo
2071 3370 2086 3392 .
2113 3330 2320 3399 inquit,
2350 3328 2490 3383 Deus
2515 3328 2977 3396 superexaltavit
2994 3341 3126 3382 eum.
3149 3323 3189 3377 Si
3209 3333 3239 3386 Q

1925 3429 2032 3476 tem
2058 3420 2192 3474 dure
2217 3418 2404 3490 legerit
2424 3431 2722 3473 sermones
2742 3457 2759 3484 ,
2793 3417 2944 3473 sorte
2975 3415 3158 3487 putabit
3185 3411 3239 3465 Β

1921 3510 2402 3583 perexaltationem
2434 3509 2765 3565 mercedem
2795 3523 2928 3567 esse
2957 3495 3239 3564 ohedientia!

1925 3612 2011 3660 tas
2029 3642 2047 3670 ,
2072 3603 2168 3660 sed
2202 3617 2308 3658 non
2331 3610 2381 3656 te
2406 3600 2704 3672 permittat
2737 3602 2821 3658 ita
2847 3602 3044 3658 sentire
3067 3599 3148 3669 qui
3165 3596 3226 3652 t·

1923 3694 2017 3752 Ait
2039 3693 2188 3750 enim
2221 3710 2236 3750 ε
2269 3691 2373 3759 Ωιι·
2400 3691 2647 3748 ascendit
2668 3730 2689 3759 ,
2720 3694 2841 3764 ipsc
2860 3703 2939 3749 est
2957 3702 3008 3749 et
3027 3691 3110 3763 qui
3127 3691 3239 3744 ω

1926 3784 2071 3857 Ergo
2089 3784 2348 3841 exaltavit
2365 3798 2490 3840 eum
2515 3783 2615 3854 qui
2657 3785 2974 3846 descendit.
2999 3785 3104 3842 uo·
3132 3789 3232 3835 ω

1924 3891 2112 3934 orsum
2136 3891 2357 3932 sursum
2389 3874 2648 3932 adduxit.
2684 3875 2803 3934 Sed
2829 3893 2954 3935 eum
2981 3877 3070 3948 qui
3087 3863 3239 3930 &d

1928 3983 2049 4023 rum
2098 3981 2319 4023 sursum
2374 3967 2711 4036 assumpsit.
2763 3967 2987 4025 Assumi
3037 3966 3143 4024 dio.
3169 3969 3234 4012 Ι·

1926 4056 2161 4114 mundus
2210 4056 2553 4113 fraudabitur
2620 4073 2657 4113 ι
2711 4059 3011 4131 prasentia
3058 4041 3238 4124 *nii*

1926 4155 2106 4220 potest
2141 4149 2374 4205 muudus
2423 4149 2544 4205 sine
2580 4149 2962 4222 gubernatore
3001 4144 3168 4207 salmi-

1929 4241 2035 4289 test
2091 4232 2325 4290 mundus
2374 4241 2522 4289 stare
2573 4235 2625 4291 si
2675 4237 2974 4294 recesserit
3017 4229 3218 4304 enind-

1927 4320 2067 4379 forte
2096 4323 2232 4380 dicis
2269 4342 2284 4379 ε
2325 4320 2445 4379 Non
2489 4323 2706 4382 sufficit
2757 4327 2912 4384 enim
2957 4323 3123 4385 Pater!
3149 4313 3209 4372 S·

1928 4429 2035 4471 non
2065 4413 2361 4472 sufficiebat
2387 4412 2580 4483 Pater,
2614 4417 2742 4474 ideo
2769 4419 2967 4491 genuit
2996 4415 3172 4474 risu:

1927 4597 2043 4652 nati
2077 4597 2354 4663 virtutem,
2394 4595 2523 4654 ideo
2553 4614 2659 4672 per
2681 4601 3038 4659 mediatorem

1928 4702 1991 4743 re
2025 4702 2041 4743 ε
2078 4687 2170 4757 qui
2199 4686 2310 4759 (82)
2340 4703 2446 4744 nou
2473 4699 2807 4757 poteramus
2840 4693 3144 4766 propinque

1930 4793 2027 4851 per
2061 4780 2201 4834 viam
2249 4780 2412 4851 igitur
2445 4781 2735 4848 hortatur,
2774 4795 2839 4842 et
2887 4803 2976 4859 per
2995 4785 3154 4854 iana·

1927 4883 2028 4939 per
2056 4867 2238 4925 lumen
2284 4870 2528 4925 adducit.
2588 4873 2870 4933 Mediator
2905 4867 3190 4946 autemst&

1936 4956 2083 5011 nitur
2105 4957 2231 5014 lex:
2268 4960 2546 5016 mediator
2576 4961 2784 5030 Filius.
2813 4979 2873 5023 et
2893 4967 3132 5036 hunum

1933 5048 2206 5105 mediator
2247 5048 2438 5117 Filius,
2493 5064 2560 5110 et
2595 5059 2932 5128 predicatur
2965 5055 3008 5113 'l'

1935 5154 2061 5194 vuin
2090 5154 2148 5198 et
2192 5143 2449 5216 impletur
2493 5145 2681 5206 Vetus
2717 5170 2735 5208 t

1935 5231 2148 5301 angeli:
2182 5234 2451 5291 mediator
2499 5236 2711 5310 bilius,
2767 5252 2832 5299 et
2885 5249 3100 5300 creantur

1933 5326 2201 5381 mediator
2225 5325 2427 5395 Filius,
2472 5339 2540 5385 et
2588 5345 2828 5394 emtor
2873 5334 3186 5394 omne-⁸¹²

1925 5415 1972 5450 '⁸
2003 5419 2159 5477 Joan.
2189 5438 2300 5478 xvn
2322 5463 2340 5492 ,
2386 5424 2446 5484 5.
2528 5427 2585 5461 ‘¹⁸
2619 5427 2785 5489 loau.
2819 5414 3198 5502 suavi*

1936 5646 2037 5684 non
2062 5640 2185 5686 nato
2211 5634 2370 5686 cedit.

2004 5703 2112 5774 (82)
2141 5702 2315 5768 Quare
2346 5720 2366 5758 .·
2401 5706 2526 5778 qui,
2577 5711 2628 5780 f,
2657 5716 2872 5786 quare!
2896 5713 3029 5790 quia,
3055 5717 3127 5767 efl-
