3692 6134
255 300 330 359 '19
922 296 1191 355 Eusssmt
1228 298 1703 358 cAESARtENSts
1736 299 1889 357 091³.
1930 299 2116 359 PARS
2154 299 2243 359 ΙΙΙ.
2282 331 2352 343 -
2391 299 2803 359 exsontes.
3465 307 3491 363 8

255 432 378 491 qua
430 417 573 489 apud
603 414 863 473 Basilium
910 430 1019 470 una
1058 416 1201 473 serie
1246 418 1516 491 leguntur,
1552 435 1674 476 cum
1729 421 1829 477 boc
1861 428 1906 485 Α
1936 435 2063 476 uros
2088 419 2349 492 legerem,
2376 420 2521 476 aliud
2551 430 2721 476 monto
2759 420 2979 491 reperi,
3008 432 3205 493 qnam
3243 424 3490 496 tndieepn

253 509 411 567 titulo
440 518 677 578 exstant,
693 508 951 573 ὑπόθεσις
979 508 1402 568 Εὑσεὸίου.1ηἰι.
1445 513 1664 586 Ἐπειδὴ
1687 514 1828 570 κατὰ
1934 514 2202 569 mittebat.
2234 512 2554 583 Ubicunque
2583 514 2732 569 enim
2782 527 2918 568 eum
2978 513 3243 570 historia
3284 516 3490 574 desecet

254 602 481 678 χρόνους
510 602 734 673 γέγονεν
763 602 793 656 ὁ
837 604 1144 676 προφήτης.
1173 602 1305 662 Post
1335 605 1451 661 baec
1482 605 1829 661 Commenta·
1933 603 2128 657 transit
2166 602 2232 657 ad
2261 602 2595 673 allegoriam,
2629 611 2688 659 et
2716 602 2791 659 lta
2831 612 3125 674 separata
3163 607 3492 673 oonsociatt

252 696 370 750 rius
399 691 688 749 inchoatur
708 693 795 749 bis
827 693 1056 750 verbis:
1100 693 1331 769 Ὄρασις
1375 703 1447 752 α’.
1481 697 1717 769 Ὅρασις
1759 698 1827 770 ῆν
1932 692 2102 747 mirer
2146 707 2268 748 eum
2314 708 2452 749 nova
2499 695 2769 750 sermonis
2794 693 3027 751 fabrica
3070 697 3138 753 in
3179 714 3490 770 innume-ap

249 782 388 841 εἶδεν
421 786 682 851 Ἦσατας,
731 795 839 843 etc.
880 784 1001 841 luit.
1049 788 1168 843 Τῶν
1208 789 1342 862 παρ’
1386 790 1521 860 ἡμῖν
1566 789 1828 862 aialim-q-
1928 782 2158 852 lapidem
2187 784 2502 856 ferrumque
2522 785 2885 857 conjungere.
2927 785 3064 844 Boe
3118 791 3491 848 breviterad·

253 879 384 951 pitov
413 877 476 932 τὸ
502 878 920 951 ἐναργέστατον.
951 878 1138 935 Utrum
1169 889 1349 937 autem
1389 882 1506 937 baec
1538 880 1828 937 Commen-
1927 878 2044 941 nui,
2074 891 2143 931 ne
2169 878 2291 947 quis
2318 892 2419 933 nos
2462 880 2611 948 putet
2651 894 2719 934 ex
2763 879 2921 936 illius
2975 883 3265 940 fontibus
3311 897 3491 942 mutuas

252 972 390 1027 tarta
424 969 605 1027 Basilii
638 970 749 1026 sint
785 985 989 1037 necne,
1027 987 1135 1028 non
1190 972 1328 1029 satis
1376 973 1634 1029 convenit
1684 972 1827 1028 inter
1927 981 2049 1034 qnae
2072 966 2339 1032 dicimnsz
2375 982 2499 1022 nam
2520 977 2576 1023 et
2601 968 2653 1022 tn
2676 970 2947 1037 praesenti
2985 974 3277 1043 capitulo
3303 977 3491 1032 aorem

249 1064 562 1133 scriptores.
584 1062 654 1118 At
678 1062 715 1119 ii
748 1062 909 1119 etiam
936 1063 1028 1133 qui
1059 1064 1250 1121 Basilii
1291 1078 1415 1121 esse
1459 1076 1818 1137 propugnant,

250 1152 466 1208 initium
508 1150 637 1207 illud
690 1152 1024 1224 praelationis
1070 1168 1221 1210 more
1257 1156 1596 1225 praemissum
1621 1196 1638 1219 ‚
1671 1171 1820 1210 assu-

248 1254 485 1302 mentum
528 1246 797 1317 quoddam
826 1261 950 1303 esse
997 1246 1240 1302 fatentur
1271 1264 1287 1302 ε
1314 1247 1454 1317 quod
1505 1262 1607 1302 nec
1635 1246 1819 1302 Basilii

244 1336 338 1404 sit,
355 1351 455 1393 nec
476 1335 880 1394 Commentario
904 1340 958 1395 in
993 1338 1241 1394 llesaiam
1271 1338 1578 1403 conveniat,
1599 1347 1655 1394 et
1673 1338 1817 1393 aliud

244 1444 465 1499 prorsus
485 1438 630 1502 agat.
661 1430 777 1502 Ego
800 1446 930 1488 vero
953 1430 1187 1486 Eusebio
1214 1430 1386 1486 multo
1402 1430 1582 1487 minus
1617 1430 1817 1487 ascribi

244 1535 400 1591 posse
421 1529 571 1593 puto,
595 1529 708 1576 tum
733 1522 804 1578 ob
828 1522 954 1593 styli
974 1520 1394 1591 discrepantiam
1413 1520 1574 1593 plane
1599 1522 1818 1594 conspi-

243 1628 419 1679 cuam,
440 1622 552 1669 tum
577 1612 703 1683 quia
727 1612 1118 1684 subsequentes
1142 1612 1549 1678 commentarii,
1580 1613 1672 1685 qui
1697 1628 1818 1684 per-

243 1703 371 1760 inde
401 1703 618 1760 Eusebii
641 1704 859 1760 nomine
880 1705 1069 1761 eodem
1101 1705 1155 1760 in
1181 1700 1369 1760 codice
1393 1703 1814 1775 subjunguntur,

1923 1054 2140 1113 Judaeos
2171 1067 2228 1114 et
2270 1057 2698 1130 Hierosolymam
2739 1060 2880 1115 dicit
2929 1064 3328 1134 prophetiam
3359 1067 3478 1137 &igi

1923 1153 2067 1221 quod
2098 1153 2151 1207 in
2203 1153 2471 1225 principio
2527 1154 2649 1210 ndei
2692 1152 3063 1213 Christianae
3097 1162 3180 1214 ad
3226 1170 3491 1231 tomenta

1921 1243 2179 1313 epistolas
2211 1246 2480 1314 miserint,
2509 1262 2577 1301 ne
2598 1246 2967 1315 susciperent
2991 1253 3489 1321 passionemffiffl.

1921 1344 1976 1391 et
2019 1336 2268 1392 miserint
2301 1353 2472 1407 usque
2518 1340 2587 1395 ad
2646 1338 3017 1410 AEtbiopiam
3057 1354 3127 1399 et
3169 1346 3489 1402 occide-tit-

1921 1428 2160 1500 plagam,
2185 1437 2464 1499 totumque
2500 1430 2689 1485 orbem
2739 1430 2911 1501 liujus
2965 1432 3355 1505 blasphemia
3389 1438 3491 1493 ἑα-

1920 1519 2219 1575 minatione
2265 1519 2685 1589 compleverint.
2722 1540 2741 1573 i
2774 1521 2965 1589 Quam
3035 1526 3491 1598 interpretation

1919 1608 1986 1663 ad
2016 1610 2265 1666 eumdem
2310 1610 2491 1667 locum
2546 1611 2789 1681 pluribus
2836 1619 3238 1687 prosequitur
3268 1620 3485 1676 Eusebius

1918 1710 1975 1754 ut
2002 1702 2198 1770 cuique
2234 1700 2418 1756 videre
2457 1700 2635 1756 liceat.
2672 1700 2826 1767 Quod
2860 1718 3054 1773 porro
3085 1709 3176 1763 ait
3208 1708 3490 1781 Hieronymi·

242 1794 441 1853 diversi
481 1811 704 1866 prorsus
732 1812 760 1850 a
797 1796 1218 1853 Commentariis
1256 1795 1475 1853 Eusebii
1520 1806 1665 1853 sunt.
1700 1795 1807 1854 Cu·
1839 1779 1885 1838 ¹³
1912 1791 2203 1845 Eusebium
2229 1793 2391 1845 modo
2415 1794 2699 1846 litteralem
2717 1805 2773 1845 et
2815 1795 3218 1863 historicam,
3250 1804 3490 1855 moti-»alle

236 1882 328 1953 ius
362 1898 527 1955 porro
552 1884 628 1942 sit
657 1895 1026 1941 assumentum
1059 1885 1367 1956 hujusmodi
1397 1900 1504 1942 non
1529 1887 1663 1943 satis
1685 1900 1812 1957 per·

237 1987 502 2045 spectum.
536 1973 805 2032 Caeterum
857 1975 1115 2041 ὑπόθεσις
1138 1976 1248 2043 illa,
1284 1977 1439 2047 cujus
1466 1978 1676 2033 initium
1702 1984 1808 2044 est,

248 2067 465 2142 Ἐπειδὴ
497 2070 638 2124 κατὰ
669 2069 925 2142 χρόνους,
957 2078 1014 2125 ut
1051 2085 1213 2142 supra
1252 2069 1515 2134 diximus,
1545 2073 1611 2126 ad
1647 2070 1811 2126 Gom-

235 2163 556 2220 mentarium
591 2162 739 2217 illum
765 2163 855 2235 qui
881 2161 1062 2218 Basilii
1090 2163 1313 2219 nomine
1343 2162 1651 2233 insignitur,
1667 2162 1809 2217 ltaud

234 2254 397 2313 dubie
441 2254 672 2325 pertinet
710 2272 725 2310 ε
769 2271 890 2310 nam
934 2255 988 2311 in
1042 2256 1229 2311 codice
1273 2253 1441 2326 Regio
1484 2255 1811 2327 bombycino

232 2347 536 2404 duodecimi
587 2347 792 2412 saeculi,
826 2348 881 2401 in
928 2346 1109 2402 fronte
1150 2345 1565 2418 Expositionum
1611 2347 1664 2401 in
1701 2346 1809 2402 lle-

232 2439 402 2495 saiam
433 2439 616 2495 Basilii
645 2438 863 2496 nomine
887 2437 1255 2508 praemittitur.
1276 2438 1405 2505 Qua:
1434 2447 1614 2493 autem
1640 2438 1808 2511 hypo-

235 2531 371 2589 thesi
401 2538 665 2603 praeeunt,
688 2515 864 2585 aliena
889 2538 946 2585 et
974 2528 1249 2598 adjectitia
1276 2544 1397 2585 esse
1428 2529 1704 2586 videntur.

240 2710 286 2770 1.
328 2710 644 2769 Tutimonia
686 2720 911 2767 veterum
945 2713 1009 2766 de
1059 2711 1275 2767 Eusebii
1319 2710 1723 2768 Commentariis
1757 2716 1810 2767 in

318 2779 592 2837 Hesaiam.
630 2781 698 2836 ΙΙ.
738 2781 816 2836 De
858 2798 1042 2852 qenere
1084 2783 1484 2850 interpretandi.
1530 2782 1617 2837 ΙΙΙ.
1655 2783 1811 2839 Nihil

307 2853 454 2907 dubii
511 2852 643 2922 περὶ
678 2852 1094 2923 γνησιότητος.
1141 2851 1227 2907 lV.
1262 2852 1378 2918 Quo
1431 2862 1658 2924 tempore
1697 2856 1809 2908 hoec

305 2920 696 2977 Commentario
729 2922 948 2977 ediderit
984 2921 1261 2977 Eusebius.

293 3015 334 3067 1.
357 3015 659 3068 Testimonia
692 3014 1258 3128 veterumflggissgsebii
1297 3015 1673 3067 Commentariis
1693 3014 1746 3064 ln

1049 3093 1077 3127 a
1132 3115 1144 3127 .

1836 3124 1884 3187 C

1913 1882 2150 1953 goricam
2175 1883 2545 1938 narrationem
2572 1882 2889 1951 instituere,
2919 1888 3216 1946 omnibus
3233 1891 3393 1961 palam
3417 1891 3491 1947 erit

1911 1975 1956 2029 si
1987 1975 2067 2029 vel
2098 1973 2430 2045 primoribus
2456 1973 2674 2045 quidem
2724 1973 2907 2030 labris
2955 1979 3078 2035 bos
3107 1980 3491 2038 commentaria

1912 2064 2213 2136 attigerint.
2269 2062 2424 2131 Quod
2470 2073 2653 2119 autem
2708 2064 2846 2120 dicit
2885 2082 2957 2123 se
3022 2086 3155 2125 non
3220 2069 3491 2128 esum&

1914 2158 2151 2214 sontibus
2184 2158 2453 2222 hausisse,
2486 2154 2552 2211 de
2601 2164 2715 2211 toto
2762 2156 3224 2220 Commentario
3272 2166 3486 2233 intelligat

1912 2249 2018 2307 Tot
2042 2250 2189 2306 enim
2213 2259 2470 2323 tantaque
2502 2250 2702 2308 ibidem
2731 2262 2970 2307 enarrat
3003 2254 3482 2332 Hieronymusp

1911 2341 2175 2398 Eusebius
2215 2357 2284 2397 ne
2311 2357 2471 2398 nosse
2497 2340 2714 2412 quidem
2734 2380 2752 2406 ,
2782 2343 3005 2399 nedum
3045 2362 3336 2407 enarrare
3361 2348 3473 2420 ped·

1912 2441 1972 2486 ut
2027 2432 2375 2503 periniquum
2450 2442 2594 2488 esset
2647 2429 3092 2504 Hieronymiani
3153 2435 3465 2497 Communi

1911 2523 2139 2596 gloriam
2174 2524 2227 2579 in
2260 2521 2557 2579 Eusebium
2604 2523 2884 2577 cottlerre.
2948 2526 3255 2587 Attamen
3292 2533 3446 2590 ineis

1914 2617 2079 2673 multa
2116 2634 2181 2672 ex
2224 2618 2376 2674 bisce
2403 2617 2828 2673 Commentariis
2872 2623 3252 2693 expiscatus
3293 2637 3454 2697 est?

1915 2724 2032 2765 rum
2061 2710 2339 2766 minimam
2369 2721 2576 2782 partem
2607 2724 2709 2767 nos
2732 2712 2905 2768 variis
2932 2713 3001 2768 in
3038 2716 3199 2776 locis
3233 2716 3464 2777 nouit-a.

1910 2803 2180 2861 Caeterum
2232 2806 2335 2862 hac
2383 2805 2638 2861 cautione
2692 2804 2820 2876 jure
2886 2806 3093 2864 utitur
3135 2812 3462 2882 hieronym:

1913 2896 2039 2965 quia
2075 2913 2198 2951 cum
2238 2912 2497 2953 censores
2547 2897 2699 2953 multi
2741 2896 2929 2955 invido
2966 2906 3163 2963 oculo
3207 2903 3465 2981 ejusn'vh

1916 2988 2210 3043 lustrarent
2232 3029 2248 3054 ,
2274 2988 2579 3060 periculum
2613 2994 2734 3044 erat
2777 3003 2847 3044 tte
2886 2990 3097 3061 ipsum
3131 3002 3307 3074 plagii
3331 2996 3467 3055 aa&

1918 3078 2304 3145 incesserent3
2351 3080 2445 3135 sed
2502 3079 2634 3136 illud
2682 3078 2882 3147 injuria
2920 3081 3169 3146 sactum
3222 3099 3467 3149 essetzn·

301 3163 659 3235 [lieronymus
680 3161 776 3217 lib.
801 3161 879 3216 De
898 3161 1241 3229 scriptoribus
1268 3160 1634 3215 ecclesiasticis
1667 3159 1811 3215 inter
1915 3169 2160 3239 quantuli
2189 3169 2349 3239 pretii
2385 3179 2515 3225 sunt
2551 3185 2617 3225 ea
2654 3185 2775 3240 quae
2815 3184 2891 3225 ex
2945 3174 3229 3240 Eusebio
3273 3179 3469 3240 delibavit

232 3248 336 3307 alia
363 3248 579 3306 Eusebii
601 3250 905 3319 opera,boc
925 3249 1048 3304 item
1074 3259 1340 3305 recenset.
1359 3248 1428 3304 Et
1451 3250 1508 3304 in
1535 3248 1808 3314 Hesaiam,

233 3340 438 3411 inquit,
467 3342 628 3395 libros
673 3341 869 3394 decent.
906 3339 961 3394 ln
1014 3341 1234 3410 prologo
1274 3350 1451 3396 autem
1491 3342 1542 3396 in
1579 3342 1806 3414 Exposi-

235 3429 434 3485 tionem
465 3426 692 3493 flesaiae,
716 3428 794 3483 sic
816 3429 976 3484 habet
1003 3448 1014 3483 :
1037 3428 1294 3485 Eusebius
1315 3448 1520 3503 quoqne
1546 3430 1810 3502 Pamphili

225 3519 387 3590 juxta
411 3518 711 3574 historicam
732 3519 1152 3591 explanationem
1186 3523 1483 3594 quindecim
1519 3523 1684 3579 edidit
1716 3539 1806 3578 tto-

231 3611 457 3669 lamina.
495 3612 565 3667 At
595 3610 986 3686 Hieronymum
1036 3613 1150 3670 sive
1187 3614 1357 3673 libros
1385 3617 1502 3673 sive
1537 3616 1808 3673 volumina

230 3711 514 3769 memoret,
543 3703 775 3773 idipsum
803 3699 1110 3775 signiiicare
1144 3706 1347 3779 liquet;
1383 3722 1508 3763 nam
1533 3707 1587 3763 in
1616 3708 1804 3763 eodem

233 3795 456 3865 prologo
494 3795 559 3850 de
593 3793 826 3867 Origene
865 3797 990 3853 talia
1025 3799 1173 3855 latur
1218 3818 1232 3857 z
1283 3798 1541 3871 Ori9enes
1585 3800 1805 3871 triginta

228 3886 518 3954 volumina,
544 3904 572 3942 e
606 3891 793 3960 quibus
829 3891 1105 3946 vicesimus
1133 3902 1314 3947 sextus
1353 3892 1483 3949 liber
1524 3909 1628 3949 non
1657 3894 1803 3949 inve-

231 3978 378 4035 nitur
402 3993 421 4043 ,·
448 3979 589 4034 unde
622 3979 790 4051 igitur
818 3982 978 4036 modo
1022 3980 1231 4050 decem,
1279 3982 1439 4038 modo
1465 3984 1800 4055 quindecim,

227 4069 444 4127 Eusebii
485 4072 675 4140 libros,
707 4089 801 4129 seu
837 4074 1106 4129 volumina
1133 4081 1350 4129 exstare
1374 4074 1506 4130 dicit
1532 4076 1557 4132 ζ’
1584 4076 1641 4130 ld
1670 4090 1803 4131 sane

227 4162 313 4217 vel
350 4162 740 4236 exemplarium
770 4164 1051 4232 varietati3
1082 4179 1265 4235 parem
1298 4164 1496 4235 quippe
1523 4165 1577 4220 in
1609 4165 1798 4220 Histo-

1912 3257 1958 3312 si
1996 3266 2377 3327 comparentur
2405 3272 2527 3313 cum
2558 3259 2657 3323 iis,
2687 3273 2808 3329 quae
2843 3261 2912 3317 S.
2962 3263 3207 3328 Doctor
3238 3266 3475 3329 eruditos

1912 3349 2180 3405 Hebraico
2214 3358 2364 3405 textu
2404 3364 2469 3406 ac
2506 3350 2571 3407 de
2612 3350 2847 3406 lectione
2899 3357 3174 3429 vulgatae
3209 3358 3476 3437 passim&

1911 3442 2101 3497 seruit.
2131 3440 2244 3498 Nec
2282 3442 2379 3499 abs
2422 3458 2482 3499 re
2519 3442 2658 3499 sorte
2692 3442 2842 3498 dicas
2896 3444 3240 3512 Eusebium
3272 3468 3324 3513 et
3351 3454 3479 3511 uiat-

1912 3551 2133 3606 nymum
2171 3536 2361 3593 eadem
2388 3537 2503 3610 ipsa
2526 3550 2593 3593 ex
2627 3535 2881 3609 origenis
2914 3538 3377 3610 Commentariis
3391 3552 3479 3606 haa-

1910 3642 2065 3683 sisse.

1981 3720 2036 3774 ln
2062 3718 2520 3778 Praeliminaribus
2552 3721 2617 3776 ad
2651 3720 2903 3790 Procopii
2945 3724 3425 3791 Commentariun
3445 3729 3480 3785 in

1909 3811 2161 3869 llesaiam
2190 3824 2413 3869 curante
2435 3814 2595 3869 Petro
2617 3814 2870 3869 Curterio
2899 3820 3170 3890 editum,
3209 3828 3481 3896 haectegun-

1909 3916 1996 3960 tnr
2019 3921 2085 3959 ex
2108 3906 2292 3961 codice
2313 3905 2505 3960 Renati
2525 3905 2776 3960 Marcbali
2808 3924 2821 3959 t
2849 3907 3225 3991 Μετελήφθη
3255 3922 3287 3974 ὁ
3312 3916 3481 3976 'natu

1906 3992 2013 4047 ἀπὸ
2042 3994 2374 4064 ἀντιγράφου
2410 3993 2501 4047 τοῦ
2549 3995 2692 4049 ἀόδᾶ
2727 3994 3172 4068 Ἀπολλιναρςου
3219 4010 3318 4063 2-03
3357 4021 3480 4062 χωρ»

1905 4085 2232 4158 6ιάρχου,ὲν
2256 4080 2300 4154 ᾧ
2354 4086 2741 4141 καθυπόκειται
2779 4088 3067 4149 todem...
3135 4094 3481 4174 Μετελή-ςθηῦ

1916 4184 2140 4248 Ἡσαΐας
2179 4186 2242 4237 ὲκ
2290 4182 2396 4237 τῶν
2443 4184 2583 4238 κατὰ
2607 4185 2704 4251 τὰς
2736 4184 2991 4253 ἐκδόσεις
3036 4193 3358 4261 Ἐξαπλῶν,
3394 4197 3482 4249 ἀντ·

228 4254 307 4309 ria
330 4258 679 4311 ecclesiastica
712 4256 974 4327 ejusdem,
996 4256 1402 4311 distinctionum
1432 4256 1798 4313 diversitatem
1902 4275 2102 4348 55243000
2143 4275 2199 4329 δὲ
2226 4277 2317 4329 καὶ
2354 4277 2489 4348 πρὸς
2518 4277 3056 4349 ἓτερονἙξαπλοςν,
3077 4286 3217 4359 ἕχον
3241 4293 3483 4363 ...ww

225 4344 719 4416 deprebendintus;
767 4348 852 4403 vel
895 4348 1306 4405 amanuensium
1357 4348 1487 4405 vitio
1533 4352 1789 4407 ascribas.

1902 4370 2198 4440 σημείωσιν
2239 4369 2533 4440 ταύτην....
2599 4370 2948 4444 Διώρθωνται
3023 4378 3294 4454 ἀκριδῶς
3355 4383 3483 4435 xia

225 4433 490 4490 Gaeterum
516 4437 629 4493 ltaec
657 4454 749 4494 seu
796 4438 1155 4506 voluminum,
1181 4453 1276 4494 seu
1305 4438 1565 4496 librorum
1596 4441 1792 4496 distin-
1827 4477 1869 4531 D
1898 4461 1956 4513 αἱ
2018 4460 2281 4523 excidam<-
2325 4460 2733 4534 ἀντεωήοησαν
2788 4461 2899 4533 γὰρ
2952 4470 3115 4538 πρὸς
3179 4468 3482 4547 taz-pado&

226 4530 333 4583 ctio
349 4528 462 4598 jam
499 4531 586 4586 diu
617 4533 794 4600 periit,
827 4533 1052 4605 ejusque
1077 4548 1145 4589 ne
1181 4533 1462 4605 vestigium
1493 4536 1706 4608 quidem
1738 4537 1789 4591 iu

224 4621 505 4678 codicibus
538 4624 818 4694 reperitur.

298 4714 439 4768 ldetn
472 4713 829 4787 llieronymus
859 4717 908 4771 in
953 4718 1175 4788 prologo
1207 4718 1272 4772 ad
1300 4718 1496 4774 librum
1534 4735 1564 4772 v
1592 4707 1646 4773 in
1685 4718 1787 4774 He-

221 4806 392 4862 aaiant
415 4801 530 4862 lnce
559 4808 756 4863 babet:
794 4828 813 4861 t
861 4809 997 4877 Quid
1048 4810 1210 4881 igitur
1235 4809 1472 4865 faciam?
1501 4811 1792 4870 subeamne

222 4911 380 4969 opus,
413 4899 465 4952 in
497 4914 603 4969 quo
629 4900 975 4957 eruditissimi
1007 4901 1107 4956 viri
1137 4902 1484 4965 sudaverunt,
1507 4900 1792 4974 origenem

222 4988 412 5059 loquor
439 5000 495 5044 et
524 4990 811 5045 Eusebium
847 4991 1144 5063 Pamphili.
1171 5008 1402 5064 quorum
1435 4992 1573 5047 alter
1610 4994 1794 5049 liberis

221 5080 490 5152 allegoriae
525 5082 714 5152 spatiis
741 5093 1023 5155 evagatur,
1082 5095 1140 5141 et
1169 5086 1539 5156 interpretatis
1571 5087 1796 5141 nomini·

221 5172 323 5228 bus
350 5175 706 5244 singulorum,
736 5175 1009 5247 ingenium
1046 5193 1203 5233 suum
1236 5178 1362 5233 facit
1403 5176 1658 5233 Ecclesiae
1700 5195 1791 5233 sa-

222 5280 498 5323 cramenta
530 5289 542 5324 :
575 5268 713 5324 alter
741 5270 1053 5325 historio-tm
1082 5272 1469 5341 expositionem
1501 5272 1656 5325 titulo
1706 5286 1792 5325 re-

221 5360 572 5425 promittens,
605 5359 870 5416 interdum
922 5361 1254 5416 obliviscitur
1320 5363 1619 5433 propositi,
1653 5373 1704 5417 et
1733 5365 1785 5418 in

219 5442 467 5516 origenis
500 5447 634 5502 scita
684 5449 930 5505 concedit
968 5451 992 5504 ἲ
1029 5468 1048 5501 ι
1092 5449 1208 5507 Sub
1241 5441 1354 5507 ⁴lutee
1402 5462 1584 5507 autem
1632 5452 1788 5508 initio

218 5536 414 5607 capitis
436 5538 626 5595 decimi
642 5542 856 5609 notavi,
904 5541 975 5597 ita
1006 5542 1249 5613 loquitur
1277 5561 1291 5598 ε
1329 5562 1349 5597 ι
1376 5541 1638 5600 Eusebius
1670 5544 1787 5601 Cte-

221 5630 479 5684 sariensis
521 5631 830 5689 historicam
872 5634 1365 5705 interpretationem
1404 5637 1560 5692 titulo
1603 5651 1788 5707 repro-

221 5719 462 5787 mittens,
492 5723 714 5780 diversis
745 5727 989 5782 sensibus
1042 5736 1338 5798 evagatur;
1375 5726 1525 5799 cujus
1569 5742 1689 5785 cum
1726 5730 1788 5784 li-

1909 4551 2152 4604 Ἧσαϊαν·
2172 4549 2251 4603 ἔτι
2275 4551 2329 4605 δὲ
2360 4551 2453 4605 καὶ
2476 4552 2612 4625 πρὸς
2626 4553 2942 4619 ‘Bizala-SV,
2963 4557 3132 4632 Πρὸς
3160 4565 3393 4628 τούτοις,
3418 4557 3482 4615 ni

1898 4640 2005 4694 ἀπὸ
2047 4643 2147 4712 τῆς
2183 4641 2375 4714 ἀρχῆς,
2420 4643 2524 4708 ἓως
2576 4642 2670 4697 τοῦ
2722 4645 3011 4717 ὁράματος
3074 4654 3286 4727 Τύρου,
3333 4656 3479 4724 τόμον

1897 4730 2236 4802 ὲξηγητικῶν
2289 4736 2367 4797 εἰς
2401 4734 2492 4786 τὸν
2533 4735 2760 4788 Ἡσαΐαν
2797 4737 3153 4809 Ὦριγένους,
3211 4747 3309 4802 καὶ
3356 4747 3478 4815 &xpl-

1897 4820 2007 4885 ὃῶς
2065 4823 2457 4896 ἐπιστήσαντες
2506 4829 2571 4898 τῇ
2636 4828 2843 4901 ἐννοίᾳ,
2900 4831 3032 4885 καθ’
3070 4836 3147 4897 ἣν
3208 4838 3474 4909 {garsiam

1897 4915 2134 4987 ἑκάστην
2165 4916 2329 4984 λέξιν,
2363 4918 2485 4972 καθ’
2507 4920 2581 4983 ὡς
2609 4914 2722 4975 οἶόν
2760 4939 2820 4974 τε
2860 4918 2954 4995 ἦν,
2982 4928 3088 4980 καὶ
3126 4932 3242 4986 πᾶν
3275 4926 3470 5000 diupi&-

1895 5007 1985 5060 λον
2026 5007 2164 5061 κατὰ
2206 5010 2305 5080 τὴν
2338 5011 2546 5063 ἐκείνου
2593 5010 2799 5067 ἔννοιαν
2845 5014 3317 5093 διωρθωσάμεθα.
3357 5016 3466 5087 Πρΰς

1895 5100 2103 5164 τούτοις
2149 5104 2436 5175 συνεκρίθη
2470 5107 2501 5177 ἡ
2549 5105 2656 5159 τῶν
2679 5107 3095 5179 Ἐὃδομήκοιτα
3140 5115 3365 5177 ἔκδοσις.
3394 5106 3463 5162 1²1

1895 5192 2031 5264 πρὸς
2082 5192 2147 5245 τὰ
2194 5194 2298 5247 ὑπὸ
2340 5196 2596 5250 Εὐσεῦξου
2638 5201 2717 5262 εἰς
2760 5200 2851 5252 τὸν
2891 5201 3138 5258 Ἡσαΐαν
3193 5204 3454 5277 semein·

1897 5280 1991 5331 καὶ
2017 5280 2075 5331 ἐν
2109 5278 2189 5345 οἷς
2252 5282 2575 5352 διεφώνουν,
2610 5288 2709 5359 τῆς
2754 5288 3077 5360 ἐξηγήσεως
3136 5297 3241 5369 τὴν
3290 5298 3455 5350 ἔννοιαν

1897 5369 2400 5458 ζητήσαντες,πρδς
2417 5378 2585 5449 αὐτὴν
2617 5379 3062 5455 ὲδιωρθὼσαμεν.
3093 5387 3156 5442 ld
3195 5400 3307 5445 est:
3336 5406 3353 5439 c
3373 5385 3452 5438 El·

1895 5464 2128 5533 scriptus
2163 5479 2245 5521 est
2275 5466 2500 5523 livsaias
2533 5472 2601 5524 ab
2625 5472 2917 5541 exemplari
2962 5477 3191 5536 abbatis
3215 5479 3450 5552 Apollini·

1896 5553 1959 5607 rii
1983 5555 2395 5619 coenobiat·clt·.e,
2424 5558 2476 5613 itt
2498 5576 2603 5628 quo
2625 5560 2736 5615 ltaec
2756 5560 3201 5631 subjiciuntur...
3223 5569 3446 5632 pesum·

1895 5657 2017 5715 ptus
2078 5657 2161 5700 est
2212 5648 2433 5703 llesaias
2481 5652 2546 5704 ab
2580 5651 2830 5721 llexaplis
2881 5657 3218 5726 editionum,
3259 5659 3445 5715 cottam

1895 5742 2070 5787 autem
2093 5745 2182 5788 est
2206 5750 2325 5790 cum
2343 5735 2582 5811 licxaplo
2600 5741 2721 5809 alin,
2740 5742 2790 5795 in
2816 5757 2923 5810 quo
2950 5744 3059 5804 ista
3081 5751 3439 5809 adnotantur·-
