3692 6134
230 344 334 400 785

891 457 1040 512 CAP.
1084 457 1141 512 ll.

307 550 439 617 Quoe
462 549 635 616 [uerat
670 547 913 603 Marcelli
945 548 1206 628 sententia
1237 549 1303 604 de
1336 546 1504 603 Verbo
1535 549 1592 603 iu
1614 547 1722 603 Deo

863 627 1165 673 exsistente.

302 710 358 767 ln
413 727 510 768 eos
557 718 840 781 postquam
889 708 1248 765 insultaverat
1307 708 1404 778 qui
1458 706 1552 764 Dei
1598 706 1793 763 Filium

231 818 362 860 vere
403 802 573 858 filium
630 801 905 857 exstitisse
929 801 1111 856 vivum
1162 799 1593 868 arbitrabantur,
1643 814 1795 855 suam

232 896 401 965 ipsius
437 894 744 965 opinionem
804 891 1006 961 profert
1031 890 1253 947 totidem
1301 890 1524 963 syllabis
1569 891 1621 945 in
1652 892 1796 945 bunc

232 985 451 1042 modum
485 984 923 1054 comprehensam
959 996 977 1038 τ
1012 979 1105 1056 [R.
1135 979 1297 1047 xmt,
1323 980 1451 1038 coll.
1482 996 1538 1051 p.
1576 979 1701 1044 116,
1730 977 1795 1050 D]

237 1100 258 1135 ι
305 1081 666 1149 Quamobrem
699 1080 1017 1151 priusquam
1063 1080 1443 1145 descenderet,
1480 1088 1536 1134 et
1578 1077 1645 1134 de
1671 1078 1799 1134 Vir-

237 1192 255 1222 «
302 1172 425 1242 gine
453 1178 789 1237 nasceretur,
815 1169 1054 1227 Verbum
1084 1178 1205 1226 erat
1248 1168 1609 1224 solummodo.
1661 1166 1795 1224 Nam

233 1279 254 1314 ι
300 1262 431 1333 quid
452 1260 598 1317 aliud
631 1269 753 1316 erat
781 1259 1100 1332 priusquam
1133 1267 1379 1314 nostram
1406 1272 1623 1315 carnem
1647 1271 1800 1313 assu·

234 1371 253 1405 t
295 1361 468 1409 meret
486 1351 797 1417 humanam,
822 1350 874 1406 id
899 1349 1040 1421 quod
1071 1349 1355 1406 descendit
1385 1349 1439 1404 in
1467 1347 1798 1418 temporibus

232 1461 252 1495 t
299 1442 627 1509 novissimis,
677 1438 1131 1511 quemadmodum
1189 1439 1304 1508 ipse
1351 1437 1593 1503 scribit;
1637 1443 1693 1491 et
1744 1435 1798 1491 id

233 1554 252 1587 ι
297 1536 444 1606 quod
471 1536 539 1591 de
572 1534 791 1604 Virgine
822 1531 1147 1588 nascebatur
1174 1531 1310 1587 nibil
1338 1531 1482 1586 aliud
1510 1538 1629 1586 erat
1657 1543 1796 1601 prae-

233 1647 252 1680 ι
299 1636 382 1684 ter
402 1642 563 1696 quam
594 1624 873 1683 Verbum?
905 1643 925 1678 ι
956 1623 1197 1694 Pet-gens
1231 1623 1487 1693 deinceps
1512 1622 1608 1687 ait,
1636 1632 1798 1677 aeter-

912 336 1180 393 EUSEBtt
1216 335 1692 394 CAESARtENStS
1728 335 1880 394 091³.
1918 334 2101 392 PARS
2139 335 2230 393 tv.
2267 363 2342 377 --
2373 333 2807 393 uocantes.

1824 463 1874 519 A

2559 457 2722 510 KEQ.
2767 454 2850 509 13⁹.

1903 547 2103 613 Ὅπως
2131 545 2486 615 Μάρκελλος
2517 547 2769 686 &afflet
2815 545 2974 614 περὶ
3021 544 3143 599 τοῦ
3189 544 3263 597 ἐν
3298 543 3361 609 τᾷ

2728 634 2769 671 υ

1981 706 2322 779 Ἐπισκὴψας
2338 706 2450 779 (57)
2458 705 2845 779 τοῖςείρηκόσι
2859 703 2973 759 τὸν
2989 703 3134 758 Υίδν
3149 702 3254 757 τοῦ
3268 703 3361 758 Ges

1899 801 2009 865 θῶς
2039 801 2154 854 υἰὸν
2185 796 2325 854 εἶναι
2347 798 2525 865 ζῶντα
2546 799 2640 853 καὶ
2658 796 3143 870 ὑφεστῶταιτὴν
3175 795 3361 850 ἐαυτοῦ

1899 893 2141 966 φανερὰν
2152 893 2473 966 καθίστησιν
2487 894 2682 956 αὑταῖς
2709 888 3046 952 συλλαὸαἰς
3067 887 3310 960 γράφων
3343 907 3361 943 ι

1903 1004 1923 1038 ι
1944 983 2152 1040 Οὐκοῦν
2167 984 2274 1057 πρὸ
2289 984 2388 1055 μὲν
2401 981 2496 1038 τοῦ
2514 981 2834 1047 κατελθεῖν,
2855 981 2969 1036 καὶ
3004 979 3106 1036 διὰ
3137 981 3242 1053 τῆς
3263 982 3361 1054 uaf

1905 1098 1924 1130 ι
1963 1077 2243 1150 τεχθῆναι,
2293 1077 2467 1146 Λόγος
2510 1071 2580 1148 ἦν
2627 1075 2850 1147 μόνον.’
2874 1073 3056 1126 Ἐπεὶ
3107 1070 3166 1125 τί
3219 1072 3361 1145 ἐτερο

1904 1190 1923 1223 ι
1965 1169 2073 1243 πρὸ
2091 1167 2185 1223 τοῦ
2203 1169 2304 1241 τὴν
2319 1168 2667 1240 ἀνθρωπίνην
2685 1163 3018 1221 ἀναλαὸεἰν
3039 1164 3257 1237 σάρκα,
3275 1165 3361 1218 τοι

1905 1277 1925 1312 r
1964 1258 2057 1314 θὸν
2075 1258 2162 1312 ἐπ’
2183 1257 2428 1330 ἐσχάτων
2442 1257 2550 1311 τῶν
2563 1256 2830 1330 ἡμερῶν.
2847 1255 2938 1318 ὡς
2959 1254 3070 1308 καὶ
3093 1255 3265 1319 αὐτὸς
3276 1256 3361 1327 γέγ]

1905 1371 1924 1403 ι
1960 1349 2074 1423 (58)
2095 1352 2188 1404 καὶ
2215 1350 2279 1403 τὸ
2301 1349 2557 1422 γεννηθὲν
2587 1350 2658 1404 ἐκ
2685 1347 2800 1420 τῆς
2823 1346 3152 1419 Παρθένου
3183 1347 3361 1401 owni:

1904 1461 1924 1495 t
1963 1441 1998 1514 ἢ
2027 1443 2056 1495 ὀ
2072 1440 2268 1510 Λόγος.
2301 1458 2321 1492 ι
2347 1435 2479 1494 Εἶτα
2511 1438 2731 1510 προϊὼν·
2748 1438 2932 1509 ἐξῆς,
2958 1438 3155 1492 ἀΐδιον
3185 1438 3361 1492 ababli

1897 1532 2195 1603 ἀγέννητον
2223 1530 2386 1586 αὐτὸν
2402 1529 2573 1595 οὕτως
2589 1529 2972 1602 ὁριζόμενος.
3009 1529 3236 1603 Γράφει
3263 1529 3361 1584 ssa&

1906 1646 1923 1678 t
1966 1625 2207 1689 Ἀκούεις
2237 1625 2417 1679 τοίνυν
2439 1624 2538 1697 τῆς
2561 1623 2921 1696 συμφωνίας
2965 1623 3083 1678 τοῦ
3105 1625 3262 1693 ἀγίου
3283 1625 3358 1678 Πνε

228 1734 357 1773 num
409 1717 579 1772 luisse
622 1725 678 1770 et
726 1715 1025 1785 ingenitum
1079 1727 1295 1783 quoque
1338 1714 1550 1769 delinit.
1598 1710 1801 1768 Scribit
1905 1735 1925 1769 t
1967 1734 2059 1781 τος
2097 1716 2185 1771 διὰ
2233 1714 2441 1769 πολλῶν
2476 1716 2571 1770 καὶ
2604 1713 2920 1788 διαφόρων
2976 1715 3312 1788 προσώπων,
3329 1719 3361 1785 τῇ

229 1817 411 1866 autem
472 1808 563 1882 [R.
605 1805 832 1870 vatu,
879 1806 1002 1862 coll.
1063 1820 1118 1875 p.
1159 1804 1285 1869 116,
1328 1804 1432 1877 DJ:
1469 1824 1489 1858 t
1532 1804 1798 1872 Quocirca
1829 1820 1875 1876 Β
1908 1828 1928 1862 ι
1967 1808 2144 1878 Λόγου
2169 1807 2551 1881 μαρτυρούσης
2567 1807 2707 1879 (58”)
2729 1807 3070 1881 ἀῖδιότητι.
3097 1826 3120 1859 s
3153 1810 3257 1863 Καὶ
3276 1808 3344 1862 διὰ

234 1921 255 1954 ι
300 1916 623 1958 consensum
653 1903 810 1957 audis
838 1898 1074 1970 Spiritus
1099 1898 1293 1961 sancti.
1326 1912 1434 1968 quo
1466 1911 1562 1967 per
1597 1894 1797 1950 multas

234 2013 253 2045 ι
295 2003 354 2051 et
377 1992 686 2050 differentes
714 2006 995 2063 personas,
1032 1990 1321 2047 aeternitati
1357 1989 1506 2044 verbi
1549 1988 1798 2045 testimo·

231 2104 253 2140 ι
298 2085 446 2142 nium
485 2084 821 2155 perhibetur.
855 2101 876 2136 s
922 2082 990 2137 Et
1040 2096 1140 2151 per
1191 2082 1295 2138 boc
1351 2080 1549 2150 ipsum,
1606 2080 1797 2150 incipit

224 2180 446 2252 quidem
472 2180 540 2234 ab
560 2178 869 2234 aeternitate
890 2176 1064 2242 verbi,
1088 2176 1193 2230 boc
1220 2174 1416 2230 modu:
1442 2170 1512 2228 1η
1539 2172 1796 2243 principio

223 2280 337 2327 erat
383 2269 603 2325 Verbum
637 2283 656 2322 .·
701 2279 748 2322 et
791 2265 1017 2322 Verbum
1045 2275 1158 2320 erat
1187 2266 1328 2334 apud
1359 2263 1562 2319 Deum:
1585 2275 1633 2319 et
1657 2263 1796 2319 Deus

223 2372 337 2418 erat
363 2360 497 2415 illud
538 2358 760 2414 Verbum
783 2358 853 2412 ⁷⁸.
890 2357 966 2412 lta
997 2356 1168 2412 tribus
1204 2354 1533 2412 testimoniis
1561 2369 1620 2411 se
1653 2354 1793 2409 invi-

224 2469 342 2510 cem
371 2452 831 2524 consequentibus
863 2448 1026 2504 Verbi
1049 2448 1166 2503 vult
1186 2448 1382 2504 docere
1405 2446 1794 2505 aeternitatem.

223 2546 353 2603 Post
397 2553 590 2600 cretera
646 2541 924 2611 subiungit
971 2539 1061 2612 [R.
1115 2539 1297 2607 mu,
1327 2539 1451 2597 coll.
1480 2553 1537 2609 p.
1566 2538 1661 2606 81,
1692 2536 1794 2611 DJ:

231 2657 250 2689 ι
297 2637 458 2692 Prius
494 2644 645 2691 certe
680 2635 922 2704 quidem,
981 2643 1039 2687 ut
1090 2647 1466 2703 saepenumero
1489 2631 1627 2699 dixi,
1661 2630 1798 2690 nihil

230 2748 250 2781 ι
294 2728 440 2783 aliud
477 2734 597 2781 erat
634 2724 892 2780 Verbum.
920 2744 938 2776 ι
968 2725 1034 2779 Ει
1058 2724 1304 2797 adjungit
1326 2726 1468 2794 quod
1500 2725 1797 2793 necimago

227 2821 330 2874 fnit
388 2818 479 2874 Dei
546 2816 868 2884 invisibilis,
914 2816 1204 2887 inquiens:
1236 2817 1328 2889 [tt.
1370 2815 1634 2878 Lxxxu.
1669 2817 1793 2873 coll.

224 2928 281 2980 p.
308 2911 401 2976 24,
454 2909 517 2963 B.
573 2909 665 2975 47,
703 2908 794 2981 A]
836 2927 856 2962 t
891 2909 1161 2978 Quocirca
1200 2910 1545 2965 manifestum
1580 2910 1794 2981 quidem

230 3023 251 3056 ι
299 3012 404 3069 est,
439 3002 584 3073 quod
617 3000 854 3059 Verbum
904 3012 1035 3059 ante
1074 3001 1251 3057 nostri
1301 3002 1546 3072 corporis
1602 3016 1787 3057 susce·

1897 1902 2123 1974 ἄρχεται
2147 1901 2247 1972 μὲν
2271 1900 2378 1955 ἀπὸ
2398 1899 2498 1971 τῆς
2517 1898 2854 1971 ἀῑδιότητος
2883 1900 3000 1955 τοῦ
3028 1901 3233 1971 Λόγου·
3260 1902 3361 1954 Ἐν(

1895 1988 1975 2063 ἦν
1994 1994 2028 2046 ό
2057 1994 2286 2061 Λόγος,
2311 1989 2507 2060 λέγων,
2535 1990 2639 2046 καὶ
2658 1993 2695 2045 ὀ
2723 1989 3062 2065 Δόγοςῆν
3089 1992 3361 2062 πρὸς-τίνι

1894 2079 1995 2135 καί
2014 2081 2157 2148 Θεὸς
2183 2076 2263 2152 ἦν
2288 2084 2322 2136 ό
2347 2080 2561 2151 Λόγος.
2585 2080 2804 2152 Τρισὶν
2833 2082 3203 2157 ἐπαλλήλοις
3228 2101 3360 2156 papa

1894 2174 2192 2246 χρώμενος,
2226 2173 2325 2245 τὴν
2348 2171 2631 2245 ἀῖδιότητα
2659 2172 2778 2226 ’τοῦ
2819 2175 3031 2245 Λόγου
3055 2176 3312 2230 δεικνύναι
3334 2175 3361 2246 β

1895 2282 2005 2319 ται.
2040 2263 2149 2317 Καὶ
2181 2261 2298 2334 μεθ’
2327 2262 2488 2333 ἕτερα
2507 2260 2808 2331 ἐπιλέγει·
2849 2281 2873 2315 s
2899 2263 3201 2337 Πρότερον
3227 2265 3316 2335 γὰρ
3335 2261 3361 2315 ἄ

1904 2377 1921 2409 ι
1964 2356 2223 2421 πολλάκις
2273 2355 2430 2426 ἐφην,
2482 2354 2648 2410 οὐδὲν
2685 2356 2914 2429 ἕτερον
2963 2358 2999 2410 ὁ
3051 2359 3227 2428 Λόγος
3261 2355 3331 2431 ἦν.
3358 2378 3360 2407 :

1896 2450 2270 2522 προστίθησιν,
2297 2450 2377 2503 ὅτι
2401 2448 2523 2502 οὐδὲ
2543 2447 2733 2502 εἰκὼν
2756 2445 2839 2522 ἦν
2868 2450 2985 2505 τοῦ
3005 2451 3152 2506 Θεοῦ
3167 2451 3256 2506 τοῦ
3277 2453 3360 2522 ἆορ

1897 2543 2122 2613 φάσκων
2143 2559 2156 2572 ·
2194 2560 2213 2592 t
2244 2538 2452 2594 Οὐκοῦν
2476 2538 2812 2612 πρόδηλον,
2845 2543 2948 2598 ὅτι
2979 2543 3100 2618 πρὸ
3117 2544 3218 2614 τῆς
3235 2543 3360 2612 τοῦτ’]

1902 2656 1921 2688 ι
1969 2651 2061 2707 ρου
2098 2633 2349 2705 σώματος
2376 2631 2725 2703 ἀναλήψεως
2748 2636 2785 2689 ὁ
2809 2634 3015 2705 Λόγος
3045 2635 3173 2690 καθ’
3203 2637 3361 2690 ἑαυτὸν

1901 2745 1920 2777 ι
1955 2722 2023 2798 ἦν
2050 2723 2213 2779 εἰκὼν
2237 2723 2330 2777 τοῦ
2353 2722 2596 2794 ἀοράτου
2636 2723 2872 2779 Θεοῦ.»
2903 2728 3034 2783 Καὶ
3065 2725 3216 2793 αὖθις
3235 2727 3361 2799 pst:

1896 2817 2176 2887 ἐπιφέρει·
2211 2836 2230 2868 ι
2266 2817 2332 2869 Τί
2359 2815 2541 2869 τοίνυν
2577 2811 2660 2887 ἦν
2698 2818 2773 2871 τὸ
2806 2821 3103 2875 κατελθὸν
3127 2820 3283 2883 τοῦτο,
3305 2836 3361 2888 πρ

1902 2930 1920 2961 ι
1962 2909 2406 2982 ὲνανθρωπῆσαις
2439 2909 2686 2974 Πάντως
2763 2928 2919 2977 που,
2982 2913 3147 2985 φησί,
3189 2912 3361 2980 Πνεῦμα

1901 3020 1920 3052 ι
1959 3001 2067 3073 γάρ
2111 3019 2165 3054 τι
2192 2999 2342 3072 παρὰ
2389 2998 2549 3053 τοῦτο
2606 3000 2819 3056 ἐθέλοι
2866 3004 3083 3074 λέγειν,
3107 3006 3154 3057 οὐ
3175 3015 3360 3069 :summ

232 3113 252 3146 ι
300 3094 645 3165 ptionem,ne
662 3092 878 3165 quidem
906 3093 1084 3163 imago
1116 3091 1212 3149 Dei
1238 3092 1418 3148 fuerat
1441 3091 1747 3148 invisibili&
1769 3111 1789 3145 »
1902 3114 1921 3147 ι
1960 3093 2127 3165 αὐτῷ,
2177 3095 2205 3148 ὀ
2253 3092 2387 3165 πρὸς
2425 3091 2524 3163 τὴν
2582 3094 2927 3166 Παρθένον
2975 3096 3167 3170 εἰρηκὼς
3218 3088 3360 3159 ἀγῇ),

225 3186 295 3242 Et
315 3201 502 3241 rursus
531 3193 656 3255 post
680 3184 784 3241 alia
815 3184 1086 3240 subinfert
1112 3185 1285 3241 idem:
1316 3182 1406 3258 [R.
1424 3184 1612 3248 mx,
1640 3185 1790 3254 leon.
1820 3170 1863 3227 C
1902 3206 1921 3238 ι
1958 3185 2202 3254 Πνεῦμα
2222 3184 2392 3255 ἅγιον
2412 3183 2860 3242 ἐπελεύσεται
2883 3189 2992 3242 ἐπὶ
3018 3186 3092 3242 σέ.
3113 3178 3361 3238 niatu-ei

222 3294 280 3348 p.
314 3278 440 3343 tot.
470 3275 538 3350 A}
597 3295 617 3330 ι
658 3276 797 3345 Quid
827 3285 947 3332 erat
980 3275 1143 3347 igitur
1174 3275 1278 3332 boc
1318 3277 1465 3347 quod
1515 3277 1797 3333 descendit

230 3390 250 3423 ι
295 3380 421 3428 ante
455 3366 925 3427 incarnationem?
953 3365 1184 3424 Omnino
1219 3381 1368 3425 certe
1400 3368 1636 3439 Spiritus
1671 3369 1793 3437 l'uit,

224 3480 251 3514 ι
297 3462 345 3517 si
368 3462 497 3533 quid
522 3462 667 3517 enim
704 3459 849 3514 aliud
874 3460 1115 3516 dicturus
1163 3469 1250 3516 est
1294 3460 1512 3532 aliquis,
1552 3476 1661 3516 non
1690 3460 1795 3517 boc

232 3570 251 3602 ι
298 3550 447 3605 dabit
473 3550 566 3621 qui
596 3549 664 3604 ad
698 3546 975 3619 Virginem
1001 3547 1218 3604 locutus
1258 3557 1342 3604 est
1387 3550 1455 3605 ad
1497 3550 1643 3605 bunc
1679 3564 1796 3604 mo·

232 3662 251 3693 ι
295 3640 424 3697 dum
448 3639 710 3712 angelus:
732 3639 967 3709 Spiritus
994 3650 1206 3697 sanctus
1228 3642 1556 3710 superveniet
1580 3644 1637 3696 in
1656 3653 1705 3697 te
1720 3641 1792 3696 '¹'.·

230 3752 249 3784 ι
295 3733 340 3788 si
375 3743 559 3788 autem
594 3731 858 3801 Spiritum
887 3731 1057 3788 fuisse
1090 3740 1323 3797 asserat,
1367 3733 1493 3789 audi
1519 3733 1791 3790 dicentem

230 3846 249 3878 ι
289 3827 681 3883 servatorem:
736 3824 971 3896 Spiritus
1009 3824 1154 3880 Deus
1193 3836 1270 3879 est
1304 3825 1395 3891 ⁸¹⁸,·
1443 3826 1535 3881 ubi
1565 3842 1687 3882 cum
1721 3827 1792 3883 ti-

229 3939 250 3971 ‹
296 3919 619 3989 quidissimo
648 3928 862 3974 constet
892 3917 1236 3974 Servatorem
1271 3923 1330 3982 ›1‹
1359 3918 1428 3975 de
1451 3918 1615 3975 Patre
1638 3919 1793 3977 locu·

231 4030 252 4063 ι
301 4020 415 4066 tum
450 4010 640 4074 fuisse,
687 4010 829 4067 Deus
868 4019 952 4065 est
998 4011 1241 4080 spiritus,
1272 4030 1292 4064 ι
1327 4013 1607 4068 convictus
1639 4021 1792 4069 tene-

227 4112 317 4157 tur
372 4100 662 4157 Marcellus
711 4102 1078 4166 existimasse,
1120 4102 1294 4171 ipsum
1352 4103 1565 4157 Patrem
1623 4102 1795 4160 fuisse

228 4196 591 4252 incarnatum.
618 4194 753 4250 Cum
779 4194 1105 4249 seutentiam
1140 4192 1317 4249 adbuc
1345 4194 1585 4263 apertius
1610 4192 1789 4259 effert,

228 4285 296 4339 ad
327 4286 469 4341 bunc
497 4285 710 4341 modum
735 4283 1013 4339 scribens:
1043 4283 1394 4355 [R.XXXlX,
1428 4285 1555 4342 coll.
1592 4301 1645 4357 p.
1666 4288 1789 4354 116,

225 4374 306 4449 1)]
342 4396 362 4430 ι
405 4377 588 4433 Discat
616 4377 804 4447 igitur,
842 4377 1071 4432 Verbum
1099 4377 1190 4432 Dei
1229 4378 1548 4433 advenisse:
1576 4393 1705 4445 non,
1734 4390 1794 4435 ut

1904 3297 1923 3329 t
1963 3272 2101 3331 εἶναι
2121 3278 2303 3348 φήσει,
2330 3274 2494 3329 ἄκουε
2529 3275 2636 3328 τοῦ
2675 3277 3239 3351 Σωτῆρος-λέγοντος,
3263 3275 3361 3328 Πνε

1903 3390 1922 3422 ι
1958 3373 1992 3425 ό
2023 3368 2186 3436 esde.
2226 3367 2420 3438 Σαφῶς
2470 3368 2752 3424 ἐντεῦθεν
2811 3364 2932 3426 ’τοῦ
2977 3370 3210 3443 Βιτῆρος
3257 3365 3361 3436 περὶ

1901 3483 1921 3517 ι
1957 3463 2170 3536 Πατρὸς
2215 3461 2529 3533 εἰρηκότος·
2576 3481 2601 3514 ι
2657 3466 2958 3539 Πνεῦμα
2983 3470 3016 3523 d
3045 3465 3212 3530 Θεὸς,
3241 3461 3361 3532 tter}

1895 3554 2209 3628 Μάρκελλος
2239 3553 2401 3609 αὐτὸν
2438 3552 2532 3607 τὸν
2571 3555 2841 3632 Πατέρα
2865 3555 3361 3634 &winomannus-nt(

1893 3643 2084 3700 είπιὶιν.
2127 3646 2184 3699 ⁰0
2214 3644 2258 3699 δ’
2295 3644 2377 3700 ἔτι
2409 3644 2622 3717 μᾶλλον
2651 3649 3080 3724 φιλοτιμῆται,
3121 3649 3360 3722 γράφε-ιν1

1901 3755 1920 3788 ι
1957 3734 2067 3791 Καὶ
2100 3734 2417 3807 μανθανέτω
2441 3736 2636 3793 τοίνυν
2667 3738 2842 3796 Θεοῦ
2871 3741 3044 3812 Λόγον
3079 3738 3361 3810 ἐληλυθένα

1900 3847 1921 3882 t
1955 3828 2127 3899 Λόγον
2152 3827 2614 3899 καταχρηστικῶς
2645 3829 3078 3906 ὀνομασθέντα,
3122 3830 3207 3894 ὡς
3237 3831 3360 3886 αὐτο

1899 3937 1919 3971 ι
1959 3936 2065 3984 σιν,
2111 3919 2225 3973 ἀλλ’
2243 3918 2420 3991 ἀληθῆ
2467 3919 2605 3974 ὄντα
2633 3922 2865 3994 Λόγον.
2895 3943 2916 3976 s
2951 3923 3062 3977 Καὶ
3091 3918 3254 3985 αὖθις
3293 3939 3361 3993 πρ

1895 4010 2021 4083 θησι
2043 4011 2216 4066 ταῦτα
2246 4014 2358 4076 τοῖς
2379 4011 2746 4084 εἰρημένοις·
2787 4038 2810 4072 ι
2832 4019 2892 4074 Εἰ
2909 4017 3014 4090 μὲν
3039 4015 3147 4088 γὰρ
3173 4014 3320 4087 ητοῦ
3345 4031 3361 4066 r

1901 4125 1920 4157 ι
1945 4121 2113 4176 ματος
2130 4103 2377 4170 ἐξέτασις
2400 4104 2656 4173 γίγνοιτο
2691 4109 2872 4182 μόνη,
2893 4109 2958 4166 ἐν
2969 4109 3070 4164 καὶ
3081 4108 3276 4163 ταύτὸν
3289 4109 3361 4160 εἰπε

1898 4215 1919 4247 ι
1940 4190 2079 4249 εἶναι
2094 4195 2172 4266 τῷ
2184 4194 2305 4266 Θεῷ
2333 4195 2599 4265 φαίνοιτο·
2632 4199 2780 4255 εἰδὲ
2805 4203 2840 4273 ἡ
2863 4201 3018 4257 κατὰ
3029 4202 3207 4273 capta
3225 4198 3361 4271 xpm<

1899 4308 1918 4340 ι
1942 4287 2033 4340 ἐπὶ
2062 4286 2155 4341 τοῦ
2174 4287 2423 4359 Σωτῆρος
2435 4286 2799 4357 ἐξετάζοιτο,
2815 4294 3084 4367 ἐνεργείᾳ
3103 4298 3138 4366 ἠ
3159 4294 3332 4362 θεότης
3353 4309 3361 4360 1

1899 4399 1918 4431 ι
1943 4378 2309 4434 πλατύνεσθαι
2329 4379 2505 4434 δοκεῖ·
2525 4380 2692 4438 ὥστε
2717 4385 2968 4452 εἰκότως
2985 4385 3361 4460 paveram}

232 4488 251 4520 ι
300 4469 372 4524 illi
398 4469 602 4537 volunt,
630 4469 864 4526 Verbum
893 4469 1289 4525 catachrestice
1320 4467 1670 4537 appellatum,
1696 4470 1788 4525 sed
1818 4505 1867 4564 D
1900 4487 1919 4519 ι
1942 4467 2265 4541 ἀδιαίρετος.
2292 4487 2312 4521 »
2333 4470 2441 4522 Καὶ
2466 4466 2549 4523 ἐτι
2576 4472 2805 4541 μᾶλλον
2829 4476 3008 4533 τοῦτο
3021 4472 3361 4536 κατασκευάζε

231 4578 250 4610 ι
301 4574 486 4615 revera
523 4561 613 4630 qui
636 4560 933 4617 exsistebat
957 4559 1213 4616 Verbum.
1247 4577 1267 4611 »
1293 4558 1453 4613 Addit
1494 4558 1688 4613 iterum
1732 4568 1787 4614 et
1893 4553 1969 4613 ὧν
1992 4560 2050 4612 ἐν
2076 4563 2188 4624 τοῖς
2211 4560 2338 4630 ἑξῆς
2358 4558 2500 4613 οὕτω
2523 4563 2774 4635 γράφει·
2811 4587 2835 4621 ι
2889 4570 2973 4624 Τὸ
3017 4571 3118 4643 μὲν
3139 4560 3230 4623 οὖν
3259 4565 3347 4636 πρὸ

226 4652 330 4705 ista
357 4652 661 4706 antedictis:
687 4672 706 4704 ι
730 4652 882 4718 Quod
914 4652 957 4708 si
987 4652 1056 4706 de
1095 4650 1287 4720 spiritu
1305 4649 1608 4720 disquisitio
1629 4650 1786 4705 insti-

232 4759 251 4791 «
279 4748 461 4794 tuatur
490 4741 627 4801 sola.
662 4757 827 4797 unum
874 4750 1038 4812 atque
1072 4740 1235 4806 idem,
1273 4754 1372 4794 nec
1408 4737 1627 4807 injuria,
1666 4755 1789 4795 cum

300 4903 358 4960 ›1‹
393 4893 488 4948 Ed.
521 4892 722 4958 Paris„
754 4910 878 4966 pag.
911 4895 995 4950 36.
1064 4894 1110 4925 ⁷⁰
1129 4897 1289 4956 Joan.
1312 4917 1353 4967 t,
1376 4900 1423 4956 l.
1476 4896 1520 4928 '¹⁷
1559 4896 1689 4952 Luc.
1723 4914 1759 4962 ι,
1789 4897 1880 4952 55.

297 5100 411 5168 (57)
451 5098 639 5170 Vulgo,
671 5103 990 5173 ἐπισκέψας.

298 5170 409 5242 (58)
446 5171 555 5224 Καὶ
587 5171 769 5238 αὐτὸς
796 5173 1067 5243 γέγραφε.
1107 5174 1239 5242 Quis
1267 5182 1445 5229 autem
1476 5175 1614 5230 iste?
1642 5185 1791 5231 certe

226 5240 531 5306 Marcellus,
567 5238 747 5307 cujus.
768 5244 977 5312 opinor,
1007 5247 1233 5299 diversae
1268 5244 1455 5316 ῥήσεις
1490 5246 1577 5298 bic
1606 5261 1791 5299 recen-

224 5320 434 5374 sentur,
455 5310 548 5364 scd
580 5311 794 5364 iuterim
829 5323 1010 5369 tamen
1039 5316 1153 5369 baec
1173 5324 1299 5368 sunt
1318 5312 1618 5366 ἀσύστατα.
1653 5315 1784 5385 (Λύ-

220 5381 313 5444 τός
354 5380 603 5433 Asterius
635 5378 726 5443 R..
755 5383 843 5447 qui
879 5379 1017 5436 infra
1068 5384 1283 5455 τρόπων
1329 5381 1445 5437 loco
1480 5383 1787 5454 προσώπων

222 5448 393 5518 enni.)
428 5450 622 5503 Statim
671 5462 688 5501 τ
736 5450 875 5505 forte
919 5453 1089 5508 ἀΐδιον
1127 5453 1305 5524 λέγει,
1357 5452 1452 5506 καὶ
1494 5454 1787 5526 ἀγέννητον

222 5520 405 5572 αὐτόν.
442 5520 595 5585 Quod
631 5520 862 5589 negabat
895 5522 1159 5578 Eusebius
1188 5525 1441 5588 Arianos,
1476 5540 1600 5580 mox
1634 5524 1789 5578 οὐδὲν

221 5587 648 5674 ἐτερονῆΛόγος
672 5585 761 5661 ἦν,
792 5600 846 5645 et
875 5593 936 5647 ού
975 5595 1332 5666 συγχωρήσει.
1368 5592 1437 5648 Μ.

296 5659 430 5727 (08⁸)
474 5658 638 5726 Vulgo
688 5675 1040 5735 μαρτυρησας
1074 5683 1129 5721 et
1174 5666 1295 5719 dein
1329 5665 1415 5717 ἐπ’
1439 5663 1695 5735 ἀλλήλαις
1738 5676 1794 5719 et

227 5728 488 5801 πρότερον
520 5729 621 5800 μὲν
635 5746 691 5798 γ.
715 5742 770 5787 et
792 5733 976 5806 ἕτερον
1003 5737 1032 5788 ό
1056 5736 1257 5804 Λόγος;
1286 5748 1448 5804 porro
1477 5736 1633 5806 vulgo
1663 5752 1792 5805 συγ-

1899 4669 1919 4703 ι
1954 4650 2166 4706 αἰώνων
2185 4650 2347 4705 αὐτὸν
2365 4653 2750 4724 γεγεννῆσθαι
2765 4658 2963 4731 φῆσαι
2977 4661 3274 4723 ἀκολούθοις
3291 4660 3358 4728 εἰρ

1903 4761 1922 4793 ι
1954 4760 2042 4796 ναι
2072 4742 2249 4797 δοκεῖ·
2276 4743 2526 4814 γέννημα
2546 4745 2669 4820 γὰρ
2695 4749 2764 4803 τὸ
2791 4751 3080 4824 προελθὸν
3098 4752 3190 4807 τοῦ
3209 4767 3360 4822 πρῦεῐι

1988 4897 2036 4930 ⁷⁸
2058 4896 2215 4953 Joau.
2247 4914 2323 4964 ιν,
2350 4898 2444 4956 24.

1897 5107 2142 5181 χωρῆσαι
2174 5116 2231 5164 et
2274 5107 2436 5180 φησίν
2474 5117 2533 5164 et
2561 5111 2889 5184 εἰρηκότος
2943 5136 3041 5177 πν.
3077 5130 3137 5177 et
3157 5116 3350 5189 ’Πατρὶς

1894 5195 2124 5371 ιγοζέἓςί)
2158 5248 2749 5349 Ἐννηθρωπηοκέναι.
2773 5254 2904 5342 {loc
2925 5269 3087 5316 certe
3116 5261 3189 5315 illi
3205 5257 3360 5314 ascribi

1913 5328 1951 5400 tt
1996 5330 2136 5372 uerit
2155 5317 2394 5383 Praxeae,
2415 5329 2470 5372 et
2486 5317 3083 5393 patropassianomm
3109 5329 3361 5400 ἀποφυός,ι

1892 5387 2016 5442 licet
2041 5389 2165 5457 quia
2194 5388 2363 5456 Λόγον
2404 5398 2675 5446 aeternum
2729 5401 2952 5455 asserit
3001 5419 3018 5456 :
3065 5399 3361 5472 spirituale

1892 5458 2068 5522 docet,
2101 5458 2202 5512 boc
2226 5471 2307 5512 est
2332 5460 2514 5513 Deum.
2550 5459 2736 5527 Quasi
2771 5471 2944 5528 solus
2977 5472 3152 5529 Pater
3185 5465 3360 5528 [mss

1892 5535 1998 5593 tus,
2031 5529 2132 5583 boc
2156 5539 2241 5581 est
2265 5529 2408 5582 Deus
2508 5545 2599 5586 uae
2633 5546 2774 5590 erat
2799 5554 2971 5599 mens
2993 5541 3297 5600 Eusemm.
3317 5533 3358 5586 Ι-

1892 5596 2013 5650 Mox
2045 5596 2202 5666 vulgo
2226 5597 2339 5651 ἀλλ’
2378 5567 2483 5670 &fin
2517 5599 2601 5664 ῶς
2629 5612 2691 5659 et
2743 5611 3006 5678 εἰκότως
3063 5616 3226 5687 μόνας
3259 5599 3361 5686 θεᾷ

1893 5683 2061 5792 '‘s-2,-
2077 5666 2412 5721 υτ
2425 5666 2722 5814 ruffam
2753 5691 2819 5738 ..
2846 5683 3028 5758 ‘²2⁰⁹-
3055 5685 3349 5758 W*
