3692 6134
1158 298 1667 362 comtENTAmA
1698 305 1767 362 IN
1803 306 2057 365 LUCAM.

3093 312 3198 377 586

178 416 394 483 τελείας
418 417 480 472 οὐ
509 411 780 492 πρότερον
801 413 1018 473 ἔσεσθαι
1041 416 1134 474 τὸν
1157 416 1539 493 κατακλυσμὸν
1564 423 1614 483 A
1642 430 1817 480 vetur.
1845 421 2054 490 Quibus
2078 422 2243 481 etiam
2267 429 2548 487 commode
2586 433 2797 490 dicetur
2824 436 3201 507 propheticum

179 509 376 575 ωλείας
406 509 515 567 τῶν
548 509 759 565 ἀσεὸῶν
792 527 978 583 φησιν,
1013 512 1046 583 ἢ
1091 510 1422 585 συναχθῆναι
1453 514 1534 578 εἰς

177 605 419 678 ῡυράνιον
467 604 563 658 τοῦ
610 605 746 658 Θεοῦ
781 603 1035 670 κιὸωτδν,
1078 606 1172 660 καὶ
1203 606 1534 678 διασωθῆναι

177 715 221 753 τε
247 697 711 770 εὑρεθησομένους
731 697 825 751 τοῦ
850 696 986 751 Θεοῦ
1021 697 1359 770 ἀνθρώπους,
1392 699 1534 754 κατὰ

177 791 393 863 ἰδειγμα
420 788 482 844 τὸ
509 790 604 844 ὲπὶ
650 789 744 844 τοῦ
779 790 903 844 Νῶε
923 808 936 821 ·
971 786 1053 856 οἷς
1079 791 1172 846 καὶ
1211 791 1532 865 λεχθήσεται

177 882 328 955 αιρόν
377 883 438 936 τὸ
488 881 825 956 προφητικὸν
871 884 1074 938 ἐκεῖνο·
1117 880 1343 951 Βάδιζε,
1380 885 1530 952 λαός

177 977 359 1029 σελθε
393 976 480 1040 εὶς
504 974 571 1028 τὸ
591 972 833 1044 ταμεῖόν
857 986 997 1040 σου,
1030 976 1125 1029 καὶ
1148 974 1219 1028 τὰ
1246 974 1392 1047 ἑξῆς,
1416 974 1530 1042 ἕως

177 1065 358 1121 >edom
401 1056 440 1134 ἡ
484 1065 630 1136 ὀργὴ
677 1067 932 1135 Κυρίου·
965 1066 1156 1139 ὥσπερ
1191 1067 1288 1120 καὶ
1314 1066 1408 1120 ἐπὶ
1434 1065 1529 1122 τοῦ

177 1158 374 1230 οἱησεν,
408 1160 495 1213 ἵνα
537 1159 610 1230 μὴ
648 1157 698 1211 οἱ
741 1157 938 1211 δίκαιοι
985 1157 1388 1214 συναπόλωνται
1417 1159 1532 1222 τοϊς

177 1267 234 1304 ν·
269 1250 440 1314 οὕτως
472 1251 564 1304 καὶ
613 1251 705 1303 ἐπὶ
734 1251 834 1321 τῆς
878 1249 1188 1315 συντελείας
1216 1249 1308 1303 τοῦ
1335 1250 1532 1316 αἰῶνος

177 1359 310 1413 τερον
341 1341 475 1413 αὕτη
511 1341 682 1406 ἔσται,
713 1341 746 1412 ἢ
791 1340 1004 1404 πάντας
1052 1342 1178 1405 τοὺς
1206 1341 1298 1395 ἐπὶ
1324 1341 1428 1413 γῆς
1453 1341 1533 1396 δι-

178 1436 274 1488 καὶ
315 1434 587 1499 θεοσεόεῖς
617 1434 976 1505 ἀφορισθῆναι
1015 1433 1124 1488 τῶν
1158 1432 1394 1498 ὰσεόῶν,
1437 1433 1532 1489 καὶ

1639 513 1769 569 illud
1799 529 1815 567 ι
1849 512 2019 580 Vade,
2059 516 2248 586 popule
2266 535 2431 585 meus,
2461 523 2673 579 introiit
2695 526 2999 584 cubiculum
3030 538 3201 600 tuum,

1637 615 1694 664 et
1743 607 1980 678 reliquam
2032 609 2195 664 donec
2229 620 2462 668 transeat
2516 615 2809 687 indignatio
2862 617 3075 676 Domini
3095 622 3142 655 ⁸⁸
3173 640 3190 679 z

1636 714 1737 757 ceu
1788 699 1926 757 Loto
1976 702 2195 769 accidit,
2226 719 2296 761 ne
2346 707 2475 763 boni
2524 723 2648 765 cum
2703 710 2963 782 improbis
3016 723 3192 772 morte

1636 792 1978 850 irretiantur.
2017 793 2096 851 lta
2135 797 2322 854 saeculi
2363 802 2761 859 consummatio
2783 819 2891 860 non
2923 815 3050 862 ante
3077 822 3205 864 eve-

1637 883 1769 953 niet,
1799 899 1963 957 quam
1987 886 2118 959 justi
2144 897 2413 961 quotquot
2435 890 2490 947 in
2519 892 2652 948 orbe
2677 904 2842 949 erunt
2868 909 2933 952 ae
2963 896 3201 968 religiosi

1638 976 1705 1031 ab
1724 976 1987 1048 improbis
2013 978 2422 1049 discernantur,
2449 991 2613 1053 atque
2640 982 2695 1039 in
2719 984 2928 1042 coelesti
2952 985 3047 1044 Dei
3077 1002 3207 1044 arca

1636 1069 2051 1127 concludantur.
2070 1069 2227 1129 Tunc
2250 1073 2397 1129 euim
2420 1075 2638 1134 nemine
2653 1077 2768 1149 Jam
2791 1077 2934 1135 inter
2956 1078 3208 1139 homines

1631 1159 1783 1230 iusto
1828 1161 2148 1233 superstite,
2199 1163 2298 1221 sed
2357 1164 2675 1239 irreligiosis
2728 1168 2982 1228 omnibus
3038 1181 3203 1244 atquo

1637 1252 1885 1310 scelestis
1926 1257 2030 1313 sub
2062 1255 2388 1315 Antichristi
2430 1259 2627 1316 vexillo
2663 1260 3005 1333 degentibus,
3031 1273 3197 1335 atque

1638 1345 1912 1414 apostasia
1954 1354 2066 1400 toto
2104 1345 2237 1403 orbe
2283 1346 2500 1418 diffusa,
2526 1349 2611 1407 ira
2642 1351 2861 1409 demum
2898 1352 2992 1411 Dei
3017 1352 3207 1424 plenos

1635 1435 1936 1494 sceleribus
1966 1437 2214 1496 homines
2238 1439 2478 1499 invadet.

177 1531 282 1602 ᾗναι
320 1533 399 1594 εἰς
447 1531 545 1602 τὴν
594 1530 911 1603 ἐπουράνιον
944 1530 1038 1584 τοῦ
1091 1530 1228 1584 Θεοῦ
1290 1529 1520 1586 κιᾶωτόν
1540 1546 1559 1565 ·
1627 1531 1771 1588 οὕτω
1816 1533 1928 1606 γὰρ
1985 1532 2183 1608 μηκέτι
2237 1535 2468 1610 μηδενὸς
2516 1537 2726 1597 δικαίου
2787 1541 2849 1598 ἓν
2902 1539 3212 1616 ἀνθρώποις

178 1625 360 1695 μένου,
394 1625 611 1678 πάντων
638 1623 696 1677 δὲ
721 1622 895 1678 ἀθέων
920 1622 1132 1678 ἀσεδῶν
1161 1622 1270 1678 τῶν
1288 1622 1394 1679 ὑπὸ
1420 1622 1516 1679 τοῦ
1565 1625 1930 1698 Ἀντιχρίστου
1956 1629 2276 1699 γεγονότων,
2301 1628 2404 1702 τῆς
2441 1648 2503 1688 τε
2527 1632 2865 1701 ἀποστασίας
2900 1636 3021 1693 καθ’
3082 1636 3213 1710 ὅλης

177 1717 406 1788 ουμένης
450 1717 820 1789 κρατησάσης,
865 1718 899 1789 ἡ
937 1715 1031 1771 τοῦ
1061 1715 1196 1771 Θεοῦ
1221 1717 1359 1791 ὀργὴ
1398 1718 1526 1783 τοὺς
1561 1718 1778 1784 ἀσεθεῑς
1819 1719 2223 1792 μετελεύσεται.

210 1809 411 1879 ἐκείνῃ
430 1809 527 1933 -τὲῖ
562 1808 751 1880 ἡμέρᾳ
780 1809 849 1877 ὃς
879 1806 958 1864 ἂν
987 1808 1160 1864 ἔσται
1185 1809 1286 1863 ἐπὶ
1314 1808 1421 1866 τοῦ

511 1878 758 1949 ώματος,
792 1893 846 1934 κ.
882 1897 934 1934 τ.
965 1878 1016 1933 λ.

177 1974 286 2028 ’,ίνει
320 1972 377 2026 δὲ
421 1972 509 2027 διὰ
539 1965 741 2027 τούτων
785 1971 875 2026 τὸν
917 1971 1060 2026 κατὰ
1109 1971 1218 2025 τῶν
1261 1969 1529 2025 θεοσεδῶν

182 2066 445 2138 ησόμενον
463 2063 700 2136 διωγμὸν
721 2061 824 2118 ὑπὸ
847 2063 942 2118 τοῦ
963 2062 1080 2118 υἱοῦ
1102 2063 1204 2134 τῆς
1233 2062 1526 2128 ἀπωλείας.

179 2179 207 2212 ν
230 2160 286 2212 δὲ
314 2158 527 2230 ἐκείνην
557 2156 812 2229 ὀνομάζει
840 2156 932 2212 τὸν
962 2155 1151 2230 χρόνον
1185 2155 1277 2209 τὸν
1304 2152 1410 2229 πρὸ
1430 2153 1531 2226 τῆς

182 2253 286 2315 ίας,
321 2254 376 2305 ὲν
407 2244 451 2320 ᾧ
476 2267 670 2322 φησιν·
712 2250 777 2303 '0
803 2249 1040 2320 φεύγων
1069 2247 1156 2319 μὴ
1187 2244 1535 2317 ἐπιστρεφέ-

177 2344 260 2412 ιδὲ
299 2337 562 2414 μιμητὴς
606 2340 859 2412 γινέσθω
900 2340 1011 2410 τῆς
1055 2339 1341 2411 γυναικὸς
1379 2337 1530 2407 Λὼτ,

181 2436 247 2489 τὰ
277 2436 336 2489 τὸ
367 2438 556 2505 φυγεῖν
587 2435 680 2489 καὶ
704 2432 808 2499 ἔξω
830 2432 1083 2504 γενέσθαι
1108 2433 1206 2506 τῆς
1229 2430 1534 2504 Σοδομιτῶν

196 2530 493 2601 στραφεῖσα
526 2528 606 2590 εἰς
632 2525 698 2579 τά
733 2524 928 2592 ὀπίσω,
959 2520 1339 2597 ἁπενεκρώθη,
1364 2523 1532 2597 στήλη

177 2622 420 2692 ενομένη.
483 2619 743 2688 Ἀφειδεῖν
795 2617 903 2692 γὰρ
950 2617 1074 2672 τότε
1125 2616 1393 2689 προσήκει
1436 2616 1536 2688 οὐχ

177 2732 309 2768 ντων
342 2713 520 2785 μόνον,
543 2710 679 2766 ἀλλὰ
700 2711 792 2766 καὶ
822 2712 921 2784 τῆς
955 2709 1163 2765 ἑαυτῶν
1191 2710 1334 2782 ζωῆς
1360 2726 1420 2763 τε
1440 2709 1537 2764 καὶ

177 2807 295 2869 τοὺς
339 2806 397 2858 ὲν
436 2804 585 2876 μέσῳ
618 2805 717 2875 τῆς
756 2803 1090 2866 ἀποστασῐας
1120 2799 1536 2872 καταληφθησο-

209 2899 436 2969 μήποτε,
471 2895 819 2967 βουληθέντες
863 2897 963 2966 τῆς
1004 2894 1213 2949 ἑαυτῶν
1251 2893 1537 2966 περιποιή-

187 2990 519 3062 προσκαίρου
552 2987 717 3058 ζωῆς,
751 2987 845 3040 σὺν
876 2984 1046 3059 ταύτῃ
1076 2985 1169 3039 καὶ
1196 2983 1295 3055 τὴν
1320 2983 1538 3038 αἰώνιον

177 3080 514 3146 ἀπολέσειαν,
580 3079 648 3148 τῇ
700 3074 1004 3146 ἀποστασία
1063 3074 1288 3136 ἑαυτοὺς
1356 3088 1538 3143 παρα-

184 3261 257 3330 τῇ
272 3261 442 3315 νυκτὶ
461 3260 698 3315 ἔσονται
713 3257 820 3312 δύο
839 3255 938 3311 ἐπὶ
954 3254 1170 3324 κλίνης
1177 3252 1340 3324 μιᾶς,
1352 3270 1389 3309 κ
1420 3251 1535 3307 τ.λ.

178 3362 251 3424 ’ρα
278 3352 334 3406 δὲ
363 3349 683 3422 θαυμαστῶς
717 3346 810 3402 τὸν
851 3347 951 3419 τῆς
985 3342 1319 3409 ἀποστασίας
1349 3341 1542 3416 καιρὸν

177 3462 191 3497 o
237 3444 490 3515 στέρησιν
529 3442 624 3496 τοῦ
666 3439 853 3514 νοεροῦ
895 3436 1110 3509 λογικοῦ
1153 3434 1332 3509 φωτὸς
1369 3433 1542 3490 νύκτα

177 3559 246 3594 τε·
281 3540 472 3604 νυκτὸς
497 3538 604 3610 γὰρ
632 3538 726 3592 καὶ
753 3533 976 3598 σκότους
1008 3533 1206 3605 χείρων
1231 3532 1268 3604 ὴ
1289 3529 1411 3584 τότε
1434 3527 1543 3585 τῶν

177 3650 272 3687 ιων
302 3631 454 3686 ἔσται
479 3629 811 3693 κατάστασις
847 3625 937 3680 διὰ
965 3625 1065 3697 τὴν
1095 3623 1542 3696 ἐπικρατήσασαν

182 3723 362 3780 ἄνοιάν
387 3739 450 3776 τε
471 3723 567 3775 καὶ
608 3718 834 3792 πλάνην.
861 3715 952 3771 Διό
984 3730 1138 3788 φησι·
1169 3710 1332 3784 Λέγω
1365 3709 1542 3782 ὑμῖν·

177 3829 355 3868 ὀν-ται
383 3810 483 3868 ἐπὶ
511 3810 724 3878 κλίνης
749 3808 845 3864 καὶ
874 3807 982 3862 δύο
1005 3804 1103 3860 ἐπὶ
1123 3801 1423 3875 μυλῶνος,
1456 3792 1545 3868 εἷς

177 3905 576 3977 αμόανόμενος
605 3901 685 3965 ὡς
716 3900 1029 3968 ἀλλότριος·
1065 3893 1176 3965 τῆς
1209 3892 1413 3966 ὀργῆς,
1442 3889 1544 3946 καὶ

177 3998 423 4070 ιέμενος,
455 3995 611 4049 ὥστε
653 3991 728 4062 τῇ
771 3990 918 4063 ὀργῇ
954 3987 1546 4060 παραδοθησόμενος,

177 4093 418 4161 ιυρίσας
441 4085 634 4152 ἑαυτῷ
661 4084 846 4156 ὀργὴν
882 4084 952 4137 ὲν
987 4081 1177 4152 ἡμέρᾳ
1213 4077 1424 4150 ὀργῆς·
1476 4076 1545 4131 δι’

177 4185 369 4254 >idmst
398 4181 488 4234 τὸν
519 4176 796 4251 χωρισμὸν
816 4174 925 4229 τῶν
950 4173 1119 4243 άγίων
1166 4173 1261 4226 καὶ
1282 4166 1546 4240 θεοφιλῶν

193 4272 284 4328 τὸν
313 4272 421 4326 ἀπὸ
442 4270 546 4324 τῶν
574 4267 807 4324 ἀσεὸῶν.
836 4265 954 4319 Ἵνα
987 4263 1095 4336 γὰρ
1126 4262 1202 4335 μὴ
1224 4257 1549 4333 ἀδιακρὶτως

177 4367 272 4421 ὅσα
323 4367 357 4436 ἡ
411 4364 547 4435 ὀργὴ
586 4363 678 4415 καὶ
717 4359 826 4413 τῶν
872 4354 1095 4413 δικαίων
1141 4352 1545 4428 παραλήψεται,

1766 1808 1810 1842 ⁸¹
1838 1809 2149 1883 Quicunque
2177 1811 2273 1869 illo
2299 1815 2389 1872 die
2414 1817 2577 1888 [urie
2598 1820 2657 1876 its
2679 1830 2839 1891 tecto,
2855 1833 2967 1883 etc·

1707 1961 1823 2019 Hoc
1846 1962 1995 2020 dicto
2022 1964 2299 2038 significat
2332 1973 2768 2040 persecutionem
2815 1992 2981 2049 quam
3023 1979 3218 2037 adver-

1639 2068 1734 2108 sns
1765 2053 1941 2111 bonos
1974 2056 2275 2114 concitabit
2319 2061 2643 2131 perditionis
2694 2064 2860 2125 fliius.
2911 2067 3029 2126 Diei
3077 2085 3212 2129 voro

1637 2144 1782 2202 illius
1806 2146 2029 2204 nomine
2062 2148 2302 2220 appellat
2345 2161 2579 2223 tempus,
2619 2156 2764 2227 quod
2789 2161 3213 2217 consummatio·

1638 2251 1763 2292 nem
1811 2237 2062 2309 proxime
2093 2241 2397 2311 precedeu
2429 2258 2539 2313 quo
2588 2254 2857 2314 tempore,
2906 2247 3005 2311 ait,
3045 2265 3207 2308 nemo

1638 2329 1921 2403 respiciat,
1947 2346 2127 2402 neque
2153 2333 2275 2390 Loti
2303 2349 2531 2392 uxorem
2561 2336 2828 2406 imitetur,
2850 2354 2973 2412 qum
3001 2341 3057 2397 in
3080 2341 3209 2415 fuga

1638 2432 1926 2497 postquam
1972 2423 2375 2485 Sodomitarum
2425 2427 2564 2486 fines
2596 2443 2927 2502 excesserat,
2964 2449 3088 2492 cum
3124 2451 3213 2494 re-

1641 2517 1856 2588 spicere
1909 2517 2189 2587 voluisset,
2220 2521 2275 2576 in
2315 2531 2549 2579 mortem
2590 2522 2808 2593 incidit,
2860 2532 3042 2583 statua
3078 2529 3212 2586 satis

1641 2608 1857 2667 effecta.
1907 2609 2173 2684 Prodigos
2202 2613 2350 2670 euim
2386 2624 2517 2673 tuuc
2543 2630 2666 2675 esse
2701 2627 2922 2690 oportet
2970 2635 3080 2676 nou
3129 2622 3212 2680 rei

1640 2700 1931 2760 familiaris
1964 2706 2363 2772 tantummodo,
2391 2720 2581 2764 verum
2611 2709 2775 2767 etiam
2803 2711 2929 2769 vitae
2947 2725 3062 2769 sttae
3093 2712 3214 2769 ani·

1642 2808 1853 2865 maeque
1885 2793 2020 2868 (67),
2058 2811 2153 2853 eos
2181 2797 2274 2867 qui
2330 2797 2385 2852 in
2435 2799 2723 2870 apostasiae
2758 2810 2974 2859 aetatem
3021 2803 3212 2861 incur·

1643 2898 1800 2957 rent;
1826 2903 1895 2945 ue
1927 2888 2054 2945 dum
2101 2889 2345 2946 animam
2376 2904 2532 2948 suam
2575 2906 2905 2952 conservare
2934 2903 3213 2968 tempora-

1644 2980 1790 3050 lique
1820 2981 1946 3037 vite
1972 2994 2202 3053 parcere
2243 2981 2481 3048 student,
2504 2984 2646 3042 banc
2675 2984 2839 3042 simini
2868 2995 2924 3043 et
2947 2997 3210 3045 aeternam

1643 3072 1815 3127 vitam
1844 3072 2116 3140 amittant,
2146 3071 2273 3130 dum
2314 3089 2377 3133 se
2414 3075 2702 3148 apostasia
2754 3077 2932 3137 victos
2975 3081 3210 3152 permit-

1567 3177 1613 3236 (ς
1644 3170 1785 3219 tunt.

1804 3254 1851 3290 ⁸¹
1877 3254 1983 3312 1110
2011 3267 2160 3314 nocte
2182 3258 2288 3313 duo
2308 3269 2463 3315 erum
2493 3261 2552 3317 in
2581 3259 2715 3319 lecto
2736 3279 2864 3327 utro,
2900 3271 3009 3321 etc:

1710 3345 1939 3406 urissco
1964 3348 2249 3405 admodum
2280 3352 2567 3421 apostasia
2601 3364 2811 3427 tempus
2838 3370 2903 3412 ac
2935 3358 3217 3420 rationalis

1641 3438 1928 3496 orbitatem
1973 3439 2194 3498 luminis
2232 3453 2448 3500 noctem
2501 3445 2809 3518 appellavit.
2849 3447 3021 3507 Nocte
3066 3453 3214 3511 enim

1642 3533 1995 3604 tenebrisque
2018 3533 2290 3592 deteriora
2318 3547 2481 3594 erunt
2507 3547 2636 3594 tunc
2673 3539 2954 3599 bominum
2992 3541 3211 3614 ingenia

1640 3633 1863 3696 propter
1884 3623 2111 3682 otius-am
2137 3626 2206 3685 iis
2231 3628 2521 3685 amentiam
2564 3639 2726 3702 atque
2743 3646 3005 3694 errorem.
3021 3634 3215 3704 Quare

1643 3717 1719 3771 ait
1749 3728 1765 3772 e
1801 3715 1940 3774 Dico
1972 3718 2126 3776 vobis
2153 3733 2169 3772 ε
2207 3719 2324 3776 Duo
2346 3731 2507 3777 erunt
2534 3723 2589 3778 in
2621 3722 2783 3789 lecto,
2809 3733 2865 3781 et
2897 3725 3005 3782 duo
3036 3727 3091 3782 in
3124 3727 3214 3798 pi-

1643 3804 1858 3875 strino;
1885 3822 2027 3865 unus
2063 3812 2443 3876 assumendus,
2468 3813 2596 3893 quia
2642 3813 2739 3869 irae
2769 3815 3097 3885 immerens;
3125 3818 3212 3874 al·

1627 3903 1732 3953 ‘ter
1761 3898 2169 3970 relinquendus,
2199 3910 2387 3974 utpote
2423 3903 2607 3960 uitrici
2645 3903 2744 3961 irae
2784 3906 3094 3974 obnoxius,
3124 3909 3220 3982 qui
3341 3962 3350 3971 ,

1646 3989 1751 4045 sibi
1777 3991 2028 4050 videlicet
2046 3992 2186 4050 iram
2213 3994 2603 4053 thesaurisavit
2625 3997 2679 4053 in
2708 3997 2853 4055 diem
2875 3998 2991 4056 irae.
3013 3998 3218 4069 marn-

1646 4081 1835 4138 obrem
1871 4082 2018 4140 sistit
2052 4094 2366 4143 sanctarum
2405 4086 2625 4161 Deoque
2673 4089 2967 4147 ebararum
3005 4093 3218 4147 anima-

1644 4187 1768 4229 rum
1811 4174 1882 4232 ab
1923 4174 2186 4250 improbis
2232 4179 2576 4237 divisionem.
2627 4182 2842 4239 Etenim
2900 4199 2970 4241 ne
3016 4194 3221 4242 temere

1646 4269 2039 4339 superveniens
2070 4269 2204 4326 ultio
2225 4271 2403 4344 justos
2437 4289 2655 4346 quoque
2682 4275 2933 4332 homines
2973 4277 3218 4347 corripe·

1650 4365 1757 4427 ret,
1780 4359 1932 4416 dedit
1964 4373 2176 4420 mature
2198 4377 2415 4435 operam
2444 4366 2589 4423 Deus
2618 4375 2678 4423 ut
2717 4366 2911 4423 Lotum
2949 4362 3219 4423 Sodomo-

178 4458 258 4511 ’ὼν
296 4458 324 4509 ὁ
364 4455 495 4519 Θεὸς
529 4453 714 4525 ὥσπερ
754 4451 844 4504 τὸν
889 4447 1012 4504 Λὼτ
1053 4445 1394 4519 προεξήγαγε
1446 4441 1547 4512 τῆς
1651 4462 1772 4503 rum
1792 4449 1962 4506 exitio
1986 4438 2366 4513 subduceret.'
2395 4453 2656 4511 Sintiiiter
2702 4456 3045 4527 impendente
3078 4470 3217 4514 cou-

177 4570 221 4604 »ν
260 4546 660 4619 καταστροφῆς.
717 4543 819 4597 Τὸν
865 4539 1026 4596 αὐτὸν
1063 4539 1261 4612 τρόπον
1297 4535 1392 4591 καὶ
1439 4535 1546 4606 πρὸ
1576 4522 1622 4579 D
1651 4542 2053 4608 summatione,
2078 4547 2393 4618 priusquam
2448 4548 2646 4620 impios
2688 4549 2823 4605 ultio
2867 4551 3121 4619 invadat,
3149 4566 3220 4609 ne

177 4642 424 4704 πελείας.
459 4641 585 4712 πρὶν
614 4635 858 4691 ἐπελθεῖν
886 4632 982 4706 τὴν
1016 4630 1157 4686 κατὰ
1185 4628 1293 4684 τῶν
1332 4625 1544 4682 ἅσεὸὧν
1651 4652 1774 4691 cunt
1804 4637 2007 4692 mundo
2035 4637 2169 4708 justi
2196 4639 2545 4707 damnentur,
2570 4639 2862 4697 discrimen
2887 4640 2981 4697 θοι
3005 4642 3217 4700 anima·

182 4737 271 4790 ἴνα
296 4735 370 4806 μὴ
393 4735 486 4787 σὺν
514 4731 590 4803 τῷ
612 4732 800 4802 κόσμῳ
824 4725 1224 4800 κατακριθῶσιν
1250 4722 1301 4776 οἱ
1320 4720 1542 4786 δίκαιοι,

177 4829 251 4893 to,-
277 4829 427 4881 ἔσται
453 4826 559 4880 τῶν
583 4822 845 4894 θεοφιλῶν
868 4818 1072 4892 ψυχῶν,
1101 4815 1346 4888 ἀγγέλων
1374 4813 1545 4878 αὑτὰς

183 4919 506 4989 ιζόντωνκαὶ
522 4912 1005 4989 παραληψομένων·
1025 4908 1165 4963 ῶστε
1188 4910 1246 4962 ἐν
1266 4907 1362 4979 μιᾷ
1382 4921 1547 4978 στρω-

177 5016 254 5066 οἶν
296 5009 702 5080 κατακειμένων
737 5008 832 5061 ἕνα
878 5002 976 5075 μὲν
1005 4999 1094 5057 τδν
1127 5000 1219 5054 τοῦ
1237 4996 1373 5053 Θεοῦ
1396 4997 1546 5063 ἀξιον

177 5103 517 5176 ιμὸἀνεσθαι,
552 5102 643 5154 τὸν
668 5100 724 5153 δὲ
761 5099 947 5168 ἓτερον
997 5089 1441 5157 καταλείπεσθαι,
1465 5089 1543 5152 ὡς

177 5199 263 5269 τῆς
298 5197 417 5249 τότε
451 5192 896 5263 καταληψομὲνης
940 5189 1066 5253 τοὺς
1093 5184 1309 5248 ἀσεόεἶς
1350 5181 1541 5255 ὀργῆς.

178 5293 200 5343 ἰ
220 5290 326 5344 τῶν
352 5288 439 5356 ὑφ’
464 5287 545 5340 ἑνὶ
567 5284 767 5356 μυλῶνι
794 5279 1126 5353 ἀληθουσῶν,
1155 5279 1184 5331 ὁ
1207 5275 1367 5340 αὐτὸς
1388 5276 1545 5344 λόγος

202 5379 530 5452 Ἀληθούσας
574 5376 632 5430 δὲ
677 5375 923 5445 ὠνόμασε
967 5371 1064 5437 τὰς
1104 5370 1195 5425 τὸν
1228 5368 1418 5441 εὐτελῆ
1451 5366 1544 5421 καὶ

1650 4740 1770 4781 rum
1806 4725 1914 4783 Deo
1934 4726 2247 4795 cbararum,
2284 4731 2493 4802 angelis
2519 4745 2615 4786 eas
2657 4729 3023 4789 dividentibus
3045 4743 3212 4805 atque

1648 4818 2050 4878 assumentibus
2077 4837 2094 4876 ι
2133 4822 2208 4879 ita
2235 4831 2297 4878 ut
2325 4838 2357 4879 e
2384 4821 2595 4879 duobus
2635 4823 2690 4878 iu
2729 4827 2920 4881 eodem
2951 4825 3093 4884 lecto
3125 4829 3217 4899 ja·

1650 4913 1921 4984 centibus,
1946 4931 2086 4974 unus
2111 4916 2304 4989 dignus
2334 4925 2664 4985 assumatur,
2695 4917 2837 4976 alter
2863 4918 3212 4993 derelinqua-

1652 5017 1769 5072 tur,
1794 5016 1985 5079 utpote
2029 5009 2251 5067 uitionis
2295 5024 2416 5082 quse
2461 5021 2589 5069 tunc
2631 5012 2701 5069 de
2747 5011 2931 5084 impiis
2975 5021 3221 5070 sumetur

1652 5114 1889 5158 merens.
1919 5098 2177 5172 idemque
2201 5103 2410 5160 accidet
2435 5103 2644 5163 duabus
2667 5118 2887 5176 quoque
2909 5105 2964 5160 in
2982 5105 3217 5176 pistrino

1651 5191 2121 5250 comntolentibus.
2153 5194 2416 5251 uolentes
2454 5207 2634 5251 autent
2678 5197 2808 5252 dicit
2859 5196 3123 5262 feminas.
3158 5205 3219 5250 ut

1651 5285 1916 5355 significet
1941 5287 2081 5352 vitis,
2102 5288 2461 5360 pauperrimae
2480 5298 2645 5358 atque
2671 5288 2872 5345 infimas
2890 5287 3219 5344 conditionis

1650 5368 1919 5428 homines.
1942 5369 2197 5431 iacentes
2220 5385 2403 5431 autem
2430 5375 2484 5431 iu
2512 5376 2668 5434 lectis
2699 5376 2857 5444 dicit,
2887 5391 2990 5449 pro
3017 5376 3220 5433 iibera-

177 5582 236 5620 o.
266 5580 415 5628 xxvi,
438 5561 530 5621 ΞΟ.
608 5561 650 5592 ⁸¹
684 5560 815 5616 Luc.
848 5573 981 5624 xvu,
1020 5557 1110 5613 3¹.
1186 5555 1231 5587 ⁸⁸
1276 5553 1410 5612 Luc.
1436 5555 1683 5623 xvia-34.

186 5704 304 5772 Quo
337 5718 495 5758 sensu
546 5702 739 5758 animm
789 5716 1005 5772 quoque
1047 5714 1159 5759 sttae
1200 5697 1457 5772 orodigus
1505 5698 1705 5769 aliquis
1761 5711 1888 5759 esse
1922 5701 2118 5773 possit,
2152 5699 2372 5775 ‘videsis
2410 5699 2552 5772 apud
2582 5695 2872 5756 Eusebium
2918 5694 2970 5751 in
3018 5693 3220 5753 nostris

177 5776 331 5830 rania·
357 5772 693 5844 fragmentis,
724 5773 827 5828 col.
866 5770 991 5826 67¹.

299 5868 563 5930 Pnnox..
615 5867 726 5931 Gn.
775 5866 1000 5929 XXIV.

2867 5851 2955 5913 Ὠ
