3692 6134
278 284 384 341 387

973 289 1241 348 ensem!
1277 291 1741 353 CAEsAmENsts
1776 295 1926 355 091².
1965 297 2142 357 PARS
2179 300 2265 359 ni.
2302 333 2374 350 -
2406 300 2818 361 Exacuunt.

3391 306 3500 365 358

277 410 583 484 qnempiam
626 422 680 464 et
714 414 853 483 apud
896 416 1141 473 homines
1179 417 1449 476 infirmum
1494 422 1832 482 contristavit
1859 426 1902 483 Α
1931 419 1990 474 ἐν
2014 420 2318 494 ἀνθρώποις
2373 423 2661 528 ἐλύπησεν,
2687 421 2814 478 οὔτε
2856 422 2976 477 τινὰ
3013 423 3119 477 τῶν
3173 423 3499 498 ἐπηρμένων

277 518 537 576 unquam,
577 521 749 578 neque
791 509 957 565 uiinm
979 524 1046 565 ex
1080 512 1460 581 arrogantibus
1483 524 1541 569 et
1582 517 1832 586 superbis

274 595 498 652 adortus
526 607 603 654 est
632 616 648 653 ι
681 599 775 654 sed
826 615 943 655 sese
969 603 1219 658 omnibus
1249 620 1470 672 prorsus
1522 606 1831 666 hominibus

276 699 612 745 mansuetum
649 702 704 746 et
731 693 984 749 humilem
1019 696 1185 751 corde
1215 695 1459 752 exhibuit
1485 716 1501 754 ι
1525 713 1649 754 cum
1686 701 1832 756 veri-

275 788 389 836 tate
412 791 588 838 sutem
617 792 669 839 et
710 783 900 841 tiducia
929 788 1180 845 omnibus
1209 789 1459 858 aperiens
1495 805 1582 853 ca,
1609 806 1731 862 quae
1760 793 1829 850 ad

275 870 370 925 Dei
398 869 657 940 judicium
694 875 1028 944 spectabant,
1070 892 1177 933 non
1209 879 1360 950 prius
1392 882 1641 946 cessavit,
1665 897 1829 954 quam

263 959 408 1020 ineis
454 963 627 1020 instar
670 967 1067 1036 splendesceret
1107 982 1206 1039 per
1264 974 1715 1031 resurrectionem
1758 990 1826 1033 ex

270 1055 516 1118 mortuis,
558 1072 715 1126 quam
747 1058 1091 1129 propheticus
1129 1075 1309 1119 sermo
1349 1062 1437 1120 bis
1471 1065 1651 1121 verbis
1693 1066 1826 1124 stib-

270 1144 552 1210 indicavit.
591 1165 611 1200 s
640 1149 1039 1222 Respiendebit,
1076 1161 1135 1209 ct
1160 1169 1267 1210 uon
1306 1164 1637 1213 conteretur.
1664 1176 1686 1213 a
1736 1158 1827 1215 si-

268 1238 483 1307 qnidem
527 1240 673 1296 iiium
727 1251 1008 1300 conterere
1047 1254 1105 1301 et
1148 1246 1492 1319 exstinguere
1544 1247 1829 1307 tentabant

268 1331 336 1396 ii,
372 1332 462 1399 qni
507 1347 695 1389 necem
726 1334 825 1404 ipsi
854 1336 1022 1394 moiiti
1050 1346 1216 1395 sunt:
1245 1339 1443 1395 etenim
1483 1340 1536 1397 id
1568 1341 1823 1400 universo

268 1420 544 1479 hominum
588 1426 772 1496 generi
820 1436 1008 1483 natura
1062 1431 1339 1501 proprium
1386 1439 1503 1499 est,
1551 1443 1614 1489 ut
1648 1444 1825 1493 morte

264 1521 600 1568 conteratur.
622 1513 692 1570 At
723 1528 831 1571 uon
872 1516 1019 1572 ilium
1054 1531 1205 1576 mors
1236 1522 1525 1587 contrivit,
1558 1524 1654 1579 sed
1683 1540 1823 1583 unus

264 1616 471 1671 eornm,
499 1605 589 1676 qni
614 1622 643 1660 a
672 1607 867 1664 saeruio
896 1608 1067 1675 fuere,
1098 1612 1257 1667 morti
1293 1612 1543 1685 superior
1578 1616 1823 1677 eveniam

264 1693 382 1762 iure
408 1697 708 1754 declaratur
732 1716 761 1754 a
791 1703 1071 1772 prophetin
1096 1703 1308 1761 dicento
1344 1718 1364 1762 ι

341 1786 503 1844 Vns.
532 1790 587 1845 4.
627 1808 649 1844 s
670 1789 1091 1864 Respiendcbit,
1128 1804 1184 1852 ct
1208 1812 1314 1853 non
1347 1807 1681 1869 conteretur,
1720 1802 1823 1857 do·

258 1890 363 1935 nec
397 1890 567 1950 pouat
614 1883 669 1939 in
708 1894 850 1941 terra
906 1884 1205 1954 judicium;
1244 1898 1300 1943 et
1337 1890 1393 1945 in
1444 1891 1666 1949 nomine
1704 1892 1822 1965 clus

256 1978 447 2041 tentes
485 1975 798 2044 sperabunt.
844 1996 864 2030 ι
894 1978 1159 2047 Quocirca
1202 1988 1325 2049 post
1369 1984 1821 2043 resurrectionem

261 2074 327 2117 ss
362 2065 586 2122 mortuis
610 2106 628 2134 ,
652 2067 789 2124 iocis
835 2069 1013 2129 instar
1050 2072 1105 2128 in
1140 2082 1254 2129 toto
1282 2075 1416 2130 orbe
1448 2075 1822 2145 resplendens,

255 2166 368 2209 non
395 2155 546 2225 prius
576 2159 845 2227 cessavit,
873 2176 1032 2232 quam
1080 2162 1135 2221 in
1181 2174 1325 2223 terra
1370 2176 1431 2224 ct
1474 2168 1527 2225 iu
1572 2160 1820 2227 Ecclesia

252 2259 354 2301 sus
402 2247 640 2318 regimen
697 2266 761 2309 sc
776 2253 1040 2325 iudicium
1095 2259 1400 2333 ordinaret,
1453 2262 1601 2337 quod
1650 2262 1813 2323 stiam

260 2336 534 2406 ‹iiscipuiis
557 2338 671 2397 suis
696 2344 938 2404 tradidit.

329 2429 494 2489 Vns.
528 2428 588 2493 Β.
613 2450 641 2487 s
670 2432 762 2492 sic
783 2437 917 2495 dicit
944 2438 1204 2502 Dominus
1226 2444 1389 2517 Deus,
1422 2450 1516 2521 qui
1546 2448 1679 2511 iecit
1702 2467 1816 2513 em·

257 2518 391 2587 ium,
416 2530 471 2579 ct
502 2524 620 2581 iixit
639 2525 790 2596 iilud,
814 2529 907 2600 qui
940 2530 1177 2589 iirmavit
1206 2546 1409 2595 terram
1434 2580 1453 2609 ,
1478 2548 1555 2601 'et
1592 2558 1715 2615 qua
1756 2546 1813 2605 iu

252 2610 371 2679 ipsa
398 2623 544 2681 sunt,
569 2618 663 2689 qui
690 2618 781 2676 dat
814 2619 997 2680 flatum
1020 2626 1223 2698 popuio
1252 2642 1355 2687 suo
1384 2630 1439 2690 in
1460 2646 1547 2706 ea,
1570 2644 1625 2693 ct
1648 2636 1816 2709 spiri-

254 2711 371 2760 tum
404 2706 752 2768 catenatione
784 2726 923 2771 cam.
958 2734 980 2771 ι
1026 2717 1325 2779 Admodum
1370 2739 1812 2801 consequeutcrz

256 2810 383 2852 uam
408 2812 548 2871 opus
569 2809 658 2857 est
682 2816 783 2860 nos
814 2806 1065 2867 ediscere
1101 2824 1168 2868 cx
1206 2812 1364 2887 cujus
1403 2832 1631 2887 persona
1667 2819 1811 2880 dicta

255 2890 363 2943 sint
400 2904 521 2961 ηοω
549 2890 618 2948 dc
650 2892 868 2952 Christo
896 2900 1319 2971 praemittuntur.
1346 2906 1480 2975 Quia
1507 2910 1650 2967 enim
1674 2927 1809 2969 cou-

254 2974 435 3035 i'crtim
484 2981 644 3040 initio
684 2985 899 3045 dixerat
950 2993 1294 3065 propheticus
1337 3012 1538 3066 sermo,
1582 3018 1603 3055 ι
1636 3000 1810 3061 «iacob

1931 686 2157 760 ἀληθείᾳ
2191 688 2250 743 δέ
2294 691 2388 745 καὶ
2438 684 2720 765 παρρησίᾳ
2766 695 2880 756 τοῖς
2912 696 3044 747 πᾶσι
3084 692 3406 751 διαστέλλων
3427 698 3499 755 τά

1931 780 2176 852 περὶτῆς
2196 779 2290 835 τοῦ
2317 778 2452 836 Θεοῦ
2480 782 2732 855 κρίσεως,
2749 785 2844 839 καὶ
2857 784 2919 838 οὐ
2947 786 3207 858 πρότερόν
3237 804 3303 858 γε
3328 789 3498 845 ἐπαύ·

1933 888 2085 939 σατο,
2120 871 2154 946 ἦ
2188 872 2364 945 φωτὸς
2390 872 2547 947 δίκην
2583 874 2856 948 ἐκλάμψαι
2888 876 2976 931 διά
3026 878 3124 949 τῆς
3169 881 3235 932 ἐκ
3288 882 3497 954 νεκρῶν

1930 962 2299 1032 ἀναστάσεως,
2333 965 2402 1038 ἦν
2425 966 2458 1023 ό
2499 967 2832 1038 προφητικδς
2861 966 3016 1037 λόγος
3044 969 3262 1041 ᾐνίξατο
3303 973 3492 1038 εἰπὼν,

1935 1072 1956 1107 s
1994 1055 2323 1130 Ἀναλάμψει
2356 1056 2451 1111 καὶ
2479 1058 2542 1112 οὐ
2583 1058 2999 1131 θραυσθήσεται.
3037 1080 3057 1115 ι
3117 1063 3358 1133 Θραῦσαι
3396 1066 3495 1138 μὲν

1929 1145 2038 1218 γὰρ
2068 1145 2248 1213 αὑτὸν,
2274 1148 2372 1203 καὶ
2393 1145 2695 1203 &maetam
2739 1150 3093 1222 πεπείρανται
3121 1153 3169 1206 oi
3202 1153 3295 1208 τὸν
3337 1155 3490 1212 θάνα·

1923 1254 2018 1294 τον
2050 1236 2200 1310 aba?
2227 1238 2733 1305 κατασκευάσαντες
2753 1256 2769 1272 ·
2798 1241 2921 1295 ἐπεὶ
2944 1244 3038 1297 καὶ
3062 1246 3169 1298 πᾶν
3194 1244 3257 1299 τὸ
3305 1245 3493 1319 θνητὸν

1926 1328 2082 1398 γένος
2131 1328 2345 1400 θανάτῳ
2401 1329 2732 1403 θραύσεσθαι
2787 1332 3049 1402 πέφυκεν.
3099 1336 3237 1390 Ἀλλ’
3287 1331 3351 1392 οὗ
3401 1338 3494 1394 καὶ

1925 1418 2086 1475 αὐτὸν
2131 1418 2422 1494 ἔθραυσεν·
2459 1421 2620 1493 μόνος
2654 1421 2712 1475 δέ
2751 1422 2860 1477 τῶν
2886 1422 2945 1490 ἐξ
2994 1423 3190 1491 αἰῶνος
3216 1420 3300 1491 εἷς
3342 1422 3492 1495 οὗτος

1924 1508 2156 1567 θανάτου
2174 1513 2434 1584 κρείττων
2462 1514 2810 1584 ἀποφανθεὶς,
2843 1516 3066 1581 εἰκότως
3094 1518 3199 1572 ὑπὸ
3220 1516 3320 1589 τῆς
3358 1534 3487 1592 προ-

1923 1602 2149 1674 φητείας
2187 1603 2607 1678 μεμαρτύρηται
2634 1605 2920 1678 φησάσης·

1999 1794 2020 1829 s
2074 1776 2399 1851 Ἀναλάμψει
2419 1779 2513 1835 καὶ
2546 1781 2608 1836 οὐ
2632 1779 3047 1854 θραυσθήσεται,
3069 1783 3174 1850 ἕως
3200 1786 3266 1842 ἂν
3305 1788 3370 1861 θῇ
3400 1789 3491 1845 ἐπὶ

1922 1866 2023 1938 τῆς
2056 1867 2162 1941 γῆς
2199 1870 2400 1944 κρίσιν,
2437 1874 2531 1927 καὶ
2557 1874 2651 1927 ἐπὶ
2671 1874 2750 1944 τῷ
2782 1876 3005 1946 ὀνόματι
3048 1877 3210 1932 αὐτοῦ
3237 1879 3362 1952 έθνη
3400 1884 3488 1937 ἐ).-

1922 1958 2124 2015 πιοῦσι.
2155 1979 2175 2012 ι
2203 1963 2294 2016 Διὸ
2320 1964 2414 2019 καὶ
2463 1964 2600 2035 μετὰ
2647 1966 2748 2038 τὴν
2796 1968 2861 2021 ἐκ
2908 1968 3114 2040 νεκρῶν
3176 1971 3481 2037 ἀνάστασιν,

1921 2049 2098 2119 φωτὸς
2123 2048 2278 2122 δίκην
2295 2054 2378 2116 είς
2411 2052 2586 2109 πάντα
2609 2054 2700 2110 τὸν
2717 2055 2920 2128 κόσμον
2946 2057 3244 2131 ἐκλάμψας,
3268 2062 3330 2115 οὐ
3347 2064 3482 2134 πρό·

1918 2153 2078 2211 τερον
2139 2141 2432 2204 ἐπαύσατο,
2485 2141 2519 2215 ἢ
2558 2142 2909 2211 διατάξασθαι
2960 2145 3053 2200 ἐπὶ
3086 2149 3185 2221 τῆς
3223 2150 3325 2220 γῆς
3385 2153 3483 2223 τὴν

1919 2230 2051 2301 περὶ
2073 2229 2176 2301 τῆς
2189 2231 2512 2304 Ἐκκλησίας
2543 2233 2707 2289 αὑτοῦ
2727 2235 2985 2310 διοίκησίν
3003 2255 3063 2292 τε
3083 2242 3176 2295 καὶ
3202 2223 3485 2317 κρίσιν,’ἦν

1918 2323 2030 2385 τοῖς
2058 2320 2222 2376 αὐτοῦ
2259 2323 2543 2395 παρέδωκε
2587 2325 2874 2399 μαθηταῖς.

1992 2427 2013 2460 s
2050 2410 2208 2467 Οὕτω
2253 2412 2399 2482 λέγει
2427 2414 2628 2489 Κύριος
2653 2419 2683 2472 ό
2713 2417 2847 2483 Θεὸς
2868 2421 2898 2474 ό
2936 2423 3167 2495 ποιήσας
3199 2424 3291 2479 τὸν
3324 2427 3488 2499 οὐρα-

1915 2500 2026 2567 νὸν,
2059 2503 2155 2557 καὶ
2183 2504 2359 2577 πήξας
2399 2505 2580 2575 αὐτὸν,
2609 2509 2639 2562 ό
2667 2509 2971 2582 στερεώσας
3001 2514 3099 2586 τὴν
3133 2517 3257 2587 γῆν,
3283 2520 3381 2574 καὶ
3417 2520 3484 2576 τά

1913 2574 1976 2649 ἐν
2001 2595 2164 2667 αὐτῇ,
2196 2597 2292 2651 καὶ
2315 2596 2491 2664 διδοὺς
2513 2599 2681 2673 πνοὴν
2705 2601 2784 2673 τῷ
2811 2601 2927 2677 λαῷ
2949 2605 3028 2677 τῷ
3054 2607 3142 2661 ἐπ’
3165 2609 3356 2682 αὐτῆς,
3389 2614 3481 2667 καὶ

1913 2682 1978 2740 τδ
2003 2687 2222 2759 πνεῦμα
2253 2692 2368 2753 τοῖς
2395 2690 2660 2747 πατοῦσιν
2700 2690 2891 2765 αὐτήν.
2923 2714 2947 2750 ν
2993 2697 3205 2773 Σφόδρα
3258 2704 3476 2758 ἀκολού-

1911 2772 2020 2841 &oc
2038 2791 2054 2808 ·
2084 2775 2190 2849 χρὴ
2218 2776 2327 2852 γάρ
2351 2780 2501 2851 ἡμᾶς
2524 2781 2716 2852 μαθεῖν
2740 2786 2804 2838 ἐκ
2831 2784 2975 2850 τίνος
3001 2790 3293 2860 προσώπου
3322 2790 3386 2865 ἦν
3402 2795 3471 2848 τά

1909 2867 2039 2940 περὶ
2058 2868 2295 2941 Χριστοῦ
2325 2871 2715 2945 προλεχθέντα.
2755 2877 2967 2950 Ἐπειδὴ
3012 2880 3122 2953 γάρ
3148 2884 3354 2957 ἀθρόως
3369 2889 3465 2940 ἐπ-

1909 2958 2099 3014 ἐδαλεν
2123 2961 2154 3015 δ
2177 2950 2511 3035 προέρητικὺς
2534 2963 2688 3036 λόγος
2708 2969 2767 3020 ἐν
2797 2969 2937 3041 ἀρχῇ
2976 2970 3145 3027 είπιῗυν
3165 3014 3180 3039 ,
3217 2992 3239 3028 s
3280 2975 3465 3030 Ἶακὼό

253 3082 389 3140 puer
410 3087 585 3141 meus,
632 3079 921 3153 suscipiam
964 3097 1089 3141 eum
1122 3101 1137 3140 ι
1166 3084 1329 3146 israci
1376 3090 1579 3150 eiectus
1627 3109 1803 3165 meus,
1839 3056 1884 3114 c
1911 3051 1944 3105 ὃ
1971 3053 2099 3117 παῖς
2131 3068 2255 3124 μω’
2283 3053 2641 3128 ἀντιλήψομῃ
2674 3058 2839 3113 αὐτοῦ
2865 3076 2879 3090 ’
2918 3060 3133 3136 Ἰσραὴλ
3161 3066 3190 3120 ⁶
3214 3066 3469 3133 ἐκλεκτός

253 3165 486 3235 suscepit
517 3181 643 3223 eum
677 3170 856 3229 anima
882 3188 1002 3231 mea
1031 3193 1047 3232 ι
1072 3175 1193 3234 dedi
1230 3180 1475 3251 spiritum
1504 3198 1681 3242 meum
1712 3202 1807 3244 su·

255 3268 352 3318 ner
372 3268 530 3323 eum:
565 3277 587 3313 ι
618 3274 721 3316 nec
743 3261 1071 3322 indicaverat
1096 3268 1218 3338 quis
1256 3270 1370 3328 iiaec
1389 3271 1650 3344 dixisset,
1699 3276 1803 3333 hu·

252 3344 337 3416 jus
383 3347 617 3403 vaticinii
672 3360 949 3408 auctorem
993 3353 1105 3424 jam
1167 3363 1471 3417 necessario
1500 3366 1798 3422 enuntiate

250 3436 597 3502 quamobrem
626 3440 919 3512 subjungit,
955 3461 976 3496 ι
1007 3444 1100 3503 Sic
1125 3447 1255 3504 dicit
1275 3449 1531 3509 Dominus
1560 3454 1700 3512 Deus
1726 3473 1743 3513 ι
1779 3477 1799 3511 ι

250 3524 368 3595 ipsc
396 3526 590 3599 quippe
612 3542 750 3597 erat,
774 3533 866 3602 qui
894 3543 950 3589 et
966 3535 1135 3606 prima
1160 3540 1398 3608 protulit,
1436 3552 1490 3598 et
1524 3549 1802 3616 sequentia

247 3617 464 3687 adiecit.
487 3620 742 3688 Quamvis
768 3625 911 3681 enim
939 3642 1035 3684 vos
1059 3629 1321 3700 homines,
1357 3633 1615 3693 invisibiii
1645 3649 1701 3693 et
1723 3640 1805 3695 in·

247 3724 520 3781 corpo-eze
552 3714 641 3768 Dei
671 3716 984 3774 substantiae
1005 3720 1247 3776 videndae
1291 3738 1450 3794 pares
1483 3742 1586 3783 non
1641 3728 1800 3796 sitin

248 3812 307 3856 st
334 3803 491 3874 hujus
516 3805 646 3860 tanti
671 3807 793 3862 coeii
827 3809 1249 3882 magnitudinem
1300 3817 1669 3888 speculantes,
1701 3837 1799 3877 vo·

246 3891 452 3950 hiscum
479 3905 722 3964 reputate
751 3909 984 3969 quiantus
1011 3903 1251 3973 qualisve
1274 3908 1345 3962 sit
1378 3909 1443 3970 is.
1471 3913 1562 3982 qui
1595 3920 1797 3969 tantam

248 3983 369 4040 iixit
397 3987 623 4054 molem,
671 3989 793 4047 binc
826 4000 1023 4049 terram
1070 3995 1239 4067 ipsam
1294 4000 1682 4072 respicientes,
1735 4020 1800 4063 ac

245 4080 667 4150 considerantes,
717 4094 936 4156 quanta,
987 4102 1148 4159 quain
1211 4091 1506 4150 immobilis
1542 4110 1571 4150 a
1603 4096 1798 4154 saecinlo

245 4172 467 4229 tundata
503 4182 559 4231 et
588 4190 683 4231 ceu
730 4178 997 4235 radicibus
1035 4180 1245 4237 tirinata
1282 4188 1353 4240 sit
1376 4225 1393 4252 ,
1427 4185 1499 4242 ita
1530 4196 1682 4244 utne
1711 4189 1793 4246 vei

244 4263 512 4319 tantinum
555 4275 868 4336 moveatur3
924 4270 1155 4342 cogitate
1214 4288 1376 4344 quam
1420 4274 1796 4336 inenarrabilis

244 4357 416 4413 virtus
444 4357 514 4413 sit
542 4358 679 4428 cius,
714 4360 804 4429 qui
836 4360 1071 4418 iirmavit
1104 4378 1222 4420 eam
1243 4405 1260 4432 ,
1304 4377 1360 4423 et
1403 4368 1473 4423 ita
1510 4369 1792 4428 secundam

244 4445 624 4521 fructuumque
674 4449 907 4508 feracem
957 4456 1230 4525 condidit,
1290 4466 1350 4514 ut
1387 4466 1466 4515 tot
1507 4462 1786 4536 aniinaiia,

244 4547 323 4591 tot
346 4538 555 4607 plantas
587 4540 845 4608 proferat.
884 4541 932 4599 is
950 4555 1098 4614 crgo,
1126 4549 1218 4617 qui
1253 4557 1455 4605 tantam
1485 4551 1791 4621 pulchritu-

241 4628 419 4682 dinem
448 4641 505 4684 et
535 4639 734 4686 tautam
760 4633 952 4688 molem
974 4638 1233 4700 condidit.
1264 4640 1522 4700 Dominus
1557 4658 1612 4702 ct
1649 4647 1791 4705 Deus

242 4719 634 4785 universorum,
665 4724 824 4779 etiam
853 4738 938 4793 ca,
971 4741 1089 4798 quae
1107 4732 1356 4803 superius
1378 4737 1520 4793 dicta
1547 4751 1693 4809 sunt,
1721 4743 1789 4801 dc

242 4809 459 4866 Christo
491 4818 888 4881 praenuntiavit.

309 4927 469 4987 Vns.
497 4929 611 4989 6-7.
649 4950 670 4985 s
710 4933 821 5006 Ego
854 4937 1106 4994 Dominus
1136 4939 1275 4998 Dens
1300 4947 1481 4999 vocavi
1525 4954 1577 5002 te
1620 4946 1673 5001 in
1696 4946 1788 5015 ju·

238 5021 383 5076 stitia
417 5040 432 5077 :
465 5032 518 5079 ct
549 5029 942 5095 apprehendam
972 5046 1183 5086 nuanum
1209 5042 1349 5089 tuam
1378 5075 1395 5101 ,
1433 5045 1488 5091 et
1523 5039 1788 5095 corrobo-

240 5114 372 5168 rabo
394 5121 470 5180 te,
497 5126 551 5169 et
575 5117 693 5172 dedi
726 5129 778 5174 te
818 5120 872 5173 in
900 5129 1276 5180 testamentum
1317 5129 1534 5197 generis
1554 5171 1571 5197 ,
1603 5130 1655 5186 in
1699 5131 1781 5188 lu-

235 5221 351 5261 ceiu
379 5209 636 5279 gentium,
663 5219 722 5265 ut
759 5211 996 5282 aperires
1023 5216 1208 5272 oculos
1240 5232 1503 5274 caecorum
1522 5259 1539 5288 ,
1570 5234 1626 5278 et
1652 5223 1784 5279 edu·

234 5313 387 5355 ceres
430 5302 635 5356 vinctos
674 5317 742 5359 ex
784 5304 1014 5360 vinculis
1046 5316 1102 5363 et
1148 5324 1212 5364 ex
1245 5309 1403 5365 domo
1429 5312 1683 5370 custodiae
1731 5324 1784 5371 ct

232 5391 480 5448 sedentes
507 5394 559 5447 in
587 5397 842 5452 tenebris.
882 5416 902 5450 ι
943 5396 1037 5454 iiis
1074 5401 1360 5472 coinpeiiat
1407 5416 1529 5458 cum
1553 5443 1573 5470 ,
1623 5419 1780 5475 quem

233 5485 480 5554 superius
523 5500 744 5555 puerum
770 5505 923 5544 suum
958 5491 1122 5559 dixit,
1147 5492 1234 5547 cui
1261 5508 1317 5548 sc
1343 5494 1589 5562 spiritum
1622 5510 1779 5551 suum

231 5577 479 5634 daturum
503 5593 623 5637 case
646 5581 878 5637 dicebat.
928 5580 1112 5639 Primo
1153 5595 1329 5639 autem
1369 5586 1541 5655 ipsum
1586 5589 1640 5642 in
1683 5589 1775 5659 ln·

230 5669 372 5723 stitia
409 5679 562 5725 vocat
625 5673 956 5728 vocatiouem
982 5674 1101 5745 eins
1131 5691 1228 5744 pro
1264 5677 1523 5747 dignitate
1548 5688 1601 5733 ct
1621 5680 1777 5747 lusti·

211 5763 286 5813 tin
304 5776 584 5832 peragens
613 5779 633 5816 .·
665 5765 857 5823 deinde
906 5781 1030 5824 roro
1072 5783 1131 5826 se
1168 5783 1386 5826 manum
1429 5770 1547 5840 cius
1581 5786 1777 5841 appre-

1914 3159 2038 3215 μου.
2104 3144 2453 3215 προσεδέξατο
2497 3148 2657 3203 αὐτὸν
2711 3151 2745 3221 i,
2793 3151 2937 3224 ψυχή
2991 3171 3093 3225 μου
3119 3172 3134 3187 ·
3190 3156 3366 3213 ἔδωκα
3410 3160 3472 3214 τδ

1910 3232 2126 3306 πνεῦμά
2155 3251 2255 3306 μου
2277 3234 2364 3290 ἐπ’
2394 3237 2556 3293 αὐτόν
2576 3257 2589 3271 ·
2627 3257 2644 3289 ι
2665 3239 2748 3305 τίς
2775 3241 2832 3295 δέ
2858 3238 2925 3314 ἢν
2949 3245 2978 3297 ό
3024 3243 3198 3303 ταῦτα
3238 3248 3472 3320 εἰρηκὼς

1908 3325 1970 3382 οὐ
2002 3326 2364 3400 προεδίδαξεν,
2398 3330 2707 3400 ἀναγκαίως
2733 3333 2826 3387 ἐπὶ
2860 3334 2953 3388 τοῦ
2987 3337 3253 3409 παρόντος
3281 3341 3471 3398 διασα-

1909 3420 2000 3487 φεῖ
2020 3418 2110 3473 τὸν
2136 3417 2307 3473 ταῦτα
2334 3420 2694 3477 τεθεσπικότα
2712 3439 2725 3453 ·
2757 3423 2837 3478 διὸ
2888 3427 3136 3501 ἐπιφέρει
3164 3430 3224 3483 τὸ
3245 3468 3263 3494 ,
3312 3450 3334 3484 s
3365 3432 3470 3488 Οὗ-

1906 3524 2015 3574 τως
2044 3504 2394 3583 εἶπεΚύριος
2426 3513 2455 3566 ό
2478 3511 2609 3577 Θεός
2627 3528 2642 3544 ·
2688 3532 2707 3566 s
2758 3513 2920 3580 αὐτὸς
2946 3518 3054 3590 γὰρ
3074 3514 3141 3589 ἦν
3179 3520 3207 3573 ό
3226 3519 3298 3573 τά
3321 3522 3468 3594 πρῶ-

1905 3610 1972 3650 τα
2000 3597 2255 3671 εἰρηκὼς,
2286 3599 2382 3654 καὶ
2433 3600 2500 3654 τά
2532 3601 2658 3672 ἐξῆς
2685 3602 3081 3675 ἐπιλεγόμενος.
3114 3607 3178 3660 Et
3217 3608 3331 3681 γὰρ
3373 3612 3466 3665 καὶ

1910 3685 2143 3759 μάλιστα
2160 3688 2236 3761 μὴ
2259 3682 2361 3743 οἷοί
2386 3689 2447 3743 τέ
2479 3693 2622 3754 ἐστε,
2659 3693 2844 3762 φησιν,
2875 3695 3029 3766 ὑμεῖς
3076 3698 3125 3749 oi
3165 3696 3461 3770 ἄνθρωποι,

1904 3779 2004 3852 τὴν
2034 3780 2214 3851 ἀφανῆ
2245 3782 2339 3835 καὶ
2366 3781 2650 3854 ἀσώματον
2687 3783 2872 3838 οὐσίαν
2903 3786 3229 3841 ἐποπτεῦσαι
3278 3789 3447 3846 Θεοῦν

1904 3869 2018 3924 ἀλλ’
2047 3870 2438 3943 ἀναῦλέψαντες
2480 3875 2557 3938 είς
2603 3873 2665 3928 τὸ
2692 3874 2917 3946 μέγεθος
2949 3876 3041 3931 τοῦ
3066 3880 3322 3934 τοσούτου
3371 3898 3458 3935 ot·-

1907 3957 2088 4033 ρανοῦ,
2135 3959 2420 4032 λογίσασθε
2470 3963 2651 4028 ὁποῖός
2701 3982 2784 4029 τις
2827 3966 3083 4038 τυγχάνει
3131 3969 3162 4020 ό
3209 3970 3459 4025 τοσοῦτον

1903 4047 2132 4120 μέγεθος
2180 4049 2610 4121 διαπηξάμενος·
2654 4051 2787 4107 ἀλλά
2842 4055 2937 4108 καὶ
2968 4055 3060 4108 ἐπὶ
3089 4055 3188 4128 τὴν
3224 4057 3328 4129 γῆν
3356 4060 3456 4114 αὐ-

1902 4137 2001 4211 τὴν
2056 4138 2476 4210 ἀποόλέψαντες,
2514 4143 2684 4212 ὁπόση
2715 4145 2798 4209 τίς
2819 4145 2955 4209 ἐστι,
2981 4145 3076 4199 καὶ
3101 4146 3176 4211 ὡς
3202 4148 3454 4216 ἀκίνητος

1900 4228 1991 4285 τὸν
2025 4230 2310 4303 σύμπαντα
2341 4234 2513 4288 αἰῶνα
2548 4234 2811 4308 ήδρασται
2838 4237 3197 4311 ἐρριζωμένη,
3235 4242 3332 4295 καὶ
3365 4259 3451 4298 τε-

1901 4316 2291 4396 θεμελιωμένη.
2315 4322 2391 4388 ὡς
2420 4324 2638 4397 μηδαμῆ
2669 4326 2928 4400 μηδαμῶς
2955 4329 3243 4384 κινεῖσθαι·
3272 4333 3452 4406 ἐννοή-

1824 4417 1870 4474 ῐ)
1899 4428 2024 4465 σατε
2077 4413 2210 4486 ὅσης
2248 4414 2485 4488 ἀρρήτου
2520 4417 2750 4490 ὑπάρχει
2788 4417 3065 4491 δυνάμεως
3088 4422 3117 4473 ὁ
3149 4422 3450 4496 στερεὼσας

1897 4502 2084 4575 αὐτὴν,
2106 4505 2327 4576 γόνιμόν
2351 4523 2411 4559 τε
2440 4506 2534 4560 καὶ
2555 4507 2779 4579 καρπῶν
2802 4509 3044 4580 οίστικὴν
3080 4511 3246 4582 αὐτήν
3282 4515 3448 4587 ἀπερ-

1896 4593 2220 4666 γασάμενος,
2241 4596 2317 4661 ὡς
2336 4596 2569 4651 τοσαῦτα
2605 4599 2719 4664 ζῶα
2742 4599 2836 4654 καὶ
2865 4600 3007 4670 φυτὰ
3033 4602 3445 4673 προδάλλεσθαι.

1909 4682 1965 4738 ’0
1987 4683 2051 4757 δὴ
2078 4679 2169 4739 οῦν
2198 4685 2428 4740 τοσαῦτα
2450 4687 2617 4759 κάλλη
2647 4688 2739 4741 καὶ
2775 4688 2977 4762 μεγέθη
3012 4694 3445 4760 κατασκευάσας,

1899 4770 2100 4848 Κύριος
2120 4776 2212 4830 καὶ
2227 4774 2356 4842 Θεὸς
2376 4776 2481 4829 τῶν
2503 4778 2659 4844 ὅλων,
2684 4772 2838 4843 οὗτος
2855 4778 2924 4834 τά
2948 4781 3308 4854 προλεχθέντα
3323 4787 3447 4859 περὶ

1890 4865 1984 4920 τοῦ
2014 4866 2245 4939 Χριστοῦ
2273 4867 2573 4923 ἐθέσπισεν.

1964 4976 1984 5009 s
2031 4956 2171 5029 Ἐγὼ
2192 4959 2391 5033 Κύριος
2417 4962 2445 5014 ό
2468 4961 2598 5025 Θεὸς
2628 4960 2859 5018 ἐκάλεσά
2901 4981 2959 5018 σε
3007 4967 3064 5019 ἐν
3110 4965 3446 5041 δικαιοσύνῃ,

1887 5045 1984 5103 καὶ
2006 5050 2262 5121 κρατήσω
2297 5050 2395 5122 τῆς
2420 5051 2600 5124 χειρός
2636 5069 2749 5119 σου,
2787 5055 2882 5108 καὶ
2920 5055 3182 5128 ἐνισχύσω
3228 5073 3310 5123 σε,
3352 5061 3444 5114 καὶ

1885 5138 2062 5194 Ιδωκά
2083 5156 2141 5193 σε
2163 5142 2241 5204 είς
2272 5139 2533 5213 διαθήκην
2562 5142 2770 5213 γένους,
2806 5147 2887 5210 είς
2920 5146 3034 5216 φῶς
3058 5145 3246 5212 ἐθνῶν,
3303 5149 3439 5204 ἀνοῖ·

1891 5224 1978 5293 ξαι
2000 5227 2306 5299 ὀφθαλμοὺς
2349 5229 2563 5300 τυφλῶν
2583 5272 2598 5293 ,
2630 5231 2912 5303 ἐξαγαγεῖν
2940 5237 3005 5290 ἐκ
3046 5235 3259 5308 δεσμῶν
3302 5237 3441 5292 δεδε-

1892 5319 2103 5392 μένους,
2152 5321 2245 5375 καὶ
2289 5319 2348 5387 ἐξ
2390 5321 2537 5376 οἴκου
2585 5323 2848 5396 φυλακῆς,
2876 5328 2968 5381 καὶ
3013 5328 3349 5401 καθημένους
3382 5332 3441 5384 ἐν

1887 5410 2085 5464 σκότει.
2123 5429 2143 5463 ι
2169 5411 2484 5483 Προσφωνεῐ
2514 5413 2570 5466 δὲ
2597 5413 2770 5469 ταῦτα
2796 5415 2874 5488 τῷ
2912 5418 3167 5491 ἀνωτέρω
3201 5419 3440 5491 λεχθέντι

1883 5501 2033 5556 παιδὶ
2087 5501 2272 5566 αὐτοῦ,
2322 5496 2367 5572 ᾧ
2410 5503 2471 5557 τὸ
2512 5503 2704 5559 ἐαυτοῦ
2744 5506 2956 5578 πνεῦμα
2984 5507 3172 5563 δώσειν
3203 5511 3437 5581 ἐλέγετο.

1885 5592 2107 5664 Πρῶτον
2133 5593 2191 5650 δέ
2213 5593 2374 5649 αὐτὸν
2400 5594 2460 5648 ἐν
2481 5595 2794 5670 δικαιοσύνῃ
2821 5598 2991 5663 καλεῖ,
3019 5602 3141 5653 κατ’
3171 5600 3325 5668 ἀξίαν
3339 5602 3437 5673 τήν

1881 5683 2069 5755 κλῆσιν
2102 5684 2259 5739 αὐτοῦ
2284 5685 2375 5739 καὶ
2404 5684 2542 5739 κατὰ
2574 5686 2633 5740 τὸ
2659 5686 2861 5743 δίκαιον
2906 5690 3253 5761 ποιούμενος·
3296 5691 3418 5747 ἐπει

1883 5792 1949 5832 τα
1981 5776 2272 5843 κρατήσειν
2302 5777 2399 5843 τῆς
2424 5777 2603 5845 χειρὸς
2639 5778 2825 5848 αὑτοῦ,
2849 5781 2940 5835 καὶ
2957 5780 3231 5848 ἐνισχῦσαι
3249 5782 3434 5848 novos,
