3692 6134
110 371 222 437 ⁵8⁹

1301 354 1798 426 confluam-Ama
1834 366 1900 422 ιΝ
1934 366 2193 424 Lucan.

115 489 413 559 μέλλουσαν
436 484 603 542 αὐτοῦ
627 484 721 540 καὶ
747 485 970 557 μηδέπω
993 483 1268 557 παροῦσαν
1285 482 1701 556 βασιλείαν(68),
1730 490 1778 545 A
1807 481 1935 538 iicet
1959 482 2161 539 Christi
2213 485 2560 558 nondumque
2604 503 2843 558 praesens
2895 507 3140 565 regnum,
3188 511 3361 567 qnan-

115 582 222 637 κᾶν
247 578 512 650 αἰσθητὴν
535 578 739 648 ταύτην
759 577 905 640 τινὲς
930 575 1308 646 ἐφαντάζοντο,
1344 576 1442 648 τὴν
1467 574 1572 630 ἀπὸ
1595 575 1698 645 γῆς

111 675 196 736 είς
216 671 442 742 οὐρανὸν
468 669 799 741 μετάστασίν
821 685 881 721 τε
900 669 994 722 καὶ
1007 662 1293 738 ἀνάληψιν,
1318 667 1415 739 τὴν
1441 666 1701 739 δευτέραν

111 767 212 819 κειῐι1
251 762 457 828 ἔνδοξον
504 762 670 816 αὐτοῦ
702 761 1042 831 θεοφάνειαν,
1069 758 1166 831 τὴν
1193 757 1443 831 κριτικὴν
1475 758 1571 811 καὶ
1604 752 1699 812 τοῦ

113 858 236 914 κατ’
267 853 425 919 ἀξίαν
459 852 674 922 ἑκάστῳ
710 851 1100 923 διανεμητικὴν
1145 850 1413 916 ἐξουσίαν,
1456 847 1555 920 τὴν
1590 846 1698 902 τῶν

112 948 332 1003 οἰκείων
355 943 521 999 αὐτοῦ
547 944 640 997 καὶ
666 942 873 996 πιστῶν
900 940 1307 1015 θεραπευόντων
1328 939 1695 1011 εὐδοκίμησιν,

112 1041 212 1113 τὴν
256 1037 364 1090 τῶν
408 1019 482 1107 μὴ
514 1034 771 1088 τοιούτων
802 1012 1164 1103 κατάγνωσιν,
1195 1031 1292 1102 τὴν
1321 1029 1430 1084 τῶν
1466 1028 1697 1084 πολιτῶν

109 1129 211 1186 τοῦ
245 1126 507 1198 βασιλέως
541 1125 659 1180 κατ’
693 1122 856 1178 αὐτοῦ
900 1122 1187 1194 συσκευὴν,
1233 1123 1334 1192 τήν
1378 1119 1698 1192 μετελευσο·

119 1221 290 1292 μένην
315 1218 511 1281 αὐτοὺς
541 1213 774 1283 ἐπαξίως
797 1209 872 1268 ὧν
900 1214 1131 1286 ἔδρασαν
1167 1213 1322 1282 δίκην
1346 1229 1359 1243 ·
1393 1210 1564 1265 ταῦτα
1587 1211 1695 1284 γὰρ

116 1311 254 1382 ὁμοῦ
301 1308 478 1363 πάντα
510 1307 598 1361 διὰ
634 1306 743 1360 τῶν
774 1302 1097 1358 ἐκτεθεισῶν
1135 1302 1326 1372 φωνῶν
1351 1302 1556 1374 ἐδήλου.
1583 1300 1697 1355 Καὶ

120 1397 336 1467 πρῶτον
370 1394 469 1466 μὲν
501 1393 783 1465 ἄνθρωπον
816 1392 976 1456 αὐτὸς
1002 1391 1190 1446 ἑαυτὸν
1217 1389 1462 1462 ὠνόμαζε
1486 1389 1575 1444 διὰ
1598 1389 1695 1463 τήν

118 1489 260 1543 κατὰ
294 1488 467 1560 σάρκα
491 1482 762 1557 γέννησιν,
791 1486 889 1557 τὴν
915 1483 1056 1538 κατὰ
1097 1482 1377 1554 ἄνθρωπον
1409 1482 1556 1554 αὐτῷ
1604 1499 1698 1536 συ·-

119 1582 363 1633 στᾶσαν·
414 1578 602 1630 ἔπειτα
649 1576 863 1644 εὐγενῆ,
891 1574 1003 1628 ἀλλ’
1051 1571 1205 1627 οὔπω
1238 1573 1457 1644 βασιλέα
1507 1573 1695 1628 ἑαυτὸν

118 1671 323 1734 ἐκάλει,
359 1669 456 1723 διὰ,
499 1666 560 1721 τὸ
607 1667 829 1739 μηδέπω
855 1668 921 1738 τῇ
955 1665 1203 1736 βασιλικῇ
1245 1664 1373 1738 ἀξίᾳ
1416 1664 1558 1720 κατὰ
1593 1665 1695 1737 τὴν

120 1760 339 1832 πρώτην
378 1757 694 1827 θεοφάνειαν
729 1753 1048 1826 κεχρῆσθαι.
1083 1753 1196 1824 Τῆς
1223 1753 1268 1805 δ’
1296 1753 1575 1823 εὐγενείας
1598 1754 1694 1806 αὐ-

1801 588 1964 642 quain
2018 573 2072 628 id
2117 576 2370 632 sensibile
2421 578 2660 634 nonnulli
2714 589 2917 638 temere
2959 585 3360 656 opinabantur;

1804 664 2211 723 translationem
2238 684 2270 725 e
2297 679 2439 726 terra
2466 668 2520 724 in
2547 671 2777 740 coeium,
2810 674 2866 730 id
2904 685 2987 732 est
3035 682 3361 750 assumptio-

1800 772 1962 826 nem;
2010 761 2304 817 secundam
2341 764 2458 834 eius
2501 766 2793 837 gloriosam
2836 769 3359 844 manifestationem3

1793 842 2139 914 iudiciariam
2166 857 2222 904 et
2251 864 2408 908 snum
2435 854 2629 925 cuique
2650 854 2739 924 ius
2770 858 3080 916 reddentem
3118 873 3361 934 potesta-

1800 944 1909 990 tem
1929 953 1946 1002 3
1974 935 2321 996 familiarium
2345 958 2565 1000 suorum
2583 945 2925 1020 fideliumque
2953 966 3228 1009 servorum
3249 955 3363 1013 col-

1797 1023 2201 1099 laudationem;
2236 1047 2424 1089 eorum
2449 1037 2543 1107 qui
2597 1051 2758 1096 secus
2807 1056 2870 1097 se
2914 1045 3182 1115 gesserint
3226 1061 3359 1105 con-

1798 1114 2236 1187 demnationem;
2269 1122 2468 1181 civium
2508 1127 2565 1182 in
2595 1143 2776 1201 regem
2815 1147 2972 1188 sunm
2995 1136 3360 1207 conspiratio·

1797 1219 1923 1261 nem
1952 1216 2007 1264 et
2036 1208 2362 1280 condignam
2386 1213 2544 1272 lactis
2567 1230 2785 1289 poenam
2823 1240 2838 1279 :
2869 1222 2988 1279 hoee
3016 1226 3160 1282 enim
3195 1226 3355 1284 simul

1795 1300 1975 1354 omnia
2006 1303 2278 1370 praedictis
2304 1306 2488 1364 verbis
2513 1310 2873 1381 significabat.
2915 1315 2982 1372 Et
3022 1318 3200 1388 primo
3235 1320 3359 1391 qui-

1796 1384 1919 1443 dem
1948 1391 2217 1448 hominem
2248 1408 2306 1450 se
2336 1397 2665 1469 appellavit,
2692 1411 2912 1473 propter
2946 1406 3221 1465 carnalem
3253 1423 3355 1465 na-

1797 1475 2063 1534 tivitatem
2086 1517 2102 1546 ‚
2128 1494 2249 1551 quae
2273 1482 2378 1553 ipsi
2409 1495 2470 1540 ut
2501 1486 2708 1546 homini
2745 1493 2990 1566 contigit.
3019 1494 3224 1553 Deinde
3254 1512 3356 1555 no·

1792 1565 1960 1624 bilem
2007 1583 2068 1627 se
2120 1571 2299 1640 dixit,
2347 1590 2454 1632 non
2506 1593 2711 1651 regem,
2754 1583 2880 1653 quia
2921 1585 3067 1656 regia
3113 1588 3353 1644 nondum

1793 1655 2057 1726 dignitate
2116 1660 2172 1715 in
2225 1663 2401 1732 prima
2448 1680 2547 1722 sua
2602 1671 3036 1731 manifestatione
3080 1675 3355 1732 utebatur.

1793 1745 2105 1807 Nobilitatis
2134 1763 2314 1809 autem
2345 1755 2462 1825 ejus
2492 1767 2659 1818 testes
2699 1764 2757 1830 ii,
2786 1765 2880 1836 qui
2909 1781 3077 1839 genus
3109 1767 3256 1826 iilius
3288 1782 3357 1825 ae

121 1852 209 1907 τοῦ
240 1853 512 1922 μάρτυρες
539 1849 587 1902 oi
611 1846 706 1902 τοῦ
732 1847 921 1915 γένους
945 1844 1162 1916 καὶτῆς
1185 1846 1250 1899 ἐκ
1277 1844 1555 1916 προγόνων
1576 1845 1693 1898 δια-
1720 1819 1766 1876 Β
1792 1839 1992 1893 seriem
2019 1843 2425 1912 progenitorum
2447 1849 2667 1919 scriptis
2695 1853 2975 1915 historicis
3006 1860 3356 1917 commenda·

121 1943 275 2012 δοχῆς
299 1941 396 2012 τὴν
431 1939 669 2010 ἱστορίαν
690 1940 873 2009 γραφῇ
900 1935 1368 2008 παραδεδωκότες·
1403 1930 1480 1990 ὧν
1520 1938 1550 1990 ὁ
1593 1935 1690 2007 μέν

121 2050 222 2095 τις,
247 2033 348 2103 τὴν
374 2030 514 2084 κατὰ
555 2027 870 2099 ἀνθρώπους
901 2026 1177 2095 εὐγένειαν
1206 2026 1370 2080 αὐτοῦ
1398 2024 1686 2097 παριστὰς,

119 2124 270 2176 ἔνθεν
288 2124 351 2195 δή
378 2122 539 2175 ποθεν
564 2118 938 2190 εὐηγγελίζετο
951 2118 1145 2187 λέγων·
1167 2119 1382 2183 Βίὸλος
1400 2118 1690 2186 γενέσεως

129 2210 336 2279 Ἰησοῦ
380 2208 633 2278 Χριστοῦ
662 2207 797 2262 υἱοῦ
840 2205 1036 2274 Δαόὶδ,
1097 2204 1232 2259 υἱοῦ
1289 2203 1550 2274 ’impaen-
1590 2199 1688 2258 εἷθ’

116 2307 251 2375 ἐξῆς
288 2302 493 2366 τούτοις
551 2302 648 2371 τὴν
683 2299 1029 2369 γενεαλογίαν
1064 2298 1132 2351 δι’
1165 2297 1443 2368 ὲπιδήμων
1483 2295 1691 2368 ἀνδρῶν

114 2397 215 2451 καὶ
246 2394 338 2448 διὰ
381 2390 654 2464 βασιλικοῦ
693 2390 883 2459 γένους
925 2388 1011 2442 ἐπ’
1040 2387 1202 2442 αὐτὸν
1237 2388 1490 2455 κατάγων
1536 2386 1690 2458 ἵστη-

118 2504 235 2541 σιν·
266 2489 295 2539 ό
320 2485 377 2537 δὲ
419 2482 514 2554 τὴν
546 2481 807 2535 ἀνωτάτω
848 2479 942 2534 καὶ
982 2477 1089 2549 πρὸ
1126 2477 1341 2530 πάντων
1376 2476 1586 2530 αἰώνων
1625 2478 1691 2532 ἐκ

118 2578 257 2632 θεοῦ
300 2575 548 2645 γέννησιν
585 2573 749 2627 αὐτοῦ
774 2570 1058 2635 διδάσκων,
1092 2572 1192 2641 τήν
1231 2568 1443 2642 ἀληθῶς
1469 2568 1691 2641 πρώτην

123 2666 216 2717 καὶ
247 2663 409 2732 μόνην
441 2660 717 2729 εὐγένειαν
748 2658 1030 2729 παρεδίδου
1066 2657 1264 2727 λέγων·
1308 2659 1406 2713 Ἐν
1432 2656 1586 2727 ἀρχῇ
1613 2657 1692 2727 ἦν

126 2758 160 2809 ό
193 2755 394 2824 Λόγος,
416 2752 514 2806 καὶ
540 2752 780 2819 ὀΛόγος
801 2747 880 2820 ἦν
910 2748 1061 2817 πρὸς
1091 2748 1199 2803 τὸν
1228 2749 1393 2815 Θεὸν,
1421 2750 1520 2804 καὶ
1549 2749 1693 2816 Θεὸς

125 2843 204 2917 ἦν
233 2849 266 2901 ὀ
293 2847 505 2915 Λόγος.
529 2840 733 2896 Πάντα
763 2840 835 2894 δι’
869 2840 1052 2894 αὑτοῦ
1085 2840 1336 2909 ἐγένετο.

207 2935 495 3008 Ἀλλὰ-γὰρ
514 2927 669 2997 οὗτος
695 2935 724 2986 ό
753 2933 857 3004 πρὸ
886 2932 1097 2984 πάντων
1121 2931 1328 2985 αἰώνων
1351 2931 1479 2997 Θεὸς
1499 2935 1688 3003 Λόγος,

125 3032 408 3102 γενόμενος
433 3026 717 3099 ἄνθρωπος
750 3025 991 3093 εὐγενὴς,
1030 3024 1122 3077 καὶ
1152 3023 1242 3077 τὸν
1271 3023 1366 3076 σὺν
1387 3024 1691 3095 ἀνθρώποις

123 3122 405 3189 διεξελθὼν
466 3120 577 3190 βίον
621 3118 711 3172 τὸν
765 3117 1132 3186 ἐμφερόμενον
1177 3117 1298 3177 ταῖς
1349 3117 1476 3186 περὶ
1526 3116 1689 3170 αὐτοῦ
1717 3152 1760 3211 C

125 3216 509 3284 εὐαγγελικαῖς
539 3212 790 3283 γραφαῖς,
854 3208 990 3280 μετὰ
1040 3209 1137 3279 τὴν
1181 3206 1332 3281 παρὰ
1382 3207 1688 3279 ἀνθρώποις

127 3309 384 3378 αὐτάρκη
432 3300 720 3375 διατριόὴν,
760 3300 994 3357 ἐπανιὼν
1034 3300 1170 3372 πρὸς
1203 3300 1295 3354 τὸν
1340 3300 1534 3354 ἑαυτοῦ
1571 3302 1687 3356 Πα-

128 3399 289 3469 τέρα,
319 3393 584 3467 ἐπορεύθη
610 3397 689 3458 είς
715 3396 899 3466 χώραν
940 3391 1155 3464 μακρὰν
1185 3391 1369 3448 λαόεῖν
1388 3392 1566 3466 ἐαυτῷ
1594 3394 1690 3464 βα-

131 3489 337 3543 σιλείαν
367 3488 459 3542 καὶ
487 3487 837 3558 ὁποστρέψαι.
869 3484 1068 3557 Χώραν
1101 3483 1158 3538 δὲ
1196 3484 1412 3557 μακρὰν
1441 3485 1538 3560 τὴν
1578 3486 1691 3541 ἀπὸ

130 3581 238 3649 γῆς
265 3580 346 3641 είς
370 3578 592 3650 οὐρανὸν
611 3579 793 3634 ἄνοδον
822 3577 1005 3647 ἐδήλου
1023 3574 1158 3646 (69)·
1177 3575 1360 3632 λαόεῖν
1385 3595 1445 3632 τε
1472 3579 1573 3650 τὴν
1591 3579 1689 3651 βα-

132 3672 337 3725 σιλείαν
366 3671 534 3742 αὐτὴν
558 3670 772 3742 ἐκείνην
802 3671 985 3740 φησὶν,
1017 3669 1085 3740 ἢν
1108 3671 1139 3722 ό
1175 3670 1458 3742 προφήτης
1490 3670 1687 3743 Δανιὴλ

128 3766 374 3835 ᾐνίττετο
406 3764 606 3834 λέγων·
639 3763 750 3820 Καὶ
800 3762 928 3817 leot»
963 3762 1097 3828 Υἱὸς
1127 3761 1437 3831 ἀνθρώπου
1463 3761 1562 3817 ἐπὶ
1592 3779 1688 3817 νε-

128 3855 337 3926 φελῶν
369 3857 687 3926 ἐρχόμενος
730 3851 840 3925 ἦν·
882 3854 983 3908 καὶ
1023 3853 1182 3919 αὐτῷ
1223 3853 1401 3923 ἐδόθη
1442 3855 1482 3923 ἡ
1529 3855 1685 3925 ἀρχὴ

129 3948 229 4001 καί
259 3948 298 4013 ἡ
328 3947 484 4018 τιμὴ,
515 3947 613 4002 καὶ
658 3948 698 4014 ἡ
730 3946 1036 4011 βασιλεία.
1073 3942 1148 4000 Εὐ
1187 3945 1245 3999 δέ
1281 3947 1375 4001 καὶ
1399 3948 1461 4000 τὸ
1479 3948 1686 4003 λαόεἷν

127 4039 346 4110 εἴρηται
365 4055 380 4069 ·
402 4040 618 4102 πάντως
647 4038 755 4109 γὰρ
781 4037 873 4092 τοῦ
905 4038 1116 4110 Πατρός
1141 4037 1368 4105 διδόντος
1392 4038 1684 4110 ἐλάμόανε,

128 4129 276 4185 κατὰ
295 4131 355 4184 τό
382 4145 397 4160 ·
421 4131 671 4200 Αῖτησαι
712 4131 843 4200 παρ’
871 4130 1036 4200 ἐμοῦ,
1071 4131 1168 4185 καὶ
1207 4127 1377 4185 δώσω
1413 4146 1510 4186 σοι
1540 4133 1684 4202 ἔθνη

131 4222 250 4288 τὴν
269 4224 662 4291 κληρονομίαν
685 4238 821 4276 σου·
847 4221 883 4275 ἃ
912 4221 975 4293 δὴ
1005 4221 1224 4278 δοθέντα
1247 4222 1394 4295 αὐτῷ
1421 4225 1571 4296 παρὰ
1592 4223 1685 4279 τοῦ

132 4313 368 4367 Παλαιοῦ
392 4315 500 4370 τῶν
532 4315 750 4387 ἡμερῶν
779 4313 1183 4385 ὑποδεξάμενος,
1219 4311 1372 4379 αὖθις
1406 4313 1683 4387 ἐπανήξει.

134 4405 227 4457 Διό
265 4421 393 4477 φησι
425 4405 609 4459 λαόεῖν
647 4407 823 4477 ἐαυτῷ
867 4405 1139 4476 βασιλείαν
1180 4409 1274 4461 καὶ
1316 4407 1681 4480 ὑποστρέψαι·

1789 1937 2013 1996 verunt;
2056 1944 2193 2000 quos
2224 1931 2365 1988 inter
2387 1935 2607 2004 quidam
2644 1941 2771 1997 dum
2825 1946 3118 2004 humanam
3147 1949 3353 2008 Christi

1789 2019 2133 2077 nobilitatem
2182 2024 2437 2092 exhibet,
2481 2029 2563 2085 sie
2603 2032 2950 2103 Evangelium
3002 2054 3162 2098 orsus
3220 2051 3351 2100 ests

1790 2107 1948 2164 Liber
1991 2115 2343 2182 generationis
2393 2117 2522 2173 lesa
2569 2120 2765 2178 Christi
2801 2127 2901 2194 lilii
2948 2128 3204 2198 Danielis,
3246 2133 3354 2204 filii

1789 2199 2075 2255 Abrahami
2118 2203 2183 2257 ⁸¹.
2238 2203 2440 2261 Deinde
2468 2210 2781 2284 genealogia
2810 2231 2911 2286 per
2932 2219 3221 2289 populares
3246 2224 3353 2280 ho·

1790 2288 1968 2344 mines
2017 2305 2293 2363 genusque
2342 2297 2549 2366 regium
2602 2315 2775 2371 usque
2825 2305 2891 2359 ad
2939 2305 3216 2366 Christum
3257 2313 3353 2369 de-

1791 2379 1949 2434 ducta
1970 2420 1988 2448 ,
2030 2381 2085 2435 in
2120 2381 2221 2437 hoc
2252 2395 2527 2453 postremo
2568 2393 2835 2450 consistit.
2860 2395 3015 2454 Alius
3037 2408 3223 2456 antem
3252 2417 3350 2459 su·

1789 2486 2015 2542 pernam
2041 2473 2159 2544 eius
2176 2484 2303 2531 ante
2327 2479 2508 2534 omnia
2541 2482 2738 2540 saecuia
2767 2500 2835 2540 ex
2871 2487 2977 2543 Deo
3015 2491 3349 2550 nativitatem

1791 2562 2013 2630 docens,
2043 2564 2373 2623 nobilitatem
2415 2569 2555 2638 ejus,
2596 2589 2718 2641 qua
2754 2588 2886 2632 vere
2913 2580 3087 2647 prima
3123 2584 3351 2656 solaque

1790 2662 1897 2718 est,
1938 2655 2161 2709 tradidit
2189 2656 2417 2714 dicens:
2459 2658 2525 2715 ln
2547 2662 2808 2734 principio
2845 2676 2958 2722 erae
3001 2665 3258 2738 Veron-a,
3297 2683 3350 2730 et

1799 2737 2025 2796 Verbum
2067 2753 2185 2796 erat
2230 2746 2369 2812 apud
2404 2746 2602 2815 Deum,
2647 2761 2701 2808 ee
2758 2753 2902 2813 Denta
2941 2772 3057 2815 erat
3099 2758 3347 2819 Verbum.

1796 2828 1987 2886 Omnia
2010 2845 2099 2902 per
2121 2834 2291 2902 ipsum
2317 2837 2462 2904 [acta
2493 2853 2611 2896 sunt
2637 2841 2704 2897 ⁸⁰.

1860 2922 2030 2980 Porro
2075 2925 2165 2981 hic
2220 2937 2347 2983 ante
2400 2931 2580 2987 omnia
2632 2935 2830 3012 saecuia
2891 2939 3034 2998 Deus
3088 2943 3349 3016 Verbum,

1794 3013 1971 3072 lactus
1997 3018 2157 3074 homo
2185 3017 2401 3086 nobilis.
2433 3035 2800 3096 peragensque
2837 3029 2979 3087 inter
3008 3033 3254 3093 homines
3279 3039 3346 3094 il-

1791 3105 1882 3163 lud
1910 3108 2033 3165 ritae
2057 3125 2247 3178 genus.
2277 3114 2419 3183 quod
2452 3115 2508 3170 in
2538 3119 2847 3190 evangelica
2877 3123 3079 3196 scripta
3109 3129 3344 3188 relatum

1790 3206 1896 3260 est.
1928 3209 2209 3271 postquam
2242 3203 2376 3260 satis
2402 3217 2527 3260 cum
2580 3209 2897 3267 mortalibus
2935 3225 3182 3273 versatus
3219 3219 3343 3286 luit.

1791 3289 1859 3343 ad
1881 3288 2097 3347 Patrem
2125 3308 2280 3351 suurn
2313 3297 2546 3364 rediens.
2573 3299 2845 3370 proiectus
2874 3316 2957 3361 est
2986 3306 3040 3361 in
3066 3305 3343 3379 regionem

1791 3378 2162 3454 longinquam,
2197 3397 2256 3442 ut
2315 3403 2484 3459 regno
2531 3407 2630 3449 suo
2681 3406 2904 3469 accepto
2955 3410 3343 3458 reverteretur.

1790 3470 1910 3528 lam
1938 3475 2213 3544 regionem
2246 3481 2593 3552 longinquam
2637 3485 2769 3543 dicit
2802 3502 2901 3559 pro
2947 3490 3121 3546 reditu
3151 3490 3207 3548 in
3233 3507 3349 3549 οω-

1791 3561 1900 3619 lum
1936 3581 1951 3620 ι
1986 3581 2208 3638 regnum
2243 3584 2371 3627 vero
2399 3583 2677 3643 acceptum
2707 3576 2840 3634 iilud
2868 3579 3048 3650 ipsum
3075 3581 3171 3648 ait,
3200 3584 3347 3653 qnod

1790 3657 2053 3726 propbeta
2096 3659 2287 3718 Daniel
2334 3662 2592 3722 innuebat
2637 3668 2823 3727 dicens
2864 3686 2883 3727 ε
2924 3671 2990 3727 Et
3029 3687 3159 3730 eece
3176 3672 3347 3733 Filius

1791 3747 2027 3807 hominis
2051 3751 2107 3807 in
2139 3753 2372 3812 nubibus
2397 3758 2754 3826 adventabat;
2795 3760 3004 3833 ipsique
3036 3763 3219 3820 datum
3258 3775 3347 3823 est

1792 3840 2078 3912 imperium
2141 3854 2197 3900 et
2247 3848 2420 3905 honor
2460 3859 2516 3906 et
2568 3867 2790 3924 regnum
2842 3853 2907 3910 ⁸⁸.
2971 3854 3138 3912 Recte
3179 3860 3346 3916 ctiam

1791 3932 1994 3988 dictum
2020 3943 2103 3990 est
2129 3937 2363 4007 accipere
2380 3955 2401 4005 ,·
2423 3953 2646 4008 prorsus
2678 3942 2822 3998 enim
2848 3958 2879 4001 a
2914 3944 3077 4002 Patre
3105 3947 3161 4002 id
3183 3949 3348 4007 dante

1791 4028 2020 4096 accepit,
2048 4030 2342 4084 secundum
2379 4029 2511 4087 iilud
2532 4032 2621 4091 ⁸¹:
2654 4031 2875 4091 Postula
2914 4047 2948 4091 a
2987 4054 3088 4104 nte,
3120 4049 3170 4094 et
3207 4040 3346 4096 dabo

1793 4118 1889 4171 tibi
1912 4130 2085 4187 gemes
2101 4120 2454 4178 haereditatem
2478 4136 2620 4179 tana·
2642 4141 2662 4180 .-
2680 4141 2844 4196 quam
2873 4128 3120 4186 simulac
3142 4131 3209 4186 ab
3227 4131 3344 4186 An·

1790 4208 1944 4279 tiquo
1969 4211 2180 4268 dierum
2207 4216 2509 4285 acceperit,
2539 4218 2721 4273 statim
2769 4231 3089 4277 revertetur.
3135 4219 3345 4279 idcirco

1791 4302 1895 4369 ait,
1922 4304 1990 4359 ad
2021 4307 2393 4378 accipiendum
2425 4310 2527 4365 sibi
2573 4326 2796 4384 regnum
2842 4324 2899 4370 et
2944 4315 3342 4372 revertendum.

1791 4391 2030 4460 Quanam
2064 4406 2245 4452 autem
2285 4399 2492 4454 ratione
2514 4401 2742 4457 reditum
2766 4402 3017 4458 Christus
3042 4403 3233 4471 faciet,
3262 4405 3347 4458 di·

130 4499 226 4551 καὶ
249 4500 393 4562 ὅπως
414 4498 470 4552 δὲ
496 4500 778 4570 ποιήσεται
800 4498 897 4569 την
922 4499 1193 4564 ἐπάνοδον,
1219 4500 1249 4552 ὁ
1274 4499 1414 4564 θεῖος
1429 4500 1685 4553 'Ande-to·
1717 4507 1766 4568 1)
1791 4497 1891 4542 vus
1911 4488 2196 4557 Apostolus
2215 4491 2554 4548 demonstrat
2578 4494 2663 4549 his
2684 4494 2864 4548 verbis
2895 4512 2909 4548 :
2942 4493 3205 4559 Quoniam
3231 4496 3343 4561 ipse

130 4592 221 4656 λος
259 4591 510 4660 διασαφεῖ
541 4591 738 4660 λέγων·
794 4592 912 4643 Ὅτι
953 4590 1134 4658 αὐτὸς
1166 4595 1200 4646 ό
1237 4592 1449 4660 Κύριος
1481 4592 1553 4644 ὲν
1592 4608 1686 4645 κε·

124 4686 440 4753 neowan,
462 4684 532 4737 ὲν
553 4682 721 4752 φωνῇ
753 4683 1146 4753 ἀρχαγγέλου,
1176 4683 1273 4738 καὶ
1303 4684 1375 4736 ὲν
1398 4682 1684 4754 σάλπιγγι

129 4776 281 4830 Θεοῦ
304 4774 698 4843 καταδήσεται
746 4776 862 4829 ἀπὸ
901 4774 1179 4843 οὐρανοῦ.
1223 4776 1287 4828 Ἡ
1315 4775 1372 4829 δὲ
1410 4775 1684 4847 ἀποδημία

125 4870 223 4922 καὶ
261 4868 360 4940 τὴν
404 4868 774 4940 μακροθυμίαν
823 4867 986 4939 δηλοῖ.
1039 4866 1184 4920 Ἔδει
1223 4867 1281 4921 δὲ
1327 4866 1487 4921 αὐτὸν
1523 4867 1689 4935 ἀναγ-

124 4961 301 5024 καίως
360 4962 441 5024 εἰς
495 4961 593 5031 τὴν
649 4960 977 5030 δηλωθεῖσαν
1028 4959 1240 5031 μακρὰν
1292 4957 1473 5030 χώραν
1539 4958 1686 5012 στεί-

122 5052 345 5117 λασθαι,
375 5056 536 5107 κάκεῖ
561 5054 746 5125 χρόνον
770 5051 1042 5124 διατρίψαι
1072 5049 1279 5104 πολλῶν
1306 5051 1497 5104 ἐνεκα·
1527 5049 1604 5114 ὡς
1623 5047 1688 5103 ἂν

122 5147 184 5199 ἐν
208 5146 289 5217 τῷ
319 5147 520 5217 μεταξὺ
544 5148 591 5199 oi
616 5145 775 5199 αὐτοῦ
800 5145 1125 5217 θεράποντες
1161 5143 1255 5214 τῆς
1297 5141 1502 5198 ἑαυτῶν
1525 5145 1690 5214 ἐργα-

124 5238 250 5300 σίας
271 5237 368 5309 τὴν
387 5238 615 5309 δοκιμὴν
646 5237 800 5292 δοῖεν.

199 5470 243 5500 ⁸⁹
265 5469 454 5524 Mattli.
496 5483 535 5536 t,
561 5469 611 5525 Ι.
686 5472 729 5501 ⁸⁰
758 5469 912 5525 loun.
940 5486 976 5534 ι,
1008 5468 1058 5520 ¹.

1792 4578 2046 4635 Dominus
2086 4581 2140 4635 in
2177 4581 2363 4652 jussit,
2407 4585 2463 4636 in
2502 4601 2624 4640 voce
2668 4587 3004 4657 archangeli,
3046 4599 3094 4643 et
3128 4589 3187 4643 in
3217 4592 3344 4645 tube

1794 4672 1891 4729 Dei
1926 4674 2282 4731 descendendo
2317 4676 2445 4732 eoelo
2474 4677 2541 4734 ⁴⁸.
2566 4678 2686 4736 Jam
2704 4678 2793 4736 iile
2817 4681 2995 4736 abitus
3023 4681 3344 4753 patientiam

1787 4778 2003 4835 quoque
2043 4769 2389 4837 exspectandi
2417 4771 2707 4839 significat.
2744 4771 2809 4827 Et
2843 4773 3059 4843 quidem
3090 4788 3345 4830 neccssa-

1791 4855 1929 4910 rium
1980 4864 2099 4911 erat
2154 4866 2211 4911 ut
2259 4858 2374 4929 ipse
2424 4859 2529 4915 iter
2583 4861 2638 4915 in
2677 4861 3023 4932 longinquam
3067 4863 3340 4935 regionem

1788 4946 2116 5018 susciperet,
2148 4947 2332 5020 ibique
2368 4951 2458 5006 diu
2485 4962 2767 5018 maneret,
2797 4968 2960 5023 quum
2998 4955 3121 5011 aliis
3160 4955 3345 5013 multis

1788 5035 1856 5091 de
1886 5037 2083 5103 causis,
2114 5048 2224 5093 tum
2256 5049 2318 5095 ut
2347 5040 2562 5097 interim
2591 5043 2733 5099 servi
2772 5043 2888 5112 ejus
2919 5043 3195 5101 industriae
3231 5059 3343 5100 sua

1791 5129 2173 5187 documentum
2196 5131 2435 5189 ederent.
2549 5141 2562 5159 ⁶

1135 5468 1177 5499 ⁸¹
1202 5466 1338 5522 Dan.
1364 5482 1459 5533 vn,
1482 5467 1572 5522 13.
1645 5468 1690 5499 ⁸⁸
1711 5466 1856 5525 Psal.
1882 5482 1941 5534 ιι,
1964 5469 2016 5525 8.
2110 5466 2155 5499 ⁸⁸
2176 5465 2195 5520 Ι
2218 5465 2410 5524 Thess.
2466 5467 2658 5540 ivuls.

197 5685 308 5755 (68)
358 5683 650 5753 Sequentia
701 5681 1021 5738 conterenda
1080 5688 1204 5735 sunt
1261 5693 1382 5733 cum
1451 5679 1668 5763 Eusebii
1784 5678 2085 5762 non-semei
2108 5679 2162 5733 in
2193 5677 2719 5775 Zheophnninnnel·
2743 5679 2856 5734 vice
2882 5691 3066 5761 versa,
3100 5674 3340 5758 animad-

127 5756 478 5821 ‘theoph-nite
522 5754 661 5822 apud
705 5767 802 5806 nos
844 5753 1142 5820 fragmento
1169 5764 1298 5804 uu.
1345 5747 1413 5804 Et
1452 5751 1665 5819 quidem
1770 5760 1935 5805 vemt
1960 5748 2030 5805 ci.
2059 5746 2199 5803 Lens
2221 5765 2272 5803 in
2291 5762 2388 5803 sua
2418 5749 2767 5817 Theophanioe
2792 5748 3012 5817 Anghca
3044 5748 3304 5802 editione.

123 5826 414 5882 Eusebium
444 5838 562 5892 quae
586 5825 637 5878 in
668 5822 786 5878 aliis
812 5822 1064 5892 operibus
1096 5819 1338 5890 dixerat,
1370 5818 1668 5878 contulisse

1841 5819 1953 5895 (09)
1990 5818 2075 5880 Ci.
2097 5819 2242 5891 apud
2267 5834 2370 5878 uos
2386 5817 2817 5893 Theophanium„
2842 5819 2954 5874 tob.
2971 5816 3081 5872 Qffi
3096 5857 3117 5882 ,
3130 5815 3253 5870 XXxx.
3273 5813 3357 5868 λλ
3371 5867 3395 5886 ,
