3692 6134
961 276 1051 331 ns
1087 265 1622 337 ecetesiasric's
1661 265 2057 339 ‘insomnis
2094 283 2219 339 Lm.
2254 273 2296 340 i.

1611 418 1659 473 A

672 389 825 448 ΚΕΦ.
857 396 927 450 Δ’.

320 499 380 549 ιν
402 485 793 551 Χριστιανοὺς
824 486 1075 553 ἑαυτοὺς
1093 487 1399 559 λέγουσιν,
1431 490 1582 560 οίμὴ

319 570 407 607 ναι
437 553 544 607 τὸν
587 555 721 607 Υίὸν
751 553 858 609 τοῦ
885 557 1032 611 Θεοῦ
1061 559 1512 627 ὁμολογοῦντες.

319 642 374 715 δὴ
397 644 497 714 τῆς
522 643 778 713 ἀληθείας
806 644 962 712 λόγος
994 646 1146 700 ταῦτ’
1184 650 1248 699 ἐκ
1292 648 1583 718 προσώπου

319 734 583 804 ικλησίας·
606 736 656 787 oi
682 734 737 787 δὲ
755 736 847 787 τὸν
862 736 987 788 Υίὸν
1019 736 1112 789 τοῦ
1149 737 1284 790 Θεοῦ
1313 739 1586 810 ἀρνούμε-

319 834 332 876 t
362 824 494 877 Θεὸν
514 820 647 877 εἶναι
691 825 1009 893 φάσκοντες,
1053 827 1145 880 καὶ
1189 827 1338 881 οὐδὲν
1377 828 1581 899 ἕτερον,

319 915 600 986 ,ενοχλοῦσι
641 917 818 990 μάτην
839 921 907 989 τῇ
947 919 1262 991 Ἐκκλησία,
1288 923 1409 984 ταῖς
1456 923 1584 975 Ἰου-

319 1008 543 1079 τομιλεῖν
572 1014 915 1080 συναγωγαῖς
943 1010 1094 1079 δέονς
1126 1012 1190 1064 Τί
1219 1011 1274 1065 δὲ
1306 1012 1400 1066 καὶ
1418 1012 1582 1083 βλασ·

319 1101 412 1169 ρᾶς
460 1100 658 1164 αὐτοὺς
695 1101 1075 1176 περιπείρουσι
1107 1102 1304 1170 λόγοις,
1344 1105 1434 1157 τὸν
1487 1106 1582 1158 ἕνα

319 1191 628 1259 ραντοῦντες
665 1191 775 1262 (¹9)
819 1192 1022 1256 διτταῖς
1066 1195 1408 1266 ὲπηγορίαις,
1440 1198 1487 1249 εί
1516 1196 1580 1269 δὴ

319 1283 525 1353 Πατέρα
554 1283 649 1337 καὶ
663 1283 752 1337 τ’ὸν
768 1285 928 1338 αὑτὸν
945 1283 1069 1338 Υίὸν
1087 1284 1455 1353 ὑποτίθενται;
1473 1288 1582 1340 Καὶ

323 1374 438 1426 ἐστι
460 1373 639 1445 πατὴρ
667 1373 889 1444 μηδενὸς
915 1375 1219 1444 ὑφεστῶτος
1252 1375 1369 1430 υἱοῦ
1390 1393 1405 1442 ;
1427 1378 1582 1441 Τίνος

320 1481 400 1526 αι,
437 1465 510 1535 μὴ
553 1465 994 1538 προῦπάρχοντος
1026 1467 1120 1520 τοῦ
1164 1472 1579 1541 γεγεννηκότος

337 1557 550 1619 πάντως
576 1573 676 1609 που
716 1557 877 1620 αὐτὸς
908 1558 1058 1612 ἔσται
1091 1560 1120 1612 ὀ
1159 1561 1465 1633 σαρκωθεὶς
1488 1564 1582 1616 καὶ

319 1648 351 1699 zi.
421 1648 513 1701 τὸν
569 1650 627 1703 ὲν
704 1647 1010 1721 ἀνθρώποις
1068 1651 1324 1717 διανύσας
1390 1652 1581 1731 θνητὸν

3143 278 3250 343 834

2332 405 2485 462 ΟΑΡ.
2511 406 2598 462 Ν.

1689 495 1846 561 Quod
1872 497 2072 567 frustra
2098 514 2153 552 se
2181 499 2510 554 denominetis
2546 499 2899 565 Christianos,
2928 500 3018 572 qui
3046 498 3094 553 F
3096 501 3249 555 ilium

2053 567 2154 622 Dei
2181 584 2283 622 non
2305 569 2538 639 [utemur
2568 570 2878 627 substitisse.

1755 662 1932 732 Atque
1951 663 2052 718 ista
2080 664 2298 734 quidem
2331 666 2578 720 veritatis
2607 665 2785 719 oratio
2818 672 2902 719 est
2933 678 3031 733 per
3061 662 3249 718 Eccle-

1683 747 1779 803 siae
1801 752 2132 820 praeconium
2176 752 2528 822 proclamata.
2577 752 2655 807 Illi
2716 768 2879 823 porro
2926 754 3017 822 qui
3050 753 3247 809 Filium

1686 836 1781 894 Dei
1823 840 2158 907 inficiantur,
2191 857 2360 899 unum
2388 859 2518 899 vero
2549 844 2720 899 solum
2753 844 2919 898 Deum
2943 858 3062 900 esse
3094 845 3246 900 dicti·

1682 938 1822 995 tant,
1859 946 1959 986 nec
1986 941 2179 1001 practer
2204 934 2353 988 illum
2390 932 2534 990 aliud
2568 954 2582 990 :
2614 950 2872 1006 quorsum
2908 949 2968 1003 se
2990 935 3244 992 molestos

1682 1020 1941 1077 Ecclesia!
1969 1022 2061 1078 Dei
2086 1025 2343 1080 exhibent
2363 1025 2610 1091 ulterius,
2635 1029 2726 1097 qui
2754 1029 2934 1097 potius
2950 1030 3249 1085 debuerant

1682 1112 1966 1182 aggregari
1996 1114 2063 1169 ad
2087 1129 2389 1186 synagogas
2404 1114 2748 1172 Judaeoruxn?
2776 1118 2836 1182 *1⁴
2865 1118 3129 1185 Quorsum
3158 1134 3246 1174 se-

1681 1213 1794 1259 met
1822 1218 2039 1274 quoqne
2071 1205 2215 1275 ipsos
2243 1208 2427 1263 verbis
2459 1209 2831 1278 transadignnt
2871 1210 3252 1281 blaspheman-
3293 1272 3301 1285 δ

1682 1294 1847 1356 tibus,
1881 1310 2045 1349 unum
2074 1296 2264 1359 Deum,
2287 1298 2635 1368 sycophantae
2666 1300 2808 1354 velut
2835 1286 3033 1363 solent,
3064 1302 3252 1356 convi-

1681 1386 1894 1441 ciantes
1922 1402 2020 1457 per
2057 1388 2165 1443 duo
2194 1392 2539 1459 cognomina,
2591 1393 2635 1446 si
2666 1393 2915 1447 eumdem
2952 1393 3126 1463 ipsum
3154 1394 3249 1451 Fi·

1680 1474 1835 1541 lium,
1860 1493 2021 1547 quem
2063 1488 2116 1533 et
2140 1476 2380 1549 Patrem,
2414 1497 2512 1551 per
2539 1482 2719 1537 omnia
2745 1498 2867 1538 esse
2890 1486 3245 1540 contendunt.

1681 1567 1846 1635 Cujus
1872 1570 2073 1624 etenim
2098 1580 2253 1641 pater
2275 1584 2421 1629 esset
2456 1574 2565 1639 illc,
2599 1575 2688 1643 qui
2720 1574 2891 1630 fllium
2918 1592 3025 1631 non
3054 1578 3252 1631 habeat

1681 1660 1771 1728 qui
1801 1659 2101 1716 subsistat?
2133 1662 2301 1734 Cujus
2332 1681 2498 1737 porro
2522 1676 2577 1722 et
2615 1667 2707 1724 ille
2736 1667 2897 1731 lilius,
2944 1668 3098 1735 cnjus
3132 1668 3252 1722 nul·d

1686 1747 1770 1804 lus
1806 1755 2213 1831 praeexstiterit,
2248 1758 2339 1826 qui
2369 1760 2557 1829 genuit
2586 1774 2712 1815 eum
2749 1746 2951 1831 pater?
2979 1760 3135 1817 Unus
3175 1760 3252 1816 si-

319 1852 423 1890 :um
485 1838 731 1901 exsistat,
765 1853 864 1893 nec
894 1838 1064 1918 alind,
1108 1842 1329 1895 omnino
1367 1840 1485 1896 lieri
1537 1849 1645 1897 non
1684 1852 1863 1914 potest
1895 1848 2074 1915 aliter,
2109 1851 2241 1921 quin
2287 1864 2428 1908 unus
2481 1854 2847 1927 idemquessit
2891 1857 3248 1924 incarnatus,

364 1932 414 1985 in
447 1932 664 1987 homine
688 1948 807 1999 suo,
860 1936 1024 1988 vitam
1068 1935 1377 2006 transigens
1418 1938 1728 1994 mortalem.

693 2049 850 2102 xm».
884 2048 962 2103 E‘.

318 2139 1579 2283 mii}10202933‘3525535533ss55‘0·

319 2299 478 2352 ταῦτα
507 2300 732 2367 λέγοντα
768 2299 1054 2354 Σαὸέλλιον
1093 2303 1125 2371 ἠ
1166 2302 1462 2373 Ἐκκλησία
1487 2302 1580 2357 τοῦ

319 2389 407 2443 ita
444 2389 539 2442 καὶ
561 2389 790 2460 δυσσεδῆ
818 2389 1120 2460 τολμῶντα,
1149 2391 1363 2463 μακρὰν
1393 2390 1579 2462 ῆλασε.

323 2481 638 2553 Μάρκελλος
677 2480 1029 2535 ἀνανεοῦσθαι
1064 2484 1341 2556 πειρᾶται,
1372 2499 1583 2555 προκα-

319 2573 572 2645 ζρώμενος
614 2574 674 2627 οὐ
733 2572 944 2645 πιθανῷ
988 2573 1148 2645 λόγῳ.
1196 2574 1329 2630 Θεὸν
1357 2574 1466 2644 γὰρ
1488 2576 1585 2629 ἕνα

319 2665 544 2735 ζόμενος,
573 2665 758 2718 τοῦτον
787 2665 947 2718 αὐτὸν
979 2666 1149 2745 Λόγον
1182 2665 1326 2737 ἔχειν
1363 2667 1421 2720 ὲν
1454 2667 1583 2720 ἐαυ-

319 2773 385 2810 ·ον
419 2757 513 2811 καὶ
548 2757 887 2828 συνημμένον
911 2757 1060 2827 αὐτῷ
1111 2774 1275 2830 φησιν
1296 2776 1311 2792 ·
1349 2759 1584 2814 κᾶπειτα

321 2848 411 2902 εοῦ
438 2850 500 2902 τὸ
531 2849 628 2919 μέν
659 2867 711 2902 τι
737 2848 958 2921 Πατέρα
979 2848 1149 2914 καλεῖ,
1180 2850 1242 2904 τὸ
1265 2851 1320 2905 δὲ
1338 2850 1484 2906 Υίόν·
1508 2853 1584 2916 ὡς

321 2956 356 2992 α
389 2940 480 2992 καὶ
514 2938 762 2993 σύνθετον
790 2941 973 2993 οὐσίαν
1007 2944 1063 2993 ὲν
1095 2942 1267 3011 ἐαυτῷ
1289 2939 1423 2996 εἶναι
1444 2941 1579 3014 (9.0).

339 3029 528 3084 τούτου
577 3031 839 3102 κρείττων
892 3034 948 3084 ὲν
983 3032 1166 3085 κακῶν
1218 3033 1412 3105 ἐκλογῇ
1448 3036 1476 3086 ό
1507 3034 1584 3106 μὴ

322 3120 377 3171 ὲν
422 3120 520 3190 τὴν
549 3118 781 3190 ἄναρχον
815 3122 908 3174 καὶ
937 3122 1228 3192 ἀγέννητον
1265 3123 1359 3176 καὶ
1398 3122 1583 3194 θεῖκὴν

319 3208 389 3261 τὸν
422 3208 583 3262 αὐτὸν
630 3207 674 3260 δ’
731 3205 868 3261 εἶναι
922 3210 1196 3279 ὁμολογῶν
1262 3211 1451 3283 γυμνῷ
1506 3213 1584 3285 τῷ

346 3296 503 3368 Πόσῳ
526 3297 582 3350 δὲ
602 3298 873 3370 ἑκατέρων
903 3299 1125 3369 βελτίων
1146 3302 1174 3353 ὁ
1190 3302 1460 3367 Ἰουδαῖος,
1492 3304 1584 3359 τὸν

2329 2041 2483 2096 ΟΑΡ.
2528 2041 2593 2098 V.

1683 2124 1961 2190 Quomodo
1995 2115 2279 2185 Marcellus
2319 2130 2519 2186 Filium
2550 2134 2645 2189 Dei
2689 2135 2981 2205 abneqavit,
3014 2136 3238 2194 sabellii

2038 2209 2231 2253 sectam
2257 2211 2466 2256 secutus
2487 2214 2535 2257 et
2558 2207 2899 2273 propositum.

1755 2291 2043 2346 Enimvero
2084 2290 2379 2347 sabellium
2408 2307 2531 2348 cum
2562 2296 2674 2350 haec
2694 2306 2958 2361 tueretur,
2990 2307 3246 2365 tanquam

1685 2381 1903 2435 atheum
1953 2381 2229 2435 bominem
2261 2390 2317 2435 et
2341 2381 2504 2452 impie
2541 2386 2821 2453 audacem,
2851 2387 3096 2443 Ecclesia
3130 2389 3248 2457 Dei,

1684 2473 1874 2541 procul
1903 2473 2233 2531 amandavit.
2255 2474 2380 2530 llaec
2400 2477 2589 2532 eadem
2622 2476 2911 2541 Marcellus
2940 2479 3253 2538 instaurare

1686 2565 1901 2620 deinum
1941 2564 2165 2635 satagit,
2215 2573 2477 2633 praetextn
2509 2568 2741 2634 quodam
2793 2558 2945 2632 ussus,
2999 2584 3253 2629 sermone

1684 2670 1792 2710 non
1824 2656 2110 2709 admodum
2138 2655 2423 2725 probabili.
2462 2656 2633 2712 Unum
2669 2658 2813 2712 enim
2865 2657 3035 2715 Deum
3100 2672 3253 2719 recto

1684 2747 1962 2817 professus
1991 2749 2131 2803 hunc
2163 2750 2339 2819 ipsum
2384 2750 2573 2813 Deum,
2602 2750 2942 2807 continuisse
2972 2752 3025 2806 in
3054 2767 3115 2809 se
3161 2753 3251 2808 as-

1686 2841 1866 2893 lirniat
1912 2840 2147 2894 Verbum
2174 2857 2327 2895 suum
2374 2841 2478 2897 sibi
2536 2840 2837 2910 adunitum,
2884 2844 3095 2913 sibique
3120 2859 3250 2902 con·

1685 2942 1913 2986 cretum.
1944 2931 2121 3001 Atque
2173 2934 2300 2987 hinc
2326 2948 2671 3002 progressus,
2717 2934 2862 2990 illius
2895 2936 3054 2992 unius
3084 2953 3249 3008 quem

1687 3024 1860 3079 tenuit
1891 3024 2011 3087 Dei,
2041 3025 2189 3077 aliud
2215 3023 2432 3079 Patrem
2470 3033 2663 3092 vocat,
2721 3027 2867 3081 alind
2910 3024 3129 3096 Filium,
3182 3044 3251 3087 ac

1684 3116 1808 3170 siin
1841 3131 1949 3170 uno
1969 3124 2025 3171 et
2056 3116 2244 3171 eodem
2291 3115 2432 3171 foret
2468 3115 2664 3188 duplex
2700 3119 2947 3188 quiedam
2983 3124 3245 3190 essentia,

1687 3208 1876 3262 eadem
1903 3215 1958 3262 et
1982 3207 2305 3276 composita.
2343 3208 2410 3264 Et
2433 3218 2636 3275 quanto
2665 3209 2888 3280 quidem
2923 3213 3159 3278 rectius,
3214 3227 3249 3270 e

1686 3298 1897 3353 duobus
1931 3298 2109 3364 malis,
2140 3299 2187 3354 is
2211 3298 2302 3369 qui
2328 3299 2588 3364 divinam,
2616 3301 2907 3371 ingenitam
2938 3312 2993 3358 et
3025 3304 3248 3374 impl-in·

319 3387 356 3439 ,ὑ
390 3387 612 3459 διαιρῶν
633 3390 713 3452 εἰς
751 3388 968 3460 Πατέρα
1005 3392 1100 3444 καὶ
1133 3391 1257 3445 Υἰὸν
1279 3394 1581 3467 Μαρκέλλῳ
1607 3376 1651 3435 C
1684 3386 1940 3457 cipiatam
1963 3387 2220 3442 virtutem
2253 3401 2593 3458 nequaquam
2620 3390 2889 3455 dividens,
2932 3406 3098 3446 unum
3127 3406 3249 3449 esse

319 3478 428 3543 ίως,
443 3478 561 3533 οὐδὲ
580 3478 672 3533 τὸν
693 3479 854 3535 αὐτὸν
877 3479 1188 3554 Υίοπάτορα
1213 3484 1352 3537 κατὰ
1377 3485 1469 3539 τὸν
1488 3488 1586 3540 Sa·-

319 3571 502 3639 πάγων,
524 3572 659 3626 ἀλλὰ
690 3573 860 3630 σέόων
889 3573 987 3645 μὲν
1008 3575 1098 3629 τὸν
1116 3574 1268 3641 Θεὸν,
1303 3576 1584 3650 γνωρίζων

320 3663 554 3718 οσδοκῶν
602 3666 694 3720 τὸν
729 3666 960 3737 Χριστὸν
1012 3667 1176 3720 αὐτοῦ
1227 3667 1319 3724 τὸν
1361 3669 1450 3725 διὰ
1474 3671 1583 3727 τῶν

350 3753 499 3828 ἥξειν
530 3757 948 3829 κηρυττόμενον·
987 3758 1048 3813 ὃν
1078 3758 1320 3825 ὶλθόντα,
1349 3762 1470 3816 ἐπεὶ
1506 3764 1581 3837 μὴ

319 3866 394 3913 το,
425 3849 580 3922 δίκην
621 3850 720 3923 τῆς
749 3852 830 3915 είς
870 3848 1033 3905 αὐτὸν
1063 3852 1322 3919 ἀπιστίας
1350 3855 1582 3929 ὑπέσχον

319 3937 507 4006 ἕξουσι.

664 4211 818 4265 xm.
844 4214 932 4279 G'.
1011 4242 1024 4258 .

320 4318 357 4363 νς
383 4300 421 4367 ἠ
455 4299 790 4368 Ἐκκλησία
807 4302 915 4357 τοῦ
951 4302 1101 4358 Θεοῦ
1151 4304 1440 4360 πιστεύει.

327 4390 534 4444 στεύειν
563 4393 642 4456 εἰς
667 4383 759 4447 τὸν
797 4394 1120 4466 ἀφικόμενον
1146 4394 1213 4448 δι’
1239 4395 1403 4467 εὐχῆς
1432 4394 1582 4466 ἔχον-

330 4481 499 4536 ταῦτα
528 4483 866 4555 γνωριοῦσιν·
906 4486 1018 4557 (22)
1041 4486 1132 4539 τὸν
1173 4488 1236 4540 ὲκ
1271 4487 1581 4559 σπέρματος

319 4612 325 4626 .
351 4575 449 4646 τῆς
467 4575 637 4646 αὐτῆς
678 4574 836 4645 ἁγίας
862 4576 1155 4649 Παρθένου·
1193 4578 1287 4631 καὶ
1321 4578 1412 4631 τὸν
1441 4580 1580 4632 ἐνοι-

319 4663 458 4735 οὑτῳ
482 4665 609 4719 Υίὸν
638 4665 730 4720 τοῦ
763 4665 899 4720 Θεοῦ
928 4667 1159 4739 προόντα
1187 4668 1282 4721 καὶ
1310 4668 1582 4732 οὑσιωδῶς

319 4864 483 4920 Paris.
510 4879 636 4936 pag.
663 4863 754 4931 63,
790 4864 876 4937 684

319 5052 988 5175 Ξωδιατικῶςκατοικῆσαι.
1008 5053 1275 5109 M.-—Mox
1297 5057 1458 5124 vulgo
1489 5056 1570 5112 διὸ
1600 5064 1647 5123 D

419 5141 443 5176 ε

1682 3487 1846 3548 atque
1864 3478 2080 3533 unicum
2108 3479 2363 3535 exsertim
2390 3477 2691 3537 affirmavit.
2710 3480 2777 3535 Et
2795 3486 3001 3551 quanto
3029 3483 3246 3551 quidem

1682 3576 1916 3635 utroque
1939 3566 2134 3623 meiius
2158 3566 2401 3634 Jndaens,
2425 3583 2593 3623 unum
2626 3569 2795 3625 Deum
2835 3586 2942 3626 non
2997 3573 3247 3629 dividens

1680 3657 1739 3716 in
1767 3656 1988 3715 Patrem
2019 3667 2073 3715 et
2104 3660 2159 3715 in
2186 3659 2423 3717 Filium?
2464 3661 2607 3731 quod
2635 3660 2915 3718 Marcellus
2959 3664 3110 3720 l’acit.
3136 3663 3248 3721 Nec

1678 3750 1931 3807 eumdem
1974 3751 2117 3820 quod
2167 3750 2435 3807 Sabellius
2467 3752 2615 3816 iacit,
2643 3750 3034 3808 Fufio-Patrem
3079 3754 3250 3810 intro·

1683 3842 1835 3898 ducit
1864 3860 1878 3897 :
1906 3844 2001 3898 sed
2033 3858 2156 3899 cum
2186 3844 2351 3899 Deum
2388 3854 2702 3909 veneretur,
2747 3847 2991 3915 agnoscit
3044 3856 3100 3902 et
3148 3862 3246 3903 ex·

1681 3944 1895 4004 spectat
1921 3934 2191 3991 Christum
2218 3936 2336 4006 ejus
2358 3951 2456 4005 per
2499 3938 2788 4006 prophetas
2815 3939 3191 3993 annuntiatum
3224 3954 3245 3995 a

1681 4035 1841 4091 quem
1860 4037 1979 4076 cum
1998 4024 2321 4090 advenisset,
2340 4025 2465 4094 quia
2493 4039 2597 4079 non
2621 4036 2992 4095 susceperant,
3016 4026 3249 4082 infideli-

1682 4114 1812 4169 tatis
1836 4114 1979 4171 illius
2019 4130 2231 4185 poenam
2284 4115 2549 4171 sufferunt
2588 4117 2765 4172 adbuc
2790 4126 2845 4173 et
2873 4119 3239 4174 sustinebunt.

2282 4196 2476 4279 neap,
2509 4206 2595 4262 vi.

2010 4295 2286 4370 Quomodo
2314 4300 2496 4352 credat
2528 4297 2766 4353 Ecclesia
2797 4297 2911 4353 Dei.

1751 4389 1938 4458 Atqui
1964 4390 2017 4445 in
2051 4390 2218 4456 illum,
2245 4389 2337 4459 qui
2361 4390 2601 4457 advenit,
2642 4390 2870 4445 credere
2910 4389 3241 4459 desiderant,

1681 4482 1796 4537 liaec
1846 4484 1948 4536 tria
1991 4482 2277 4537 manifeste
2331 4482 2736 4538 confitebuntur
2772 4502 2788 4539 ε
2838 4492 3022 4537 natum
3051 4484 3119 4539 de
3154 4498 3243 4538 oe-

1683 4576 1827 4629 mine
1858 4574 2095 4640 Davidis,
2145 4576 2373 4646 ipsaque
2398 4576 2532 4631 adeo
2562 4576 2907 4630 anticuissima
2964 4574 3184 4646 Virgine
3216 4593 3232 4631 ε

1683 4665 1889 4720 Filium
1942 4681 2156 4738 quoque
2206 4667 2301 4723 Dei
2337 4683 2461 4723 eum
2509 4668 2926 4732 inhabitantem,
2960 4668 3048 4738 qui
3088 4669 3239 4739 prius

1741 5057 1853 5131 (2¹)
1884 5056 2099 5129 Γυμνῷ
2123 5054 2204 5122 τῷ
2234 5056 2413 5127 λόγῳ.
2443 5052 2710 5109 Sabellius
2730 5068 2973 5122 namque
3001 5055 3110 5108 vnn
3143 5072 3234 5109 or-

447 5123 590 5192 ολογ.
621 5136 675 5178 et
699 5119 780 5188 οἷς
809 5127 1038 5198 ἑκτραπ.
1062 5136 1117 5178 et
1144 5126 1271 5180 Υίὸν
1311 5128 1405 5180 τοῦ
1431 5129 1565 5182 Θεοῦ
1671 5144 1738 5196 go
1767 5131 2074 5183 Mancinum
2110 5131 2274 5187 clam,
2294 5144 2397 5179 non
2425 5125 2683 5178 exsertim
2716 5123 3113 5189 Σαόελλιάζειν.
3144 5126 3236 5179 Ju-

319 5192 526 5261 θρωπον
557 5204 609 5246 vt
630 5195 723 5247 ἕνα
752 5196 800 5248 δ.
833 5194 921 5246 τὸν
942 5196 1003 5248 Θ.

319 5264 383 5329 lg.
407 5264 919 5331 Συκοφαντοῦντα.
948 5265 1057 5319 lino
1092 5263 1566 5332 συκοφαντοῦντες.

324 5334 656 5398 συκοφαντία
694 5334 820 5386 illud
862 5336 928 5388 de
957 5335 1062 5388 Deo
1095 5337 1407 5401 praedicare,
1433 5340 1573 5403 quod

319 5413 456 5454 erat.
483 5402 535 5455 ln
569 5414 837 5468 postremo
865 5403 968 5458 line
991 5405 1205 5471 capitis,
1225 5403 1349 5456 lerri
1390 5406 1569 5460 forsan

319 5470 500 5542 θνητὸν
535 5470 665 5541 βίον.
689 5470 969 5528 tte-absin
998 5472 1045 5524 εί
1069 5472 1126 5525 δέ
1158 5482 1213 5526 et
1236 5472 1350 5525 υίοῦ
1376 5474 1564 5543 ὑφεστ.

319 5558 359 5591 ιν
397 5543 488 5594 καὶ
512 5558 629 5597 συν.

1669 5198 1768 5253 daei
1835 5200 1996 5254 Deum
2059 5215 2163 5251 nott
2218 5197 2568 5250 dividebant:
2606 5194 2729 5262 qnia
2783 5196 3051 5249 Christum
3097 5197 3233 5263 ι’]ιιε,

1675 5269 1847 5323 adhuc
1870 5278 2236 5335 exspectatum
2265 5267 2573 5324 credebant,
2618 5275 2671 5316 et
2706 5266 2928 5318 cmdunt
2960 5279 3145 5316 verum
3181 5276 3235 5317 et

1676 5352 1882 5391 merum
1922 5339 2211 5395 hominem,
2240 5338 2304 5388 ‹le
2343 5334 2650 5388 hominibus
2674 5332 2932 5388 futurum.
2958 5331 3231 5388 n.-Mox

1682 5404 1840 5469 vulgo
1871 5404 2041 5458 σὲὅων
2064 5406 2156 5458 καὶ
2190 5405 2281 5458 τὸν
2302 5402 2361 5457 Θ.

1739 5474 1855 5544 (22)
1898 5474 2062 5545 Vulgo
2093 5474 2450 5545 γνωρίζουσα
2481 5482 2535 5527 et
2554 5474 2862 5542 ἀπεστάλθη
2890 5472 2961 5530 Μ.
2988 5473 3039 5526 in
3064 5487 3231 5536 corr.;

1669 5560 1793 5599 mox
1834 5544 1989 5615 vulgo
2049 5554 2101 5597 et
2128 5544 2254 5608 Υἱὸς
2300 5543 2393 5597 τοῦ
2416 5543 2568 5616 ἅνθρ.
2603 5545 2661 5597 ὅν
2683 5555 2736 5600 et
2770 5544 2933 5614 τριῶν
2955 5542 3013 5595 δέ
3045 5554 3098 5594 et
3125 5538 3234 5595 εἷεν

319 5612 446 5664 rlar
469 5612 747 5678 ἑνὲαυτῷ
784 5612 956 5668 εἶναι.
1015 5609 1219 5681 Recio,
1274 5625 1331 5667 et
1386 5623 1562 5671 tannen
1665 5614 1861 5669 αποΰλ.
1892 5625 1945 5668 et
1980 5612 2077 5684 τὴν
2112 5615 2208 5685 μὲν
2243 5614 2422 5686 σάρκα
2453 5631 2502 5668 τ.
2538 5631 2587 5667 σ.
2618 5612 2787 5669 Porro
2826 5616 2979 5681 vulgo
3033 5614 3235 5666 σκοπὸν

319 5683 434 5734 aulo
454 5682 602 5750 prius
633 5683 728 5752 legi
758 5693 982 5752 poterat.
1005 5678 1073 5733 M.

1665 5693 1720 5740 et
1749 5683 2182 5755 δογματίζοντες.
