3692 6134
229 349 370 408 tin

1557 331 1626 389 tn
1663 328 1927 388 ttAT'rti.
1967 328 2034 397 X,
2072 328 2160 386 3⁴.

3312 328 3453 386 tt'u

225 468 465 522 dientem
519 458 588 514 ad
644 465 1017 521 contumaces,
1071 453 1367 529 gloriosum
1420 450 1487 507 ad
1516 449 1798 524 ignobiles,
1825 452 1875 508 Δ
1899 447 2043 504 enim
2083 446 2366 516 imaginem
2394 447 2574 516 videt;
2616 462 2713 520 per
2742 447 3058 518 imaginem,
3104 446 3451 518 principalem

223 570 352 612 enm
380 552 470 624 qui
500 549 568 607 ad
594 551 875 607 dexteram
902 548 1079 604 Patris
1115 549 1181 603 ad
1205 560 1300 605 eos
1328 545 1418 617 qui
1448 545 1500 600 in
1528 553 1669 601 terra
1705 543 1792 613 ja-

222 647 446 709 cebant,
481 643 678 699 Filium
708 642 776 698 ad
829 655 1039 707 servos,
1058 640 1293 711 judicem
1322 635 1788 694 condemnandum

224 752 324 806 pro
377 737 462 792 his
499 735 592 805 qui
633 742 792 790 erant
832 732 1194 788 condemnati.
1221 729 1352 799 Quis
1380 744 1487 786 non
1534 728 1790 784 accenda-

225 829 351 885 tur?
388 828 519 896 Quis
566 843 670 884 non
701 826 951 892 stupeat?
973 825 1104 893 Quis
1133 839 1239 879 non
1269 838 1301 879 e
1338 822 1549 878 flamma
1572 823 1670 876 ista
1702 822 1786 875 vi-

227 936 389 975 scera
415 921 676 975 accendat
718 918 853 973 sua?
881 916 941 974 Si
967 933 1073 972 non
1101 930 1288 971 sumus
1319 914 1533 986 lapidei.
1583 922 1642 970 et
1663 923 1788 967 ante

226 1025 510 1067 sermones
549 1024 655 1065 non
699 1018 940 1074 movent,
969 1007 1173 1063 deflere
1216 1022 1314 1062 nos
1334 1005 1607 1070 convenit,
1657 1004 1786 1074 quia

226 1109 480 1169 putantes
524 1114 624 1155 nos
662 1100 866 1164 vivere,
911 1099 1104 1154 mortui
1147 1112 1353 1152 sumus.
1391 1096 1592 1165 Quibus
1631 1094 1787 1151 lesus

225 1206 336 1246 non
361 1191 532 1260 placet
563 1191 726 1255 Deus,
758 1191 855 1245 bos
888 1200 1045 1259 putas
1065 1191 1192 1261 quid
1244 1189 1566 1246 delectabit?
1599 1188 1654 1244 Si
1685 1204 1784 1243 au-

225 1294 336 1338 tem
369 1283 710 1352 pulchritudo
741 1284 796 1338 in
829 1297 993 1338 carne
1025 1293 1288 1348 emortua,
1318 1291 1375 1339 et
1422 1284 1628 1354 lapides
1669 1296 1787 1352 pre-

223 1377 377 1440 tiosi,
404 1385 458 1430 et
503 1374 801 1446 margaritae
829 1374 1072 1440 claritas,
1101 1385 1279 1432 rnovet
1321 1374 1653 1430 alacritatem
1691 1375 1787 1430 ho·

223 1466 421 1532 minis;
447 1480 568 1521 cum
602 1468 739 1522 Deus
765 1467 935 1523 Filius
973 1466 1134 1524 luerit
1163 1468 1336 1534 visus,
1366 1482 1395 1521 a
1424 1483 1530 1537 qno
1560 1475 1616 1522 et
1643 1468 1783 1523 bona

221 1559 328 1612 ista
361 1568 485 1612 sunt
508 1556 673 1621 saeta,
707 1559 976 1627 quomodo
995 1574 1101 1616 non
1127 1573 1253 1614 vere
1289 1559 1468 1615 veniet
1498 1559 1678 1629 passio
1694 1558 1782 1613 illa

222 1648 281 1700 in
333 1647 573 1711 homine,
603 1646 671 1702 de
704 1662 807 1717 qua
857 1647 1059 1704 dictum
1093 1658 1213 1706 ests
1259 1648 1460 1720 Diliges
1506 1649 1785 1703 Dominum

218 1735 395 1790 Deum
440 1746 586 1790 tuum
635 1753 699 1792 ex
737 1739 878 1792 omni
905 1741 1082 1794 anima
1109 1749 1220 1808 tua,
1252 1751 1301 1796 ce
1339 1757 1405 1796 ex
1427 1743 1568 1796 omni
1596 1742 1783 1797 virtute

1896 537 2159 608 agnoseit.
2184 536 2357 594 Filius
2391 526 2554 609 igitur
2585 539 2651 592 ad
2684 552 2785 594 uos
2812 537 2978 603 venit,
3007 551 3112 592 non
3144 545 3323 593 tamen
3352 551 3454 593 noa

1896 619 1971 684 ad
2008 628 2221 698 ipsum;
2261 627 2341 684 vel
2375 643 2515 685 nunc
2556 639 2742 684 autem
2777 644 2875 684 nos
2904 627 2974 684 ad
3018 627 3192 701 ipsum
3229 627 3401 686 simus
3432 643 3453 684 s

1896 718 2038 775 Deua
2063 729 2252 785 vocat;
2279 727 2333 775 et
2361 719 2447 775 bis
2474 721 2564 790 qui
2595 735 2702 776 non
2734 720 3043 784 adveniunt,
3071 718 3264 776 suflicit
3290 734 3453 790 poerra

1894 811 2017 880 quia
2049 824 2154 865 non
2177 809 2450 866 obediunt.
2477 811 2645 866 Vocat
2671 812 2833 866 Deus.
2853 809 2935 865 Ad
2960 811 3114 880 quae?
3139 812 3219 865 Ad
3245 825 3308 866 ea
3331 824 3454 881 quae

1893 902 2084 956 decent
2118 903 2303 958 Deum.
2350 901 2417 956 Et
2452 913 2599 956 certe
2640 902 2911 958 Abraham
2940 902 3155 957 vocavit
3191 900 3351 967 Deus,
3396 912 3453 956 et

1895 992 2148 1061 praecepit
2180 993 2510 1063 unigenitum
2556 993 2747 1048 Filium
2791 1008 2945 1048 suum
2984 991 3186 1049 offerro
3219 992 3344 1050 silii.
3384 990 3453 1047 Et

1895 1087 2105 1139 videtur
2136 1084 2493 1154 perniciosum
2549 1087 2650 1142 bne
2684 1101 2830 1152 esse,
2881 1086 3019 1142 sorte
3049 1086 3146 1142 tibi
3168 1127 3185 1152 ,
3230 1100 3337 1141 non
3369 1093 3451 1143 ta·

1892 1186 2012 1227 men
2048 1172 2311 1241 Abrabam
2343 1173 2613 1229 Abrabam
2642 1174 2785 1229 enim
2834 1173 3043 1231 lucrum
3076 1174 3230 1230 duxit
3256 1198 3268 1232 :
3299 1174 3452 1230 vide·

1892 1264 2086 1319 bantur
2144 1264 2287 1320 enim
2332 1262 2535 1336 jurgari
2588 1266 2794 1320 viscera
2840 1273 2899 1321 et
2949 1264 3294 1335 religiositas.
3338 1261 3448 1320 &d

1890 1354 2066 1408 adhue
2109 1354 2247 1422 apud
2280 1367 2377 1408 nos
2402 1354 2607 1425 jurgari
2643 1362 2901 1423 possunt;
2950 1354 3220 1410 Abrabam
3263 1362 3443 1410 autem

1891 1457 1960 1496 ne
1987 1440 2205 1512 quidem
2237 1440 2498 1498 dubitatio
2545 1441 2675 1506 l'uit,
2721 1457 2820 1498 nec
2864 1443 3150 1511 cogitatus,
3181 1459 3284 1502 nec
3313 1442 3447 1500 dila·

1893 1533 2010 1589 tio:
2043 1532 2139 1589 sed
2188 1532 2471 1588 laetabatur
2514 1531 2787 1589 Abrabam
2812 1573 2829 1599 ,
2871 1534 2996 1602 quia
3041 1534 3283 1590 victurus
3327 1543 3449 1591 erat

1891 1623 2035 1679 lilius
2058 1623 2175 1693 ejus
2208 1623 2423 1681 oblatus
2451 1641 2465 1679 ε
2496 1638 2649 1680 amor
2682 1635 2767 1680 est
2805 1625 2949 1679 enim
2998 1624 3347 1695 religiositas,
3390 1624 3444 1680 in

1889 1730 1995 1787 qua
2037 1726 2093 1771 et
2125 1716 2368 1772 charitas
2396 1725 2764 1782 mensuratur,
2791 1724 2848 1771 et
2886 1712 3112 1772 affectus
3156 1715 3446 1786 impletur:

216 1839 340 1892 rua,
373 1837 425 1883 et
443 1845 508 1884 ex
535 1830 673 1885 omni
694 1831 922 1899 potentio
945 1843 1057 1891 tua.
1077 1841 1126 1886 ct
1156 1842 1322 1888 meme
1342 1842 1390 1888 ct
1417 1848 1568 1887 sensu
1597 1833 1782 1888 tuo⁸⁸i
1813 1799 1858 1859 B
1883 1808 1929 1863 εἰ
1978 1806 2122 1863 enim
2172 1808 2417 1864 cmm„
2465 1823 2573 1862 '¹⁰¹¹
2609 1806 2774 1863 ‘⁰⁰¹3‘
2824 1807 2997 1864 ⁰¹³⁰„
3016 1847 3033 1874 ⁹
3073 1806 3255 1862 ⁰m¹¹³⁸
3292 1815 3452 1862 “⁰¹¹⁸

215 1919 532 1987 Apparente
561 1919 703 1974 enim
756 1919 980 1974 Domino
1028 1918 1179 1988 lesu,
1232 1935 1340 1976 non
1391 1921 1780 1991 derelinquitur

215 2022 352 2078 pars
379 2008 557 2079 aliqua
581 2010 882 2066 dilectionis
906 2009 1020 2075 ulli,
1059 2012 1185 2081 quia
1225 2025 1330 2067 non
1369 2011 1625 2068 dividitur
1647 2012 1779 2068 cha-

218 2098 361 2153 ritas
385 2099 451 2157 ad
481 2098 644 2154 Deum
673 2109 728 2154 et
759 2099 825 2156 ad
877 2100 1143 2165 homines,
1175 2109 1230 2156 et
1257 2102 1325 2157 ad
1352 2111 1597 2158 emortua
1658 2116 1778 2172 qua

216 2189 276 2244 in
311 2197 456 2244 terra
494 2200 619 2242 sunt
657 2191 790 2245 :sed
820 2190 958 2245 sicut
989 2200 1273 2262 antequam
1309 2199 1566 2263 appareat
1588 2194 1691 2259 sol,
1721 2204 1779 2251 et

216 2279 467 2337 lucernis
506 2279 756 2346 fruimur,
796 2292 848 2337 et
885 2283 1068 2338 stellas
1100 2285 1353 2353 patimur,
1383 2296 1439 2340 et
1473 2284 1596 2340 luna
1628 2285 1778 2344 dete-

214 2381 467 2440 ctamur;
497 2388 617 2428 eum
661 2385 840 2430 autem
877 2375 956 2430 sol
990 2375 1150 2431 suerit
1187 2377 1358 2441 visus,
1391 2376 1633 2447 quaedam
1658 2377 1782 2449 qui-

217 2463 347 2517 dem
381 2478 484 2519 non
527 2473 736 2533 parent,
783 2466 1027 2534 quaedam
1067 2475 1247 2521 autem
1298 2475 1355 2522 et
1415 2467 1777 2536 occultantur,

215 2567 416 2609 omnes
440 2562 618 2607 autem
647 2565 968 2610 convertunt
998 2554 1166 2613 facies
1206 2571 1336 2613 suas
1361 2556 1430 2613 ad
1473 2557 1675 2628 solem;
1723 2569 1781 2617 et

217 2660 347 2701 cum
368 2645 534 2702 multa
550 2646 661 2702 sint
688 2648 848 2715 bona,
874 2648 1059 2705 omnia
1083 2649 1230 2705 euim
1268 2651 1408 2707 bona
1438 2650 1632 2710 valde:
1656 2668 1779 2709 cum

215 2746 404 2792 autem
432 2740 804 2808 apparueritis
829 2754 1099 2812 perquem
1124 2741 1226 2798 ista
1254 2740 1419 2807 bona,
1446 2745 1620 2812 bona;
1647 2745 1781 2801 nibil

215 2842 412 2886 eorum
445 2831 586 2901 quod
633 2832 831 2887 bonum
879 2841 963 2889 est
1001 2833 1112 2904 jam
1145 2834 1414 2892 videbitur
1449 2835 1670 2893 bonum.
1720 2837 1783 2911 §i
1873 2823 2168 2901 ,ll-‘iffi

219 2919 348 2990 quis
374 2920 511 2976 vidit
542 2919 767 2994 effigiem
812 2925 981 2990 audit,
986 2914 1599 3007 „sa-emm
1622 2934 1679 2987 et
1702 2914 1797 2987 'ut'

130 3006 449 3082 “avidum
478 3021 539 3071 et
586 3014 887 3072 consentiat
918 3016 1008 3074 bls
1053 3030 1175 3088 qun
1224 3016 1517 3075 dicuntur:
1566 3031 1782 3077 amores

216 3100 373 3160 enim
405 3102 562 3160 clarae
575 3103 956 3174 pulchritudini
988 3108 1317 3165 contendunt
1331 3124 1348 3174 ;
1364 3117 1621 3178 quantum
1636 3109 1779 3165 enim

221 3192 435 3249 bonum
450 3205 534 3250 est
561 3195 705 3265 quod
732 3194 996 3267 diligitur,
1027 3206 1173 3254 tanta
1187 3207 1245 3254 et
1271 3213 1520 3255 mensura
1546 3207 1630 3256 eat
1651 3202 1781 3256 cba-

222 3282 430 3340 ritatis.
479 3283 535 3339 Si
586 3284 728 3342 enim
759 3286 901 3343 oculi
939 3287 1140 3345 suerint
1188 3295 1242 3344 in
1274 3287 1416 3347 facie
1461 3291 1606 3355 boni.
1633 3299 1783 3348 tanta

224 3375 402 3431 motio
421 3375 671 3446 efficitur,
686 3387 942 3449 quantum
963 3387 1017 3434 et
1033 3379 1175 3435 oculi
1198 3379 1397 3436 luerint
1416 3379 1581 3436 moti:
1600 3381 1648 3436 ei
1669 3380 1782 3454 (82)

226 3478 412 3524 autem
443 3471 586 3525 aliud
626 3472 827 3541 aliquid
857 3472 910 3527 in
952 3472 1146 3539 oculis,
1187 3472 1487 3544 duplicatur
1510 3488 1663 3530 amor
1691 3491 1706 3531 ε
1735 3475 1780 3530 si

225 3569 344 3616 tota
367 3559 530 3617 facies
566 3559 729 3618 tuerit
749 3561 911 3628 bona,
935 3562 1097 3618 totius
1111 3562 1290 3619 vultus
1309 3563 1546 3619 charitas
1562 3580 1782 3621 mensu-

224 3660 382 3706 ratur
412 3669 427 3704 ε
463 3651 507 3706 si
529 3661 708 3708 autem
732 3660 787 3708 et
808 3652 912 3707 alia
931 3652 1169 3709 membra
1205 3651 1407 3710 luerint
1432 3654 1592 3716 bona.
1629 3654 1782 3710 addi·

226 3748 283 3792 ta
301 3738 716 3810 pulchritudine,
748 3740 944 3797 crescit
963 3750 1019 3796 et
1046 3741 1388 3798 desiderium.
1411 3739 1570 3800 lesus
1604 3753 1782 3800 autem

228 3838 381 3884 totus
428 3837 515 3885 est
537 3831 730 3893 bonus,
775 3840 829 3886 et
876 3831 1223 3909 vere0bonus,
1258 3832 1385 3889 boni
1423 3832 1564 3889 enim
1607 3831 1784 3889 Patris

225 3917 517 3988 progenies
543 3928 628 3974 est
660 3919 835 3985 bona;
889 3919 1042 3987 cuius
1084 3919 1537 3991 pulchritudinem
1584 3922 1784 3979 clamat

227 4007 430 4063 coelum
468 4021 562 4077 per
583 4022 735 4063 suam
756 4009 1172 4078 speciositatem.
1218 4008 1382 4066 lstum
1420 4011 1690 4068 collaudat
1732 4024 1786 4070 et

229 4095 365 4152 solis
386 4095 655 4165 splendor,
681 4096 841 4151 istum
895 4097 1148 4168 praedicat
1188 4098 1315 4155 luna
1341 4109 1399 4155 et
1421 4101 1704 4171 Incipiens,
1729 4112 1784 4158 et

224 4189 412 4261 plena,
439 4199 494 4245 et
514 4189 786 4245 delicieris.
807 4191 1092 4246 Stellarum
1119 4201 1297 4248 autem
1321 4193 1471 4250 chori
1498 4195 1659 4250 istum
1689 4210 1779 4251 co·

227 4289 451 4348 ronant,
504 4281 598 4337 sed
632 4296 736 4336 uon
778 4296 942 4351 opera
994 4284 1049 4335 in
1077 4281 1258 4347 istum,
1294 4291 1387 4338 aut
1413 4285 1483 4340 ab
1527 4285 1783 4354 operibus

223 4371 400 4444 gloria
419 4371 554 4443 ejus,
581 4371 675 4426 sed
709 4386 773 4427 ex
816 4372 900 4427 sui
940 4381 1149 4430 natura.
1179 4372 1327 4429 Mare
1348 4374 1508 4431 istum
1535 4374 1783 4433 fluctibus

1882 1898 2098 1955 etiamsi
2130 1899 2478 1956 coafleetatus
2508 1897 2709 1968 fueris;
2760 1910 2982 1970 propter
3028 1899 3273 1956 timorem
3305 1900 3453 1975 enin

1884 1990 1929 2046 si
1972 1990 2266 2056 obedieris,
2298 1991 2574 2061 perfectus
2616 2007 2724 2048 non
2767 1990 2910 2055 eris;
2959 2001 3180 2061 propter
3225 1982 3456 2051 commi-

1883 2080 2155 2137 nationem
2206 2092 2387 2137 autem
2432 2083 2716 2152 gehennae,
2747 2083 2872 2137 mali
2903 2084 3045 2138 servi
3093 2079 3289 2137 m'alnm
3319 2098 3451 2154 pro-

1883 2171 2115 2243 positum
2164 2170 2390 2230 babebis
2429 2189 2447 2228 τ
2496 2183 2717 2243 propter
2757 2182 2936 2228 autem
2978 2188 3140 2244 regna
3186 2175 3448 2237 coelorum

1884 2269 2133 2326 voluntas
2179 2278 2266 2326 est
2314 2271 2655 2327 mercenarii.
2708 2271 2840 2339 Quae
2888 2282 3090 2351 autem-
3113 2273 3310 2331 decora
3362 2284 3449 2330 est

1884 2361 2012 2418 viai
2043 2371 2261 2432 stupere
2312 2363 2548 2430 bouum,
2597 2362 2786 2418 mirari
2845 2360 3202 2447 immut'sum,
3260 2381 3448 2424 atuaro

1888 2455 2075 2512 Deum.
2107 2453 2165 2511 Si
2202 2455 2349 2511 enim
2390 2455 2519 2521 scis,
2546 2470 2653 2511 non
2683 2467 2836 2527 potes
2869 2464 2977 2535 non
3001 2456 3255 2528 diligere3
3285 2457 3333 2514 si
3361 2460 3447 2515 vi·

1885 2547 2048 2615 disti,
2088 2562 2195 2603 non
2241 2555 2397 2619 potes
2438 2564 2545 2603 non
2602 2540 2936 2609 coaffectariss
2993 2548 3141 2607 Nihil
3185 2550 3333 2607 enim
3375 2565 3446 2607 ex

1884 2640 2136 2696 omnibus
2174 2654 2294 2708 quae
2337 2648 2493 2704 sunt,
2549 2654 2728 2710 neque
2773 2639 2955 2711 onnia
3000 2640 3191 2710 simul,
3234 2651 3445 2698 tantum

1886 2730 2138 2795 illiciunt,
2166 2745 2199 2801 q
2451 2732 2520 2815 ‘L-
2717 2734 2864 2791 ttius
2891 2734 3134 2791 omnium
3164 2733 3444 2791 Dominus.

2227 2810 2232 2817 ’
2289 2821 2454 2881 Pater
2485 2822 2532 2880 si
2626 2823 2734 2881 erit
2761 2824 2950 2883 visus:
2981 2833 3189 2882 tantum
3219 2826 3364 2883 enim
3395 2827 3445 2886 si

1884 2913 2230 2987 apparuerit,
2279 2914 2416 2970 nibil
2461 2913 2575 2985 lam
2622 2916 2748 2989 quis
2812 2915 3119 2974 sustinebit.
3167 2917 3446 2975 videbitur

1886 3014 2068 3062 autem
2094 3006 2161 3062 ab
2189 3005 2273 3062 his
2300 3004 2391 3075 qui
2430 3007 2629 3065 mundo
2660 3016 2786 3064 sunt
2811 3007 3003 3073 σοι-ἀοι
3036 3008 3083 3066 si
3110 3008 3257 3066 enim
3284 3024 3443 3067 mun-

1885 3092 2013 3150 dum
2057 3092 2221 3150 fuerit
2257 3107 2373 3162 cor,
2412 3092 2629 3167 effulget
2659 3095 2785 3154 inde
2830 3097 3048 3163 lumen,
3089 3106 3145 3154 ct
3175 3099 3445 3157 videbitur

1883 3184 2025 3254 quod
2054 3182 2293 3255 effulget,
2318 3194 2375 3241 et
2402 3185 2588 3242 statim
2620 3198 2909 3260 martyres,
2938 3187 3297 3259 confessores,
3324 3206 3445 3247 san·

1884 3275 2235 3344 ctimonium,
2282 3276 2601 3347 virginitas.
2652 3286 2845 3333 natura
2897 3288 3147 3344 mortua,
3191 3281 3434 3339 membra

1882 3363 2139 3421 crucifixa
2182 3366 2555 3423 :desiderium
2616 3368 2759 3425 enim
2798 3366 2968 3425 fervet
3024 3370 3080 3425 in
3125 3371 3350 3440 animia,
3387 3381 3448 3432 et

1883 3457 2228 3531 conjungitur
2276 3456 2344 3514 ad
2390 3459 2752 3516 desideratum
2801 3478 2818 3518 ε
2859 3476 2981 3518 eum
3035 3463 3183 3519 enim
3236 3465 3444 3521 aduna-

1887 3550 2025 3607 verit
2075 3551 2202 3622 quis
2249 3550 2514 3608 bonorum
2561 3561 2891 3621 conventus,
2937 3554 3059 3610 coeli
3110 3557 3439 3626 magnitud:-

1886 3657 2034 3707 nem,
2072 3654 2127 3698 et
2152 3658 2217 3699 ea
2245 3657 2365 3713 quae
2395 3643 2447 3700 iu
2480 3643 2601 3715 ipso
2636 3652 2764 3700 sunt
2793 3654 2875 3701 cst
2912 3645 3276 3717 pulchritudo,
3314 3649 3443 3704 solis

1885 3732 2191 3804 praedictam
2222 3733 2546 3801 claritatem,
2568 3742 2625 3792 et
2652 3734 2877 3792 aliorum
2905 3738 3145 3793 omnium
3178 3753 3299 3809 que
3329 3739 3441 3796 illic

1884 3836 2011 3880 sunt
2042 3825 2217 3891 bona;
2250 3841 2351 3882 nec
2386 3842 2492 3882 non
2517 3837 2573 3883 et
2604 3842 2667 3883 ea
2696 3842 2818 3898 quae
2846 3828 2901 3884 in
2936 3837 3079 3885 terra
3111 3833 3439 3902 germinant,

1884 3916 2097 3983 llorent,
2136 3917 2531 3988 expanduntur,
2563 3921 2878 3990 procedunt,
2921 3933 3256 3992 nascuntur3
3296 3926 3351 3981 cl
3375 3939 3440 3982 ea

1885 4024 2003 4079 quae
2040 4010 2095 4065 in
2134 4024 2259 4066 aere
2292 4010 2493 4075 volant,
2532 4023 2588 4067 et
2622 4013 2672 4066 in
2705 4013 2861 4083 aquis
2900 4022 3124 4072 natant:
3156 4031 3280 4072 curn
3325 4017 3441 4075 haee

1884 4101 2062 4155 omnia
2092 4100 2407 4156 adunaverit
2431 4111 2489 4155 ut
2529 4117 2858 4172 componens
2895 4104 2949 4159 in
2984 4121 3180 4173 unum,
3224 4123 3292 4164 ne
3321 4112 3441 4181 qui-

1885 4191 2007 4247 dem
2053 4202 2202 4261 gutta
2253 4200 2315 4246 ut
2361 4192 2429 4248 ad
2468 4191 2611 4247 illam
2657 4193 3106 4264 pulchritudinem
3149 4210 3340 4266 erunt,
3383 4211 3443 4255 ut

1885 4281 2205 4339 desiderium
2234 4293 2453 4354 stupore
2483 4284 2655 4354 magis
2681 4285 2771 4351 sit,
2809 4296 2865 4341 et
2894 4287 3154 4355 charitas,
3183 4300 3240 4345 et
3273 4291 3440 4347 admi·

1883 4374 2045 4438 ratio,
2088 4384 2147 4428 ut
2196 4374 2316 4430 talis
2353 4373 2465 4445 jam
2512 4374 2673 4432 bomo
2716 4377 2988 4437 desideret
3016 4395 3211 4435 novam
3248 4396 3443 4451 quam·

221 4463 470 4536 prefert,
494 4472 635 4519 terra
653 4478 773 4519 eum
797 4463 1058 4520 fructibus
1071 4474 1297 4523 coronat
1326 4474 1380 4523 et
1400 4465 1641 4532 floribus,
1660 4469 1786 4524 cho-
1814 4489 1864 4545 n
1887 4462 2008 4517 dam
2053 4464 2492 4521 constitutionem
2532 4465 2614 4520 sui
2648 4465 2969 4523 invisibilem
3003 4467 3119 4524 lieri
3156 4485 3173 4524 z
3214 4468 3438 4527 affectus

221 4571 321 4613 ros
341 4566 520 4612 autem
537 4558 586 4612 ei
612 4565 667 4612 et
680 4557 929 4613 animalia
946 4556 1071 4612 dum
1093 4560 1380 4626 exsultant,
1409 4559 1632 4616 faciunt.
1649 4560 1782 4616 Cum

219 4657 412 4706 autem
460 4650 615 4705 audis
661 4652 785 4721 quia
818 4650 1148 4721 glorificatur
1183 4651 1354 4708 Filius
1407 4652 1475 4707 ab
1513 4652 1783 4719 omnibus,

217 4741 339 4799 noli
364 4741 603 4797 oblivisci
622 4740 795 4804 Patris
809 4757 965 4812 quem
988 4742 1253 4813 glorificat
1278 4742 1468 4799 Filius.
1481 4742 1594 4826 ‘Sed
1618 4744 1684 4799 de
1702 4745 1783 4799 in-

214 4832 520 4892 enarrabili
544 4842 599 4890 et
619 4849 724 4890 non
756 4845 879 4890 nata
909 4843 1098 4891 natura
1119 4835 1297 4891 Patris
1331 4836 1383 4891 in
1409 4836 1667 4892 memoria
1695 4851 1786 4894 ve-

214 4927 351 4981 nire
366 4924 526 4980 timor
555 4933 659 4980 est.
689 4923 823 4993 Quia
843 4940 975 4996 ergo
1000 4925 1088 4981 ille
1117 4926 1437 4982 timorabilis
1458 4935 1541 4982 est
1568 4936 1786 4997 propter

215 5016 526 5074 bonitatem
544 5026 599 5072 et
620 5017 1112 5086 supereminentem
1147 5016 1552 5088 benignitatem.
1580 5029 1634 5073 et
1660 5018 1784 5087 quia

217 5123 334 5167 nos
354 5122 458 5163 non
481 5123 764 5179 possumus
775 5111 842 5165 ad
858 5110 1003 5165 illum
1028 5123 1124 5166 nec
1138 5118 1315 5166 mente
1338 5109 1602 5179 respicere
1619 5124 1636 5173 ;
1654 5109 1788 5165 ima-

216 5201 408 5274 ginem
434 5197 551 5268 ejus
569 5199 971 5256 considerantes
1003 5200 1262 5255 miramur
1297 5199 1620 5256 indicibilem
1638 5199 1782 5255 iilam

222 5293 483 5347 virtutem
512 5290 930 5348 Patristetideo
970 5306 1090 5347 eum
1112 5292 1202 5363 qui
1240 5293 1305 5347 ad
1344 5306 1442 5346 nos
1471 5291 1615 5346 venit
1657 5304 1787 5347 con·

224 5383 565 5449 sideremus,
605 5394 660 5440 et
703 5384 1017 5441 habebimus
1064 5386 1314 5441 fructum.
1361 5382 1502 5439 Dicit
1547 5384 1692 5439 enim
1729 5392 1786 5440 et

228 5477 349 5545 ipso
385 5474 489 5530 :Si
525 5477 641 5544 quis
693 5493 770 5532 me
823 5478 985 5544 ridet,
1032 5477 1165 5532 ridet
1205 5487 1253 5531 et
1299 5474 1509 5529 Patrem
1543 5475 1589 5508 ⁸⁷
1626 5493 1641 5532 :
1689 5474 1782 5544 qui

300 5585 350 5618 ’⁴
374 5585 528 5641 Deut.
548 5602 622 5652 vt,
652 5587 706 5642 5.
779 5589 824 5621 ”
861 5586 1016 5645 «ioan.
1046 5604 1153 5655 xiv,
1177 5589 1229 5643 9.

302 5746 419 5814 (82)
448 5745 537 5805 Εἰ.
565 5749 745 5815 Forte,
779 5753 844 5806 ai.

1888 4553 2032 4606 enim
2070 4552 2138 4607 ad
2190 4552 2514 4610 invisibilem
2548 4554 2836 4611 invisibilis
2871 4556 3120 4624 habetur,
3159 4568 3217 4614 ct
3247 4559 3438 4617 solitu-

1889 4645 2066 4700 dinem
2108 4647 2320 4714 quaerit.
2356 4646 2457 4714 Qui
2499 4655 2677 4703 autem
2706 4647 2774 4703 ad
2805 4649 2963 4705 istam
3004 4651 3438 4710 constitutionem

1888 4736 2206 4802 occurrerit,
2236 4739 2407 4794 nescit
2434 4739 2557 4810 quia
2598 4749 2654 4795 et
2689 4740 2884 4798 coelum
2906 4749 2961 4798 et
2995 4751 3189 4799 terrant
3214 4759 3319 4800 nou
3363 4745 3442 4801 vi-

1891 4828 2011 4892 det,
2050 4844 2151 4884 nec
2183 4829 2333 4885 novit
2369 4830 2421 4886 in
2449 4844 2555 4900 quo
2581 4832 2633 4888 iu
2676 4844 2817 4890 terra
2846 4845 2926 4891 est
2965 4839 3120 4892 loco:
3152 4840 3318 4896 maris
3346 4855 3441 4896 au-

1892 4929 2000 4975 tem
2043 4935 2111 4976 ne
2147 4922 2358 4990 quidem
2400 4939 2607 4979 memor
2652 4938 2770 4992 est,
2815 4938 2870 4982 et
2904 4927 3123 4985 flumina
3166 4933 3438 5003 despicite

1892 5012 2058 5070 solem
2090 5028 2195 5069 non
2228 5015 2406 5083 videt,
2447 5016 2627 5071 lunam
2662 5033 2765 5073 non
2796 5021 3119 5093 considerat.
3163 5024 3437 5080 stellarum

1889 5120 2098 5160 memor
2132 5120 2238 5161 non
2276 5115 2393 5174 est;
2425 5109 2649 5179 despicit
2680 5121 2858 5166 autem
2885 5123 2940 5168 et
2972 5115 3281 5184 angelorum
3310 5117 3437 5172 cbo-

1886 5212 2016 5253 ros:
2051 5214 2187 5254 uuus
2226 5199 2369 5254 enim
2403 5199 2491 5255 ille
2534 5216 2640 5255 non
2687 5203 2946 5270 permittit
2977 5205 3141 5262 dividi
3181 5207 3440 5263 visionem

1886 5292 1954 5346 ad
1985 5289 2172 5348 multa.
2209 5291 2311 5359 Qui
2355 5290 2497 5346 enim
2529 5292 2583 5346 in
2631 5293 2725 5348 tali
2770 5296 3153 5352 constitutione
3188 5297 3437 5363 babetur.

1883 5379 2056 5438 nescit
2082 5381 2207 5452 quia
2227 5392 2283 5438 et
2302 5396 2517 5438 carnem
2548 5382 2729 5452 babet,
2753 5394 2810 5441 et
2837 5388 2978 5456 quod
3012 5396 3096 5444 est
3125 5391 3436 5453 maximum,

1885 5488 1983 5530 nec
2014 5473 2205 5530 animae
2231 5489 2341 5532 ωε
2378 5488 2584 5532 memor
2612 5485 2697 5532 cst
2738 5495 2753 5532 ι
2787 5486 2931 5534 totus
2972 5478 3114 5534 enim
3149 5489 3438 5540 evacuatur
