3692 6134
24 5767 27 5784 “
23 5629 39 5735 ''¹-
23 5477 57 5602 2-2·

124 426 227 485 829

1062 425 1156 483 DE
1188 425 1733 483 ECCLEsiitSTtCA
1770 427 1812 482 T
1817 424 2167 486 HEOLOGtA
2198 425 2328 484 Lm.
2360 428 2403 485 Ι.

3260 427 3367 487 850

123 566 237 615 σεις
270 548 601 613 εὐθύνοντες.
654 548 883 620 Συνάψω
913 548 969 603 δὲ
1026 548 1172 605 κατὰ
1201 548 1262 603 τὸ
1302 548 1434 603 αὐτὸ
1462 551 1530 620 τῇ
1574 550 1698 604 τού-
1723 559 1770 618 Α
1797 564 1919 605 esse
1950 549 2330 605 refutationem
2354 589 2372 615 ,
2412 560 2475 603 ut
2523 548 2598 604 ita
2627 547 2855 620 singuiis
2899 553 3151 604 constare
3176 557 3366 618 queat,

123 661 230 698 των
252 644 412 715 φωρᾷ
438 643 538 712 τὴν
559 640 653 696 τοῦ
668 643 918 714 Σωτῆρος
943 640 1099 713 ἡμῶν
1125 640 1402 710 θεολογίαν
1428 640 1690 712 νεώτερον

125 735 225 805 μὲν
250 733 431 802 λέγειν
480 731 618 802 ἔχων
646 732 817 797 οὐδὲν,
849 732 958 786 οὐδ’
1014 730 1249 803 ἐμαυτοῦ
1295 731 1458 802 σοφόν
1495 748 1548 784 τι
1595 731 1690 785 καὶ

120 826 319 879 οἰκεῖον
346 823 572 896 εὕρεμα,
595 823 696 894 τῆς
710 823 767 877 δὲ
783 822 1107 895 Ἐκκλησίας
1130 822 1224 877 τοῦ
1251 822 1385 877 Θεοῦ
1418 824 1517 895 τὴν
1541 822 1692 877 ἀδιά-

122 918 319 989 φθορον
340 914 686 974 διδασκαλίαν
713 896 1120 986 προϊσχόμενος,
1154 915 1220 985 ἢν
1261 914 1409 985 παρά
1440 914 1548 968 τῶν
1590 915 1691 967 αὐ·-

117 1007 332 1061 τοπτῶν
359 1005 452 1060 καὶ
479 1005 761 1076 αὑτηκόων
794 1003 887 1058 τοῦ
944 1006 1142 1074 Λόγου,
1187 1004 1392 1058 ἀνωθεν
1422 1004 1482 1074 ἐξ
1513 1004 1689 1076 ἀρχῆς

120 1098 529 1171 παραλαδοῦσα,
566 1097 838 1167 φυλάττει.

1794 639 1945 693 illum
1978 640 2031 694 in
2058 653 2125 694 eo
2169 638 2314 709 quod
2370 638 2569 693 Filium
2606 639 2698 694 Dei
2735 638 3105 709 abnegaverit,
3134 651 3205 692 ne
3244 636 3366 693 uni-

1793 748 1916 787 cum
1961 734 2030 790 de
2055 734 2227 789 sacris
2265 732 2463 788 litteris
2490 733 2861 787 testimonium
2912 732 2979 786 ad
3007 744 3122 787 rem
3148 728 3365 801 apposi-

1792 832 1905 880 tum
1931 864 1947 891 ,
1979 827 2033 880 iu
2086 826 2405 893 longissimo
2450 824 2542 882 illo
2584 840 2748 895 opere
2770 840 2869 880 suo
2897 823 3204 894 protulisse.
3249 820 3365 878 imo

1792 928 1945 980 veru,
1962 913 2222 984 quidquid
2244 914 2311 969 de
2337 914 2634 985 scripturis
2664 915 2865 979 attulit,
2888 913 3220 971 contrariam
3249 911 3364 983 pla-

1793 1019 1865 1058 ne
1904 1018 2090 1059 vocem
2136 1004 2387 1059 emisisse
2426 1004 2639 1070 sciant,
2679 1014 2734 1058 et
2767 1019 2829 1058 ea
2858 1019 2979 1074 quae
3008 1002 3192 1059 abillo
3215 1002 3364 1058 dice-

1793 1093 1994 1150 bantur
2034 1095 2237 1163 impie,
2290 1096 2344 1152 in
2392 1106 2604 1151 rectum
2653 1096 3014 1165 retorquendo
3046 1109 3262 1151 sensum
3306 1100 3363 1149 et

120 1191 465 1260 seutentiam,
499 1190 784 1244 direxisse.
818 1188 939 1244 istis
971 1202 1137 1257 porro
1157 1188 1473 1257 conjunctas
1521 1185 1869 1257 copulaturus
1898 1202 2019 1242 sum
2067 1189 2135 1244 de
2168 1187 2475 1245 Servatoris
2523 1193 2698 1244 nostri
2744 1188 3026 1244 divinitate
3080 1186 3361 1243 rationes:

120 1284 254 1340 nibil
281 1299 311 1338 a
350 1297 437 1338 me
495 1284 611 1352 ipso
670 1282 883 1336 noviter
937 1281 1305 1347 adinventum,
1341 1289 1433 1334 aut
1456 1279 1598 1334 domi
1633 1293 1766 1334 mete
1791 1287 2026 1347 natum,
2055 1294 2121 1335 ex
2160 1281 2416 1345 opinione
2459 1280 2761 1352 profectum
2829 1278 3107 1349 sapientia}
3137 1276 3365 1347 aiicujus

119 1393 254 1433 meae
297 1377 609 1432 edicturus:
641 1376 734 1429 sed
776 1372 1030 1429 Ecclesiae
1091 1372 1185 1427 Dei
1253 1373 1552 1428 doctrinam
1584 1386 1695 1441 prae
1735 1386 1821 1426 me
1861 1371 2071 1426 laturus
2126 1372 2532 1443 incorruptam,
2601 1386 2765 1443 quam
2809 1386 2841 1427 a
2900 1369 3125 1427 testibus
3174 1366 3365 1426 auritis

120 1470 248 1525 olim
281 1477 441 1539 atque
478 1465 705 1522 oculatis
732 1464 896 1520 Verbi
935 1473 1240 1535 acceptum,
1287 1464 1356 1519 ab
1390 1463 1562 1526 initio,
1600 1461 1691 1518 illa
1715 1462 1948 1519 custodit
1970 1462 2148 1519 adhuc
2181 1462 2498 1519 inviolatam

760 1605 918 1661 ΚΕΦ.
963 1605 1041 1657 Λ’.

121 1721 251 1776 Ὅτι
295 1718 495 1790 μάτην
523 1716 853 1777 Σαόέλλ-ιον
894 1714 1175 1769 &effridae
1218 1712 1568 1783 Μάρκελλος
1619 1712 1690 1767 τὰ

609 1788 717 1841 loa
744 1784 906 1851 αὐτῷ
924 1783 1206 1850 δοξάζων.

190 1924 304 1996 Πρὸ
326 1923 383 1977 δὲ
412 1921 513 1993 τῆς
547 1919 751 1975 τούτων
781 1918 1102 1984 ἐξετάσεως,
1151 1917 1336 1989 ἐπειδὴ
1360 1917 1557 1988 μεταξὺ
1593 1916 1688 1971 τοῦ

122 2017 548 2088 συγγράμματος
576 2013 667 2067 τὸν
696 2010 984 2067 Σαδέλλιον
1013 2012 1104 2064 ὑπ’
1143 2011 1307 2066 αὐτοῦ
1355 2010 1690 2080 κοπτόμενον

119 2102 300 2180 εὖρον,
329 2105 698 2175 καταπλαγεὶς
734 2105 835 2177 τῆς
887 2102 1229 2175 ὴλιθιότητος
1268 2101 1360 2155 τὸν
1400 2102 1587 2173 ἄνδρα,
1614 2100 1690 2165 ὡς

118 2201 221 2255 οὐκ
254 2199 504 2269 ἐφείσατο
547 2195 732 2261 κακῶς
782 2194 1102 2269 ἀγορεῦσαι,
1144 2194 1203 2249 ὃν
1237 2193 1455 2248 πάντων
1487 2193 1691 2265 μᾶλλον

119 2294 360 2345 ἐπαινεῖν
376 2290 536 2344 αὐτὸν
567 2289 754 2361 ἐχρῆν,
770 2286 1026 2360 ὁμόδοξον
1051 2286 1199 2358 αὑτῷ
1217 2286 1308 2341 καὶ
1333 2284 1689 2357 ὁμογνώμονα

119 2380 401 2453 γεγονότα,
454 2380 552 2451 οὐχ
596 2377 893 2451 ἡγησάμην
936 2378 1000 2432 ἀν
1031 2395 1084 2431 τι
1116 2375 1406 2450 παρελθεῖν
1435 2379 1558 2447 σιγῇ
1600 2375 1691 2429 τὸν

118 2474 298 2543 λόγον,
329 2469 663 2544 παραδοῦναι
690 2470 858 2524 δὲκαὶ
878 2468 1072 2524 τούτου
1101 2467 1320 2539 ἔλεγχον
1345 2465 1425 2538 τῷ
1458 2466 1689 2538 παρόντι

118 2565 423 2638 γράμματι.
464 2563 537 2617 Τὸ
575 2562 672 2634 μὲν
705 2562 814 2633 γὰρ
845 2562 972 2624 τοὺς
1038 2559 1134 2613 τοῦ
1174 2558 1305 2612 Υίοῦ
1345 2556 1691 2626 λειτουργοὺς

117 2657 259 2729 πρὸς
289 2656 400 2727 (tt)
431 2653 596 2709 αὐτοῦ
625 2652 1034 2723 διαὸεόλῆσθαι,
1081 2650 1130 2704 εί
1163 2649 1259 2703 καὶ
1284 2645 1432 2719 αὐτῷ
1470 2646 1572 2720 μὲν
1598 2646 1693 2716 ψό-

117 2766 234 2818 γον,
269 2750 380 2810 τοῖς
403 2748 447 2800 δ’
471 2745 941 2818 ἐλευθερουμένοις
976 2743 1075 2808 τῆς
1107 2741 1244 2814 πρὸς
1278 2739 1443 2795 αὑτὸν
1493 2755 1689 2792 κοινω-

118 2837 236 2902 νίας
260 2837 500 2905 εὐδοξίαν
525 2840 829 2908 ἐπήγαγεν,
865 2838 1015 2907 ὅμως
1041 2833 1219 2905 εἴχετό
1247 2850 1392 2897 τινος
1419 2831 1690 2904 (συγγνώ-

2475 1604 2631 1661 CAP.
2667 1605 2710 1661 1.

1793 1693 2084 1751 Sabellittm
2125 1713 2158 1750 a
2202 1695 2454 1751 Marcello
2484 1699 2653 1765 inepte
2697 1699 3088 1780 reprehensum,
3131 1713 3250 1753 cum
3272 1712 3363 1754 eo-

1862 1768 1980 1887 {lem
2015 1768 2070 1820 in
2091 1781 2270 1821 errore
2290 1782 2410 1821 cum
2454 1766 2690 1824 Sabellio
2716 1784 2824 1839 ipse
2856 1786 2949 1839 per
2980 1770 3160 1824 omnia
3192 1783 3363 1825 aene·

1888 1851 1972 1889 ur.

1859 1925 1931 1979 At
1963 1925 2279 1995 priusquam
2310 1927 2394 1981 his
2441 1927 2698 1999 accingar
2719 1930 3116 1998 examinandis,
3147 1945 3273 1989 cum
3306 1932 3363 1987 iu

1790 2016 1975 2095 operis
2011 2025 2269 2072 contextu
2313 2017 2802 2075 animadverterem
2852 2021 3142 2077 Sabellium
3192 2024 3262 2079 ab
3298 2036 3366 2082 eo

1791 2107 1932 2162 male
1959 2107 2546 2170 mulctatum.bominis
2574 2107 2878 2166 fatuitatem
2903 2113 3204 2168 admiratus
3218 2128 3362 2181 sum,

1789 2197 1933 2277 quod
1964 2195 2040 2251 illi
2064 2198 2378 2267 neutiquam
2410 2200 2736 2267 pepercerit,
2759 2200 2853 2254 sed
2884 2201 3211 2271 impetiverit
3241 2216 3361 2260 ma-

1790 2287 2005 2343 ledictis
2033 2328 2049 2353 ,
2093 2303 2254 2358 quem
2294 2288 2546 2344 laudibus
2578 2300 2705 2346 ante
2732 2290 2867 2346 alios
2898 2291 3156 2363 prosequi
3206 2290 3370 2348 debe-

1789 2379 1905 2446 bat,
1945 2389 2127 2450 utpote
2153 2380 2235 2434 sui
2270 2381 2538 2451 dogmatis
2561 2391 2973 2448 assectator-em,
3022 2391 3081 2442 οι
3121 2380 3369 2454 atumem

1790 2488 1915 2528 cum
1945 2475 2123 2544 seipso
2144 2471 2434 2543 opinionis.
2468 2474 2690 2529 Decrevi
2719 2474 2840 2528 ideo
2875 2474 3039 2530 verba
3081 2473 3200 2545 eius
3234 2489 3370 2532 neu-

1792 2563 1997 2633 tiquam
2022 2562 2237 2618 silentio
2268 2563 2579 2633 praeterire,
2623 2562 2717 2617 sed
2748 2562 2911 2618 veluti
2947 2561 3237 2636 qnamdam
3271 2577 3368 2621 ac-

1792 2655 2098 2709 cessionem
2117 2695 2133 2720 ,
2165 2653 2311 2708 illius
2336 2652 2717 2708 refutationem
2760 2654 2888 2709 buic
2919 2654 3070 2727 operi
3099 2655 3365 2729 adjicien-

1795 2749 1938 2801 dam.
1985 2744 2263 2816 Siquidem
2302 2747 2445 2815 quod
2489 2745 2580 2799 Dei
2629 2745 2909 2803 ministros
2942 2756 3200 2816 accuset,
3235 2746 3368 2805 licet

1797 2836 1927 2889 illud
1983 2837 2035 2889 in
2087 2836 2257 2904 ipsius
2303 2838 2688 2892 contumeliam
2727 2839 2907 2910 potius
2936 2839 3119 2908 cedat,
3147 2837 3366 2897 taudem

121 2933 249 3004 μης)
272 2929 496 2993 εἰκότως
532 2929 592 2982 τὸ
616 2930 791 2983 δοκεῖν
813 2928 884 2981 τά
919 2928 992 2998 μὴ
1029 2925 1178 2996 αὑτῷ
1211 2925 1339 2995 φίλα
1374 2924 1653 2995 φαυλίζειν
1675 2940 1689 2953 ·
1719 2939 1763 2998 (3
1796 2941 1928 2983 vero
1978 2939 2140 2997 atque
2173 2928 2629 2991 existimationem
2668 2930 2930 3000 majorem
2978 2928 3191 2986 illorum
3211 2969 3233 3003 9
3270 2928 3368 3002 qul

116 3008 180 3073 τὸ
200 3019 257 3073 δέ
277 3020 456 3073 λαθεῖν
485 3022 750 3073 κόπτοντα
777 3019 937 3073 αὑτὸν
957 3017 1046 3071 διὰ
1069 3018 1167 3088 τῆς
1188 3016 1282 3070 τοῦ
1315 3015 1693 3085 ὀμογνώμονος

124 3110 440 3182 δυσφημίας
495 3110 604 3181 (Η)
645 3110 920 3173 ἀναιδείας
981 3109 1170 3180 ἔμοιγε
1225 3109 1391 3170 δοκεῖ,
1443 3107 1557 3177 ἅμα
1602 3106 1695 3160 καὶ

119 3199 495 3273 ἀναισθησίας,
540 3201 824 3272 ὑπάρχειν.
859 3201 984 3254 Ὀτι
1035 3201 1096 3254 δὲ
1144 3198 1299 3252 ταῦθ’
1333 3197 1506 3262 οὕτως
1555 3198 1688 3269 ἔχει,

116 3293 314 3365 γένοιτ’
348 3291 414 3347 ἂν
441 3291 657 3363 ἔλεγχος
680 3293 843 3356 αὑτὸς
875 3292 1090 3355 ἐαυτοῦ,
1117 3290 1425 3362 Υἱοπάτορα
1455 3290 1546 3345 τὸν
1563 3289 1693 3344 Θεὸν

120 3381 264 3437 κατὰ
289 3380 382 3434 τὸν
426 3379 734 3444 Σαδέλλιον,
785 3383 834 3434 εί
861 3381 956 3435 καὶ
999 3380 1076 3450 μὴ
1109 3379 1302 3451 γυμνῷ
1321 3378 1584 3452 τῷλόγῳ,
1625 3380 1693 3451 τῇ

117 3472 250 3546 γοῦν
274 3472 500 3545 ἀληθείᾳ
525 3473 777 3543 εἰσάγων,
809 3471 889 3544 τῷ
935 3473 1036 3545 τὴν
1066 3473 1363 3527 ὑπόστασιν
1400 3472 1512 3545 (13)
1539 3473 1694 3527 ἀναι-

122 3568 238 3640 ρεῖν
293 3564 386 3619 τοῦ
431 3562 583 3630 Υίοῦ,
615 3564 711 3618 ἐνα
752 3564 810 3617 δέ
846 3563 977 3619 Θεὸν
1028 3562 1330 3636 ὁρίζεσθαι,
1369 3564 1463 3618 καὶ
1504 3563 1693 3618 τοῦτον

121 3654 314 3712 ἐαυτοῦ
346 3654 583 3727 Πατέρα,
609 3655 703 3709 καὶ
731 3650 799 3710 αὖ
815 3654 976 3710 πάλιν
999 3655 1130 3709 Υίὸν
1157 3653 1451 3709 ἀποκαλεῖν
1473 3653 1691 3712 ἐαυτοῦ.

121 3746 297 3817 Λόγον
324 3745 432 3819 γὰρ
449 3742 589 3801 εἶναι
621 3745 746 3811 δοὺς
778 3746 869 3801 τὸν
909 3746 969 3801 ἐν
993 3745 1074 3818 τῷ
1100 3745 1240 3818 Θεῷ,
1265 3745 1325 3799 ἐν
1350 3763 1412 3801 τε
1438 3746 1536 3801 καί
1564 3746 1691 3800 ταὺ-

122 3838 219 3894 τὸν
267 3838 395 3892 ὄντα
437 3836 586 3910 αὐτῷ
632 3837 821 3892 τοῦτον
859 3838 1208 3911 ὁρισάμενος.
1241 3836 1461 3910 Πατέρα
1502 3836 1692 3891 τούτου

124 3929 482 4003 χρηματίζειν
508 3929 670 3984 αὑτὸν
701 3928 832 4001 ἔφη·
862 3928 953 3983 τόν
979 3945 1037 3983 τε
1059 3928 1231 3999 Λόγον
1255 3928 1385 3983 Υἰὸν
1416 3924 1556 3983 εἶναι
1593 3928 1692 3983 αὑ-

123 4029 245 4095 τοῦ,
278 4030 377 4084 οὐκ
401 4027 616 4099 ἀληθῶς
639 4029 769 4083 ὄντα
793 4029 924 4084 Υίὸν
960 4031 1020 4083 ἐν
1047 4029 1234 4095 οὐσίας
1259 4029 1578 4094 ὑποστάσει,
1603 4045 1695 4082 κυ-

128 4128 263 4210 ρίως
309 4127 367 4180 δὲ
418 4127 512 4181 καὶ
556 4125 770 4199 ἀληθῶς
826 4127 954 4181 ὄντα
1005 4127 1196 4197 Λόγον.
1241 4126 1692 4199 Ἐπισημαίνεται

125 4227 281 4300 γοῦν,
307 4229 389 4282 ὅτι
419 4228 497 4300 μὴ
519 4227 971 4302 καταχρηστικῶς
996 4228 1174 4298 λόγον,
1200 4227 1338 4283 ἀλλά
1363 4228 1568 4303 κυρίως
1597 4225 1691 4281 καὶ

128 4330 344 4402 ἀληθῶς
363 4330 492 4384 ὄντα
517 4329 708 4398 Λόγον,
738 4329 833 4383 καὶ
865 4328 1029 4401 μηδὲν
1064 4328 1250 4403 ἕτερον
1272 4328 1306 4401 ἢ
1327 4328 1517 4398 Λόγον.
1546 4328 1594 4399 (1
1604 4327 1680 4398 t).

128 4430 198 4485 Et
246 4429 302 4483 δέ
332 4430 494 4501 μηδὲν
524 4428 730 4500 ἕτερον,
765 4429 945 4500 δῆλον,
969 4429 1044 4492 ὡς
1077 4428 1196 4483 οὐδὲ
1218 4429 1344 4493 Υἱὸς
1373 4425 1442 4501 ἦν
1486 4418 1691 4502 κυρίως

131 4526 228 4580 καὶ
251 4527 485 4600 ἀληθῶς,
516 4529 677 4602 μέχρι
709 4527 766 4582 δὲ
796 4530 978 4601 φωνῆς
1011 4526 1102 4581 καὶ
1128 4528 1388 4599 ὀνόματος
1421 4545 1694 4600 καταχρη-

133 4630 335 4695 στικῶς
365 4631 769 4702 ὠνομασμένος.
809 4631 907 4684 Ἕν
927 4646 986 4683 τε
1020 4625 1159 4683 εἶναι
1186 4629 1359 4699 λέγων
1381 4631 1476 4685 καὶ
1498 4631 1694 4686 ταύτὸν

130 4725 220 4798 τῷ
250 4727 366 4800 Θεῷ
412 4729 503 4782 τὸν
549 4728 744 4798 Λόγον,
792 4726 884 4781 τὸν
925 4726 1294 4797 σαρκωθέντα,
1337 4726 1433 4781 καὶ
1485 4726 1551 4782 ἐκ
1597 4729 1696 4801 τῆς

130 4831 410 4905 Παρθένου
432 4829 712 4901 τεχθέντα,
741 4828 874 4883 Θεὸν
912 4826 1071 4881 αὑτὸν
1097 4825 1396 4898 ἀπέφηνεν.
1424 4828 1489 4882 '0
1509 4826 1572 4899 δὴ
1601 4828 1704 4883 πά-

128 4935 224 5007 ᾉαι
253 4936 346 4989 καὶ
370 4932 646 5008 πρόπαλαι
676 4931 767 4986 τὸν
791 4928 1078 4986 Σαὸέλλιον
1110 4926 1478 5000 φθεγξάμενον
1510 4927 1706 4983 ἀπεδο-

210 5128 270 5189 »1⁴
298 5121 395 5176 Ed.
426 5118 604 5175 Paris.
636 5131 762 5189 pag.
791 5114 881 5172 ot.

205 5314 317 5386 (ii)
363 5311 470 5368 Τοῦ
504 5313 640 5368 Υίοῦ
672 5312 1075 5382 λειτουργούς.
1127 5309 1396 5381 Nusquam
1450 5308 1575 5365 alibi
1625 5309 1698 5365 ita

136 5387 382 5453 loquitur
413 5384 709 5439 Eusebius:
756 5384 849 5436 sed
880 5381 1036 5446 Θεοῦ,
1069 5380 1343 5450 quomodo
1367 5388 1423 5435 et
1457 5380 1547 5435 bic
1593 5381 1698 5463 legi

134 5457 318 5510 debet.
348 5453 745 5518 iutelligiteos,
770 5467 904 5514 qtios
928 5453 980 5507 in
1012 5454 1185 5522 primo
1209 5451 1348 5506 libro
1368 5449 1434 5505 de
1462 5451 1700 5505 nomint-

132 5526 239 5581 bu·
261 5526 461 5580 citavit.
493 5520 1135 5585 Asteriummarcissnm,
1167 5520 1469 5582 Paulinum,
1496 5530 1605 5576 etc.
1624 5518 1695 5573 Μ.

205 5594 320 5666 (12)
359 5593 797 5663 Ὀμογνώμονος
822 5591 1185 5661 δυσφημίας.
1232 5591 1409 5654 Deest,
1437 5590 1523 5644 vel
1558 5589 1698 5653 τινά,

132 5666 219 5716 vel
272 5662 553 5717 Σαὸέλλιον
598 5664 664 5715 tle
718 5662 933 5716 nomine
982 5658 1378 5729 compellatum.
1409 5657 1542 5713 Nam
1604 5658 1703 5712 αὑ-

127 5731 230 5790 τόν
260 5737 326 5786 ad
350 5732 659 5788 Marcellum
696 5731 893 5785 resero.
923 5730 1051 5787 Vult
1071 5739 1126 5783 et
1145 5729 1416 5797 stupidum
1448 5736 1504 5783 et
1530 5728 1705 5798 impu-

129 5808 356 5860 dentem
395 5818 515 5858 esse
540 5802 682 5932 effod
705 5799 997 5856 sabellium
1041 5796 1420 5867 reprehendat,
1450 5812 1572 5851 cum
1598 5811 1706 5866 quo

130 5872 534 5935 consentIebat.
602 5870 869 5944 .-Supra
885 5870 1043 5943 vulgo
1058 5867 1244 5925 τοῦτον
1261 5884 1279 5941 ;
1295 5867 1422 5927 dein
1445 5864 1554 5937 up.
1584 5884 1705 5936 συγ·-

1797 3018 1865 3073 ab
1901 3018 2067 3088 ipsius
2094 3020 2471 3075 commuuione
2502 3024 2630 3076 sunt
2658 3017 2844 3086 alieni,
2870 3034 2976 3075 non
3004 3029 3180 3077 tamen
3204 3019 3367 3078 venia

1795 3119 1948 3168 caret
1993 3118 2051 3165 et
2087 3109 2440 3167 excusatione
2472 3130 2488 3167 ι
2524 3126 2630 3168 non
2662 3111 2921 3180 absurda,
2956 3125 3079 3168 cum
3109 3126 3231 3183 quae
3263 3112 3370 3195 mi-

1800 3203 1948 3257 nime
1974 3202 2188 3273 probet,
2221 3214 2285 3257 ca
2310 3202 2670 3272 vituperanda
2695 3203 2799 3259 sibi
2829 3211 3073 3261 censeat.
3105 3206 3177 3261 At
3215 3202 3369 3262 illum

1792 3292 1931 3349 velle
1962 3293 2229 3349 mulctare
2263 3292 2422 3360 maie,
2453 3293 2532 3354 sic
2556 3303 2617 3349 ut
2641 3302 2823 3364 speret
2850 3308 2911 3351 se
2937 3292 3240 3362 latiturum,
3262 3296 3361 3368 qui

1793 3383 2042 3439 eamdem
2079 3382 2303 3455 impiam
2353 3397 2537 3440 secum
2569 3384 2749 3440 foveat
2784 3384 3099 3456 opinionem
3121 3423 3139 3449 ,
3189 3385 3370 3457 impu·

1794 3473 1994 3531 dentiae
2026 3474 2308 3543 cuiusdam
2348 3473 2703 3532 intolerandae
2722 3515 2737 3542 ,
2759 3486 2815 3531 et
2842 3474 3041 3531 ironiis
3064 3474 3370 3547 perfrictis-

1790 3567 1945 3623 simae
1971 3566 2188 3621 videtur
2218 3579 2362 3632 esse,
2392 3580 2491 3622 nec
2513 3565 2735 3635 injuria.
2766 3565 2890 3622 ilaec
2935 3574 3116 3622 autem
3159 3579 3223 3623 se
3266 3565 3370 3623 ba·

1790 3655 1921 3711 bere
1951 3657 2018 3712 ad
2053 3655 2200 3713 bunc
2247 3657 2465 3713 modum
2507 3666 2683 3728 patet,
2716 3670 2890 3727 neque
2916 3655 3057 3714 falso
3082 3671 3116 3711 a
3138 3671 3228 3714 me
3276 3670 3372 3714 ca·

1791 3745 2010 3803 iumniis
2033 3762 2156 3804 eum
2193 3748 2544 3819 proscissum,
2579 3761 2645 3803 eo
2674 3750 2819 3818 quod
2868 3749 2936 3805 de
2968 3749 3244 3807 sententia
3271 3747 3375 3805 Sa-

1792 3838 2049 3904 belliana,
2067 3844 2127 3910 ›1‹
2156 3838 2326 3895 Deum
2351 3838 2635 3911 compellet
2660 3838 3072 3903 Filio-Patrem.
3089 3841 3204 3899 Non
3221 3848 3373 3899 certe

1792 3929 2057 3995 disertim,
2080 3936 2134 3996 et
2163 3930 2411 3995 totidem,
2423 3931 2524 3986 boc
2545 3928 2724 3984 fateor
2740 3929 2917 3987 verbis
2933 3946 2950 3996 ς
2968 3928 3169 3992 talibus
3186 3937 3372 3989 autem

1792 4020 1995 4086 utitur,
2031 4034 2153 4099 quae
2183 4019 2503 4092 hypostasin
2550 4019 2673 4076 Filii
2708 4020 2913 4078 directe
2944 4020 3134 4078 tollant
3162 4037 3179 4077 ι
3207 4037 3374 4080 unum

1791 4111 2131 4171 solummodo
2172 4111 2343 4167 Deum
2390 4121 2636 4170 statuant
2658 4130 2677 4167 ε
2703 4121 2866 4182 atque
2900 4112 3049 4170 illum
3083 4114 3257 4186 ipsum
3287 4113 3375 4172 sui

1792 4202 1958 4272 ipsius
1980 4201 2276 4273 genitorem
2313 4220 2327 4258 ε
2356 4202 2621 4260 etFilium
2654 4203 2885 4275 denique
2903 4205 2986 4261 sui
3001 4205 3166 4261 etiam
3182 4204 3373 4275 ipsius.

1717 4282 1768 4341 D
1792 4291 1927 4348 Dato
1952 4293 2098 4349 enim
2119 4303 2173 4349 et
2200 4294 2704 4372 eoncessoverbum
2729 4296 2783 4351 in
2809 4295 2920 4352 Deo
2948 4309 3069 4352 esse
3094 4337 3111 4365 ,
3144 4294 3288 4366 quod
3318 4300 3377 4354 et

1793 4399 1959 4439 unum
1984 4392 2146 4454 atque
2167 4384 2307 4441 idem
2339 4400 2459 4442 cum
2485 4385 2601 4456 ipso
2629 4386 2877 4453 exsistat,
2902 4401 3027 4441 eum
3043 4382 3265 4455 hujusce
3278 4382 3379 4444 1²·-

1793 4483 1931 4537 trem
1966 4475 2250 4532 dicendum
2301 4476 2463 4534 docet
2492 4496 2508 4533 ι
2543 4486 2600 4535 et
2626 4477 2857 4534 Verbum
2902 4477 3063 4534 etiam
3109 4476 3227 4547 eius
3251 4492 3377 4536 esse

1794 4558 2014 4635 Filium,
2035 4583 2371 4645 nequaquam
2390 4569 2586 4626 Filium
2603 4570 2961 4629 exsistentem
2991 4570 3045 4626 iu
3060 4568 3377 4627 substantiae

1795 4659 2143 4722 subsistentia
2154 4701 2169 4725 ,
2181 4662 2398 4732 proprie
2413 4676 2542 4718 vero
2556 4670 2610 4717 et
2623 4661 2918 4718 secundum
2934 4658 3376 4728 veritatem,Ver·

1802 4751 1931 4808 bum
1961 4751 2311 4812 exsistentem
2345 4762 2547 4808 tamen.
2571 4752 2840 4822 Vultergo
2876 4750 3120 4825 intelligi,
3137 4749 3375 4809 Verbum

1807 4833 1961 4897 illum
1990 4857 2129 4912 esse,
2170 4859 2275 4899 nun
2306 4842 2727 4909 catachrestice,
2749 4843 2842 4899 sed
2873 4841 3156 4899 verissime
3173 4848 3229 4898 et
3245 4856 3376 4914 pro·

1807 4930 2080 5002 priissime
2103 4933 2365 5000 Verbum,
2390 4942 2555 5004 atque
2584 4941 2784 5002 praeter
2822 4929 3080 5001 Verbum,
3118 4930 3263 4987 aliud
3285 4929 3374 4988 ni·

1803 5283 3376 5450 ⁷⁹ii5²ilss²⁰gssrxe>P⁰i2.z⁰*s‘³“41tz⁰ss2.⁶2z

1809 5469 1913 5506 σιν.
1941 5452 1998 5505 ln
2025 5464 2090 5505 eo
2120 5447 2264 5518 quod
2294 5445 2415 5499 Filii
2451 5441 2855 5502 subsistentiam
2886 5445 3112 5509 negaret
3155 5448 3348 5503 separa

1807 5531 1915 5576 tam
1946 5529 2001 5576 et
2029 5517 2325 5586 propriam.
2360 5512 2433 5568 ΙΙ.
2465 5542 2539 5555 -
2571 5511 2795 5569 Correxi
2822 5509 3093 5589 vulgatam
3118 5518 3185 5560 ex
3213 5503 3371 5559 codd.

1807 5591 1964 5663 ἀληθ.
1988 5588 2260 5656 είσάγοντι
2281 5583 2380 5656 τὴν
2404 5583 2593 5637 ὑπόστ.
2618 5590 2675 5637 et
2694 5576 2830 5634 εἶναι
2863 5580 3032 5649 αὺτῳ.

1880 5658 1990 5731 (ui
2046 5660 2115 5713 Ἠ
2169 5657 2387 5726 Λόγον.
2446 5654 2608 5708 Deest
2656 5649 3021 5707 suffulciendae
3094 5642 3378 5703 sententiaa

1806 5731 1889 5785 δεῖ
1938 5728 2117 5798 λέγειν
2174 5735 2270 5781 aut
2321 5722 2515 5793 simil&
2567 5721 2774 5790 statim,
2817 5728 2939 5792 post
2966 5712 3372 5788 ὠνομασμέιυς,

1811 5804 1963 5861 deest
1983 5798 2119 5866 υἱός.
2150 5794 2223 5854 n.
