3692 6134
268 462 374 522 819

875 466 1174 524 &EusEBu
1209 462 1686 523 cAEsAmENsls
1722 460 1874 521 ΟΡΡ.
1912 462 2093 520 PARS
2129 462 2221 521 lv.
2257 493 2326 507 --
2364 460 2789 520 uocantes.

270 576 376 636 bus
404 576 471 635 de
504 578 693 636 eadem
728 576 817 633 illa
844 593 1011 635 carne
1036 579 1152 650 ipse
1177 579 1490 651 scripserat.
1518 578 1577 635 ln
1607 594 1838 651 sequen-
1864 590 1913 648 Α
1941 580 2336 652 ἁμνημονήσας
2380 572 2456 637 ὧν
2506 581 2637 652 περὶ
2687 577 2858 650 αὐτῆς
2911 575 3009 631 διὰ
3062 575 3184 631 τῶν
3239 576 3347 647 ἔμτ.

271 669 420 729 tibus
448 672 608 727 etiam
648 672 738 728 ille
769 673 882 744 ipse
907 674 999 742 qui
1021 674 1497 740 determinaverat,
1530 673 1649 730 sine
1677 689 1832 730 scru-

273 761 402 835 pulo
428 801 446 829 ,
485 778 684 835 corpus
713 763 1023 823 servatoris
1053 764 1294 821 futurum
1323 774 1446 835 post
1486 762 1673 833 judicii
1708 774 1839 818 tem-

271 867 376 928 pus
402 851 582 911 Verbo
628 870 727 914 suo
773 855 1190 924 destituendum,
1228 865 1427 912 metum
1458 855 1742 927 quemdam
1782 864 1839 911 et

277 948 637 1004 reverentiam
675 963 786 1019 prae
813 963 879 1006 se
903 948 1011 1006 sert
1032 988 1050 1016 ,
1077 957 1135 1006 et
1161 964 1271 1005 non
1299 963 1458 1019 posse
1506 948 1583 1005 ait
1614 962 1839 1017 respon-

278 1038 429 1106 dere,
457 1040 504 1099 si
529 1040 656 1111 quis
676 1040 825 1100 illum
857 1040 924 1099 de
967 1040 1059 1099 illa
1089 1056 1255 1097 carue
1289 1042 1724 1112 interrogaverit,
1752 1040 1836 1094 di-

273 1137 487 1185 eturum
517 1143 649 1187 vero
685 1144 746 1189 se
768 1131 836 1188 ad
864 1132 1283 1202 interrogantem
1304 1131 1616 1202 quemlibet,
1658 1149 1680 1185 r
1716 1129 1838 1186 Noli

278 1236 303 1273 r
337 1220 608 1284 sciscitari
643 1222 711 1280 de
738 1224 898 1280 rebus
926 1240 1046 1295 quae
1072 1240 1179 1280 nou
1206 1224 1510 1280 didicimus.
1537 1242 1557 1276 ι
1591 1221 1690 1279 Hic
1724 1223 1838 1292 iam

269 1312 450 1383 quivis
470 1315 519 1378 ei
542 1329 769 1387 oggerat
799 1337 814 1373 z
845 1317 989 1387 Quid
1017 1318 1360 1389 temetipsum
1409 1317 1710 1375 deridiculo
1738 1319 1838 1374 ba—

268 1402 387 1472 beS,
417 1404 620 1462 bomo?
648 1408 915 1476 Quorsum
948 1411 1002 1465 in
1035 1410 1196 1465 rebus
1225 1424 1346 1479 quae
1370 1424 1475 1464 non
1512 1409 1766 1475 didicisti,
1788 1419 1842 1466 te

271 1510 370 1567 per
403 1500 701 1571 praecipitia
749 1505 886 1571 agis,
919 1502 1045 1556 dum
1089 1502 1143 1556 in
1172 1502 1390 1572 scriptis
1424 1500 1549 1557 illas
1576 1502 1784 1558 decidis
1816 1501 1840 1556 ἲ

269 1586 539 1654 Quorsum
574 1605 680 1646 non
708 1593 953 1648 custodis
997 1608 1060 1648 ea
1091 1607 1211 1662 quae
1241 1594 1527 1664 suscepisti
1570 1592 1638 1649 ab
1674 1594 1844 1649 eccie-

271 1680 507 1737 siasticis
534 1680 809 1751 Patribus,
847 1694 903 1739 et
930 1684 1244 1740 doctoribus
1267 1722 1285 1750 ,
1339 1689 1399 1748 >E
1449 1684 1718 1740 novitates
1754 1700 1841 1740 se-

271 1772 479 1840 queris,
513 1773 608 1843 qui
648 1791 820 1846 nuper
846 1784 1026 1830 natam
1065 1785 1121 1832 et
1165 1791 1195 1831 a
1228 1775 1335 1832 fide
1371 1776 1602 1831 alienam
1649 1775 1843 1831 distor-

272 1861 478 1919 tionem
506 1864 561 1920 in
593 1866 757 1921 vitam
790 1867 1198 1924 subintroducis
1222 1908 1238 1933 ,
1267 1868 1394 1924 dum
1428 1882 1651 1938 regnum
1678 1867 1842 1923 Chri-

1936 669 2177 742 εἴρηκεν.
2226 665 2363 733 Εἶθ’,
2409 672 2439 724 ό
2489 669 2676 741 σαφῶς
2706 667 2853 724 οὕτω
2877 667 2943 721 τὸ
2972 666 3158 738 σῶμα
3187 666 3252 720 τδ
3288 685 3347 721 συ

1937 762 2142 835 ἔρημον
2181 762 2278 817 τοῦ
2305 762 2479 832 Λόγου
2509 761 2861 835 γενήσεσθαι,
2886 758 3041 831 μετὰ
3056 757 3159 812 τὸν
3189 757 3297 828 τῆς
3323 777 3347 812 s

1936 855 2126 927 καιρὸν
2159 855 2581 927 ἀποφηνάμενος
2630 852 2922 908 εὐλάὸειαν
2974 854 3347 921 προσποιεῖτι

1921 947 2014 1021 ἱμὴ
2044 947 2240 1001 εἰδέναι
2272 948 2436 1017 φησὶν
2481 945 2876 1019 ἀποκρίνεσθαι
2897 985 2913 1010 ‚
2953 940 3019 995 εἰ
3055 958 3153 1005 τις
3185 941 3347 994 αὐτὸν

1938 1038 2185 1112 περὶτῆς
2202 1040 2425 1111 σαρκὸς,
2445 1040 2614 1111 φῆσαι
2639 1038 2762 1092 δ’ἂν
2784 1036 2932 1108 πρὸς
2971 1034 3082 1087 τὸν
3112 1034 3346 1105 ἐρωτῶν

1939 1148 2058 1186 που
2097 1131 2407 1186 πυνθάνου
2436 1132 2545 1202 (95)
2586 1129 2726 1199 περὶ
2747 1124 2841 1183 ὧν
2860 1126 2960 1198 μὴ
3005 1125 3346 1196 μεμάθηκα

1937 1220 2034 1278 καὶ
2065 1224 2094 1277 ό
2122 1221 2299 1293 τυχὼν
2328 1217 2481 1275 εἶπεν
2514 1222 2580 1276 ἂν
2613 1221 2748 1292 πρὸς
2776 1218 2955 1272 αὐτόν
2978 1233 2995 1246 ·
3039 1216 3102 1270 τί
3149 1214 3226 1286 δὴ
3254 1211 3338 1267 οὗν

1940 1312 2229 1379 σκώπτεις,
2249 1312 2501 1386 ἄνθρωπε
2521 1330 2536 1381 ;
2560 1313 2624 1367 Τί
2650 1312 2705 1365 δὲ
2721 1310 2870 1365 κατὰ
2903 1306 3216 1381 κρημνῶν
3244 1307 3347 1359 ὠθεῖ

1937 1400 2014 1462 ὧν
2048 1408 2123 1480 μὴ
2155 1407 2480 1479 μεμάθηκας
2522 1404 2842 1477 ὁριζόμενος
2879 1402 3270 1473 ὲγγράφωςς
3303 1400 3347 1451 ῒὲ

1939 1499 2229 1569 φυλάττεις
2279 1498 2316 1554 ἃ
2364 1496 2518 1572 παρὰ
2542 1497 2650 1551 τῶν
2676 1491 3210 1566 ἑκκλησιαστικῶν
3238 1507 3347 1544 ποτε

1921 1592 2034 1647 ,καὶ
2060 1591 2396 1646 διδασκάλων
2419 1589 2784 1661 παρείληφας,
2818 1582 3226 1656 νεωτερίζεις
3261 1582 3303 1635 ό·
3321 1584 3347 1636 ἆ

1940 1686 2067 1741 νέαν
2102 1685 2198 1740 καὶ
2251 1683 2564 1751 ξενίζουσαν
2614 1681 2862 1750 εἰσάγων
2902 1676 3000 1750 τῷ
3042 1676 3159 1748 βίῳ
3214 1675 3347 1728 διαστ

1940 1780 2114 1854 ἀρχήν
2144 1796 2203 1832 τε
2234 1777 2572 1849 πρόσκαιρον
2613 1775 2708 1828 καὶ
2734 1771 3054 1843 νεωτέραν
3090 1773 3168 1842 τῇ
3207 1769 3346 1840 βασι)

1942 1869 2176 1943 Χριστοῦ
2203 1868 2395 1933 διδοὺς,
2426 1867 2523 1922 καὶ
2554 1864 2757 1937 ταύτης
2782 1864 2970 1927 τέλος
3021 1862 3346 1932 ὑφιστάμεν

269 1952 343 2009 sti
371 1954 772 2013 circumscribis
805 1958 1012 2015 novitio
1048 1958 1285 2030 quodam
1321 1958 1590 2029 principio
1617 1966 1673 2015 et
1702 1968 1841 2015 tem·
1869 1950 1913 2007 B
1941 1961 2033 2018 τὸν
2067 1960 2164 2033 μὲν
2197 1956 2412 2029 άληθῶς
2446 1955 2708 2027 μονογενῆ
2743 1952 2847 2007 τοῦ
2923 1951 3088 2005 Θεοῦ
3130 1951 3264 2004 Υἱδν
3308 1952 3347 2021 ²1

267 2045 441 2116 porali
459 2085 475 2112 ,
502 2045 645 2117 quod
669 2047 778 2104 flue
801 2064 1017 2120 quoque
1053 2047 1454 2106 terminandum
1490 2063 1612 2105 esse
1640 2051 1835 2121 doces;

269 2135 505 2208 abnegas
535 2152 662 2195 vere
704 2140 1041 2211 unigenitum
1089 2140 1185 2197 Dei
1211 2180 1227 2208 ,
1275 2140 1563 2197 substituis
1599 2138 1838 2197 Verbum

268 2224 684 2293 insubstantiale
729 2236 784 2284 et
829 2230 1225 2299 insubsistens,
1278 2231 1422 2302 quod
1464 2231 1653 2302 ‘ipsum
1702 2232 1841 2288 nibil

268 2315 413 2371 aliud
461 2320 783 2389 pronuntias
824 2335 977 2387 esse,
1008 2336 1174 2392 quam
1201 2338 1366 2378 unum
1391 2320 1553 2393 atque
1583 2323 1841 2378 idemmet

267 2424 394 2466 cum
415 2410 564 2478 Deo}
586 2411 718 2481 Quae
748 2414 994 2485 quisquis
1022 2414 1242 2479 dixerit,
1267 2429 1372 2469 non
1409 2416 1604 2485 injuria
1629 2414 1841 2470 dicetur

265 2501 466 2559 Filium
496 2504 592 2561 Dei
620 2505 912 2577 abnegare.
946 2504 1063 2561 Non
1095 2516 1179 2562 est
1202 2509 1347 2563 euim
1373 2506 1582 2574 Filius,
1612 2506 1838 2563 verbum

269 2597 412 2667 quod
449 2611 554 2654 uon
582 2597 861 2666 subsistit;
891 2613 1011 2652 cum
1043 2613 1142 2654 nec
1173 2600 1404 2654 verbum
1440 2599 1675 2656 bominis
1692 2600 1845 2655 dica-

271 2698 382 2756 tur,
427 2689 569 2744 iilius
614 2690 849 2746 bominis
886 2707 901 2745 ι
947 2700 1130 2762 utpote
1174 2693 1316 2760 quod
1361 2691 1473 2747 sola
1527 2692 1840 2762 operatione

270 2780 522 2844 subsistit
546 2781 600 2837 in
628 2781 898 2852 loquente.
929 2782 1041 2839 Hoc
1071 2783 1244 2852 ipsum
1268 2783 1333 2838 de
1354 2784 1512 2838 Patre
1538 2798 1635 2838 suo
1655 2798 1842 2853 egres-

271 2888 391 2929 sum
417 2912 434 2938 ,
464 2886 590 2931 ante
630 2890 800 2932 annos
833 2876 1070 2931 nondum
1104 2890 1230 2931 cccc
1279 2876 1604 2946 completos,
1640 2877 1836 2932 Filium

269 2964 368 3021 Dei
398 2962 600 3021 sactum
649 2964 874 3022 inferius
915 2982 1134 3034 narras,
1163 2984 1259 3038 per
1290 2969 1470 3023 carnis
1502 2970 1837 3039 assumptio—

272 3073 420 3124 nem,
452 3067 508 3114 et
524 3058 769 3129 superius
800 3058 983 3115 lesum
1010 3059 1286 3117 Christum
1316 3060 1674 3128 nominatum,
1698 3061 1838 3116 ima-

271 3150 449 3221 ginem
471 3150 674 3206 dictum
710 3150 802 3206 Dei
831 3150 1118 3208 invisibilis
1141 3189 1158 3216 ,
1192 3160 1248 3207 et
1273 3153 1693 3221 primogenitum
1722 3167 1841 3207 om-

269 3242 359 3299 nis
411 3250 675 3301 creatur-re
724 3262 739 3298 :
788 3258 968 3314 regem
1013 3259 1228 3316 quoque
1271 3243 1653 3300 constitutum.
1708 3244 1839 3312 Quae

269 3336 474 3402 omnia,
509 3350 541 3390 a
576 3346 817 3402 tempore
844 3336 936 3390 illu
965 3336 1282 3405 designato,
1333 3336 1534 3406 incepit
1562 3336 1656 3391 ille
1679 3349 1837 3403 esse;

271 3442 392 3498 quae
435 3428 616 3483 omnia
654 3426 812 3482 simui
845 3426 1183 3495 depositurus
1211 3435 1314 3493 est,
1348 3437 1471 3497 post
1491 3424 1678 3494 judicii
1707 3441 1841 3481 con-

270 3518 709 3573 summationem.
743 3514 866 3571 }iaec
904 3525 1084 3571 autem
1117 3516 1335 3571 ubinam
1383 3514 1673 3571 didicisti?
1704 3515 1843 3585 Quis

272 3608 466 3665 borum
500 3609 593 3663 tibi
645 3606 966 3688 informator
1010 3607 1223 3664 exstitit
1247 3606 1280 3661 ἲ·
1317 3606 1617 3678 Episcopus
1670 3607 1839 3680 quis?

271 3698 474 3773 synodi
501 3701 666 3771 quae?
700 3699 846 3769 quod
867 3698 1127 3769 scriptum
1167 3698 1237 3754 ab
1270 3697 1490 3754 bomine
1513 3696 1843 3754 ecciesiasti-

270 3791 374 3847 co?
404 3808 599 3862 corpus
628 3791 758 3845 illud
787 3791 955 3846 Serva
966 3791 1100 3846 toris
1128 3790 1434 3846 immortale
1455 3804 1563 3861 quo
1584 3788 1839 3845 secedet?

268 3885 405 3941 Nam
438 3900 559 3939 cum
588 3885 927 3941 concesseris
959 3884 1085 3939 illud
1109 3897 1232 3939 esse
1261 3882 1588 3947 immortale,
1615 3890 1672 3937 et
1703 3881 1840 3936 divi-

269 3992 400 4032 num
430 3974 737 4046 appellaris,
777 3991 998 4032 necesse
1020 3987 1104 4030 est
1130 3990 1402 4045 supponas
1431 3972 1842 4044 incorruptibile

269 4078 327 4124 et
350 4067 833 4124 indissolvendum.
860 4068 1012 4134 Quod
1053 4082 1183 4121 vero
1210 4078 1402 4121 natura
1447 4081 1544 4121 sua
1593 4065 1702 4120 tale
1734 4076 1839 4131 est,

267 4172 452 4217 manet
485 4162 671 4230 utique
725 4161 1025 4215 subsistens
1075 4167 1130 4214 et
1174 4158 1573 4214 indissolutum.
1618 4156 1724 4213 Sed
1783 4168 1838 4212 tu

267 4250 506 4308 Verbum
541 4252 609 4307 ab
634 4251 723 4307 iilo
757 4252 918 4317 toliis,
958 4260 1012 4305 et
1046 4265 1168 4304 cum
1202 4250 1310 4305 Deo
1340 4248 1641 4319 conjungis.
1673 4248 1840 4303 Num-

269 4361 394 4402 nam
428 4348 593 4416 igitur
624 4347 742 4400 sine
773 4342 951 4400 Verbo
974 4342 1144 4399 solum
1189 4342 1446 4397 subsistet
1471 4355 1668 4411 corpus
1699 4340 1839 4396 istud

267 4440 323 4496 in
353 4438 639 4496 immortali
672 4446 728 4492 et
761 4440 1070 4506 incorrupta
1104 4434 1582 4490 irrationabilitate
1603 4474 1619 4500 ,
1659 4442 1713 4487 et
1735 4433 1836 4485 im-

268 4535 568 4590 mobilitate
589 4535 619 4587 2-
655 4535 722 4588 At
753 4530 987 4587 Verbum
1039 4530 1214 4598 ipsum
1263 4528 1524 4583 concedet
1553 4526 1605 4580 in
1648 4526 1835 4589 Deum,

268 4633 324 4678 et
348 4639 539 4679 rursus
575 4623 646 4677 iili
677 4622 1034 4690 conjungetur
1056 4624 1184 4688 post
1209 4618 1394 4674 carnis
1417 4616 1834 4686 separationem.

342 4837 401 4897 »Β
430 4832 528 4888 Ed.
561 4831 733 4887 Paris.
765 4845 886 4901 pag.
913 4828 1003 4883 54.

1938 2070 2050 2118 νος,
2072 2051 2242 2121 Λόγον
2266 2048 2323 2103 δὲ
2352 2047 2529 2119 ψιλὸν,
2565 2044 2821 2101 ἀνούσιον
2876 2043 2989 2098 καὶ
3021 2042 3347 2097 &vu-redeam

1938 2145 2250 2215 τιθέμενος·
2293 2141 2352 2195 ὃν
2392 2140 2500 2194 οὐδ’
2534 2140 2719 2211 ἓτερον
2759 2137 2800 2209 ἢ
2857 2136 2926 2190 ἓν
2971 2135 3091 2191 καὶ
3127 2134 3347 2189 ταύτὸν·

1941 2232 2081 2291 εἶναι
2114 2236 2260 2307 φής;
2295 2234 2361 2287 ‘0
2384 2231 2448 2305 δὴ
2478 2231 2573 2285 καίΙ
2601 2229 2714 2301 (94)
2745 2229 2876 2292 πᾶς
2933 2226 3112 2281 εἴποι
3151 2227 3232 2281 ἂν
3254 2227 3346 2297 ᾰρν

1938 2330 2029 2386 τὸν
2054 2328 2183 2382 Υἰὸν
2213 2324 2307 2380 τοῦ
2342 2323 2499 2388 Θεοῦ,
2529 2322 2774 2385 εἰκότως.
2836 2320 2924 2374 Οὐ
2957 2319 3095 2392 γὰρ
3128 2319 3251 2383 υἱὸς
3284 2318 3347 2388 61

1942 2420 2083 2485 στὼς
2133 2419 2327 2488 Λόγος,
2362 2418 2437 2481 ὡς
2487 2415 2607 2470 οὐδὲ
2663 2416 2721 2467 ὲν
2780 2411 3110 2485 ἀνθρώπῳ
3146 2412 3306 2482 λόγος

1941 2530 2072 2568 ποτε
2102 2511 2292 2583 ῥηθείη
2320 2506 2628 2581 ἀνθρώπου,
2655 2505 2934 2578 ἐνεργείᾳ
2961 2504 3127 2577 μόνῃ
3155 2507 3218 2559 ὲν
3237 2502 3347 2575 ap:

1942 2603 2352 2674 συνιστάμενος.
2382 2599 2553 2653 Τοῦτο
2579 2598 2625 2652 δ’
2655 2600 2720 2651 ὲκ
2737 2596 2845 2651 τοῦ
2869 2596 3152 2670 Πατρός,
3185 2595 3300 2667 (95)
3324 2612 3347 2646 τ

1939 2696 2049 2752 οὐδ’
2083 2697 2221 2750 ὅλων
2245 2692 2635 2766 τετρακοσίων,
2667 2691 2761 2744 διὰ
2780 2692 2890 2761 τῆς
2927 2689 3292 2761 ἀναλήψεως
3320 2706 3347 2741 τ

1940 2789 2054 2851 κὸς,
2089 2787 2217 2842 Υἱὸν
2253 2785 2346 2841 τοῦ
2376 2785 2511 2839 Θεοῦ
2545 2782 2931 2855 γεγεννῆσθαι
2959 2782 3172 2848 καθὼς
3201 2782 3346 2853 φὴς,

1942 2877 2069 2932 σοῦν
2117 2879 2208 2931 καὶ
2258 2878 2490 2950 Χριστὸν
2531 2875 2857 2947 ὠνομάσθαι
2901 2874 3066 2943 ἅνω,
3129 2875 3321 2929 εἰκόνα

1939 2971 2075 3025 Θεοῦ
2108 2970 2202 3024 τοῦ
2235 2970 2465 3041 ἀοράτου
2489 2968 2833 3041 χρηματίσαι
2860 3008 2877 3031 ,
2925 2969 3040 3022 καὶ
3098 2967 3347 3040 πρωτότα

1944 3081 2044 3136 σης
2077 3064 2326 3127 κτίσεως,
2353 3063 2447 3115 καὶ
2461 3061 2526 3132 δὴ
2554 3063 2647 3115 καὶ
2665 3060 2914 3130 βασιλέα
2941 3062 3086 3114 τότε
3127 3057 3347 3130 γενέσθω

1948 3173 2108 3227 μενον
2136 3155 2340 3208 τούτων
2367 3153 2621 3207 ἁπάντων
2638 3192 2652 3216 ,
2700 3154 2768 3205 ὲκ
2797 3151 2911 3206 τοῦ
2947 3153 3347 3223 δηλωθέντος]

1944 3242 2137 3297 ἔπειτα
2164 3242 2339 3315 καιρῷ
2354 3243 2454 3312 τῆς
2474 3241 2787 3305 συντελείας
2802 3242 3047 3296 τούτων
3077 3243 3342 3298 ἁπάνω

1943 3335 2337 3406 παυθήσεσθαι.
2371 3333 2480 3387 Ποῦ
2514 3333 2577 3406 δὴ
2610 3329 2705 3387 οὖν
2750 3334 2952 3389 ταῦτα
2994 3337 3347 3408 μεμάθηκας

1945 3441 2027 3482 σοι
2062 3427 2265 3480 τούτων
2291 3426 2528 3497 κατέστη
2550 3424 2914 3493 διδάσκαλος,
2944 3427 3040 3491 τίς
3058 3428 3347 3482 ἐπισκόπει

1945 3519 2175 3583 σύνοδοι,
2209 3521 2360 3573 ποῖον
2394 3516 2888 3588 ὲκκλησιαστικῶν
2921 3519 3160 3592 ἀνδρεῖον
3196 3520 3347 3591 γράμ

1940 3610 1999 3665 δέ
2032 3627 2113 3665 σοι
2144 3610 2206 3663 τὸ
2237 3608 2396 3682 σῶμα
2420 3608 2766 3664 τὸάθάνατον
2807 3612 3116 3683 χωρήσειε
3147 3610 3256 3665 τοῦ
3289 3612 3347 3665 Σο

1940 3702 2205 3758 ἀθάνατον
2256 3703 2363 3775 γάρ
2414 3698 2691 3773 ὁμολογῶν
2720 3701 2833 3755 καὶ
2881 3701 3043 3759 θεῖον
3083 3702 3346 3776 ὀνομάζω

1941 3795 2158 3859 πάντως
2191 3811 2293 3848 που
2340 3794 2435 3848 καὶ
2467 3792 2745 3866 ἄφθαρτον
2794 3795 2904 3849 καὶ
2951 3794 3268 3851 ἀδιάλυτον
3303 3795 3347 3848 tn

1942 3886 2187 3955 πεφυκὸς
2203 3884 2260 3937 δὲ
2276 3883 2537 3948 τοιοῦτον,
2562 3883 2711 3955 μένει
2732 3884 3047 3951 συνεπὼς
3071 3886 3283 3958 δηλαδὴ
3302 3903 3347 3939 tt:

1939 3973 2119 4028 λυτον.
2166 3974 2325 4028 Ἀλλὰ
2351 3974 2442 4029 τὸν
2488 3975 2659 4043 Λόγον
2698 3975 2959 4047 ἀφῄρεις
2995 3979 3206 4045 αὐτοῦ,
3234 3979 3326 4033 καὶ

1942 4069 2226 4138 συνῆπτες.
2280 4066 2487 4122 Οὐκοῦν
2522 4070 2648 4123 ἄνευ
2682 4069 2873 4138 Λόγου
2936 4071 3128 4143 μόνου
3165 4071 3347 4144 (sem

1940 4160 2197 4230 στήσεται
2237 4160 2296 4214 ἐν
2327 4159 2575 4231 ἀθανάτῳ
2608 4159 2704 4213 καὶ
2742 4160 3042 4235 ἀφθάρτῳ
3080 4163 3281 4234 ἀλογίᾳ
3309 4178 3342 4214 κ

1938 4251 2100 4323 νησίᾳ
2118 4252 2207 4317 ;τὸ
2236 4251 2293 4305 δὲ
2308 4250 2469 4316 αὐτὸς
2488 4253 2517 4304 ό
2540 4251 2716 4319 Λόγος
2739 4254 2825 4316 εἰς
2844 4251 2954 4308 τδν
2978 4254 3131 4309 Θεὸν
3180 4256 3347 4327 χωρήε

1941 4342 2338 4413 συναφθήσεται
2359 4339 2514 4406 αὖθις
2540 4342 2690 4414 αὐτῷ
2723 4344 2875 4415 μετὰ
2895 4346 3004 4400 τὸν
3033 4348 3144 4420 τῆς
3176 4346 3347 4422 σαρκο

1942 4434 2097 4504 σμόν.
2129 4431 2275 4507 τΑρα
2308 4435 2382 4506 μὴ
2431 4434 2504 4488 ὢν
2536 4436 2593 4488 ὲν
2623 4435 2703 4507 τῷ
2738 4434 2892 4507 Θεῷ,
2922 4439 3026 4493 ὅτε
3069 4444 3143 4512 τῇ
3180 4439 3344 4511 σαρκὶ

1940 4524 2057 4578 ἀλλ’
2092 4523 2166 4578 ὢν
2196 4527 2253 4577 ὲν
2286 4524 2431 4595 αὐτῷ
2463 4524 2552 4578 διὰ
2575 4524 2801 4589 παντὸς,
2842 4530 3153 4594 συναῖδιός
3186 4546 3250 4583 τε
3291 4527 3347 4582 t‘m

1940 4615 2035 4668 καὶ
2082 4615 2274 4669 ταύτὸν
2329 4614 2407 4686 τῷ
2439 4614 2587 4685 Θεῷ;
2627 4615 2762 4679 Πῶς
2789 4612 2900 4672 οὖν
2947 4619 3219 4694 ὑπῆρχεν
3257 4622 3346 4674 ἐν

337 5015 449 5085 (95)
480 5013 576 5081 Μή
609 5031 727 5068 που
755 5014 1087 5068 πυνθάνου.
1139 5010 1271 5083 Leg.
1333 5013 1405 5084 μή
1452 5029 1552 5084 μου
1590 5021 1649 5066 ut
1681 5010 1839 5082 paulo
1866 5015 1915 5075 D
1941 5012 2074 5081 ᾁφαι
2115 5014 2191 5076 εἰς
2223 5041 2285 5052 ——
2327 5011 2557 5081 συνῆπτε
2584 5007 2676 5062 ubi
2698 5011 3111 5070 συνάπτεσθαι
3142 5031 3287 5073 corr.

266 5095 412 5141 ante.
443 5086 510 5139 tt.
540 5084 759 5138 —Dein
782 5085 939 5151 vulgo
968 5084 1021 5137 τί
1046 5083 1105 5137 δὲ
1122 5079 1216 5137 οὖν
1239 5093 1292 5138 et
1311 5081 1626 5154 ἐγγράφεις.

360 5157 451 5224 94)
481 5158 543 5209 Ὃ
573 5153 649 5223 δὴ
684 5154 804 5208 καί.
845 5155 1012 5223 Vulgo
1033 5153 1118 5207 ὅδε
1148 5151 1259 5207 καί.

360 5226 453 5295 95)
514 5225 611 5278 Ἐκ
638 5223 743 5278 τοῦ
785 5225 1035 5293 Πατρός.
1086 5225 1248 5279 Deest
1294 5222 1403 5287 bic,
1458 5222 1663 5295 προϊόν.
1701 5220 1837 5278 Illud

266 5296 418 5353 κάτω
471 5313 485 5348 z
536 5296 604 5349 ad
661 5294 932 5349 Christum
981 5294 1194 5363 opinor.
1250 5308 1356 5346 non
1407 5293 1472 5346 ad
1526 5294 1834 5347 Marcellum

266 5368 608 5423 referendum
664 5374 767 5429 est,
838 5365 940 5419 boc
997 5374 1098 5424 est.
1153 5362 1426 5416 Cin-istum
1479 5362 1607 5417 olim
1655 5363 1831 5432 λόγον,

265 5437 436 5500 κάτω,
473 5438 525 5490 in
559 5435 717 5489 terris
746 5435 1105 5494 incarnatum,
1139 5432 1334 5487 sactum
1353 5431 1546 5490 Filium
1578 5434 1834 5496 bominis,

266 5522 371 5561 non
394 5505 545 5560 κάτω
577 5505 704 5576 φής,
731 5506 831 5558 boc
853 5512 934 5557 est
974 5502 1196 5557 inferius
1225 5502 1459 5557 affirmas
1489 5503 1627 5556 istud
1657 5518 1674 5557 ι
1711 5519 1832 5555 nan·

264 5586 322 5630 et
342 5575 567 5632 inferius
599 5585 655 5628 et
694 5575 940 5645 superius
967 5571 1194 5626 affirtnat
1221 5588 1237 5626 ε
1261 5573 1389 5628 binc
1418 5572 1573 5636 iliud,
1601 5573 1836 5645 Χριστόν

2019 5083 2071 5153 (9
2094 5082 2130 5151 “)
2171 5082 2350 5136 'Areu
2382 5082 2572 5149 Λόγου
2602 5080 2833 5148 μόνου.
2869 5084 3024 5147 imo,
3063 5087 3272 5159 μόνως
3297 5086 3347 5140 bt

1943 5150 2117 5208 solum
2148 5153 2249 5207 hoc
2279 5167 2473 5220 corpus
2505 5148 2730 5213 Christi,
2756 5156 2896 5209 sine
2925 5156 3109 5229 Λόγῳ
3151 5174 3254 5212 suo
3277 5157 3347 5210 sul

1944 5223 2163 5285 debere,
2193 5222 2513 5282 immortale,
2540 5236 2663 5273 cum
2691 5233 3053 5280 caeterornrn
3070 5230 3347 5282 omnium«

1944 5291 2120 5346 sutura
2152 5293 2256 5343 sint
2282 5289 2698 5360 loytxdtssntum
2733 5292 2936 5350 locum
2972 5298 3066 5352 sic
3107 5298 3258 5366 lego.
3278 5307 3328 5352 et

1942 5379 2046 5432 gno
2069 5382 2081 5416 ε
2107 5361 2335 5425 Οὐκοῦν,
2374 5362 2500 5416 ἄνευ
2524 5360 2616 5413 τοῦ
2642 5360 2859 5430 Λόγου,
2898 5367 3081 5437 μόνον
3106 5368 3271 5423 τοῦτο
3300 5366 3347 5421 τὸ

1940 5433 2192 5504 στήσεται
2220 5432 2266 5495 ὲ.
2295 5432 2348 5484 ἁ.
2381 5450 2434 5485 κ.
2454 5434 2507 5498 ᾁ.
2538 5432 2592 5484 ά.
2611 5448 2666 5485 κ.
2687 5432 3002 5509 ἀκινησίᾳ,
3039 5439 3140 5506 ὅτε
3169 5439 3347 5501 antec<

1936 5511 2063 5568 etc„
2082 5504 2116 5557 ά
2153 5520 2187 5555 α
2204 5501 2283 5579 μὴ
2306 5501 2401 5565 ὢν,
2425 5500 2710 5562 etc-...dud
2741 5504 2947 5578 προὼν
2983 5509 3054 5563 ἐν
3082 5509 3239 5583 αὐτῷ
3258 5510 3347 5577 διβῖ

1940 5574 2030 5627 Sic
2055 5590 2119 5626 vu
2148 5586 2164 5625 t
2196 5574 2456 5627 Eusebius
2491 5573 2536 5626 si
2578 5582 2698 5627 erat
2738 5573 2809 5627 ὲν
2856 5578 3192 5637 ὑποστάσει
3220 5594 3308 5635 sua
3335 5590 3347 5645 ι

263 5646 577 5719 ὠνομάσθαι
613 5645 726 5700 ἅνω
758 5664 771 5699 :
804 5659 1108 5713 quanquam
1163 5644 1340 5710 potius
1372 5643 1669 5711 putaverim
1720 5642 1834 5696 ἄνω
1938 5659 2059 5696 cum
2103 5644 2435 5707 incarnatus,
2467 5642 2571 5709 ἔξω
2592 5648 2647 5696 et
2676 5643 3292 5721 xsxmpmpgvog'mt
3315 5662 3347 5700 τι

255 5713 588 5783 redundare.
613 5714 827 5776 tl.—R.
856 5730 908 5786 p.
950 5714 1021 5771 50
1049 5711 1407 5784 τοῦτον-οὑχ
1432 5711 1836 5781 ὅλων-γεγεν-
1936 5712 2088 5794 τρός,
2119 5729 2218 5767 cur
2252 5727 2357 5765 non
2413 5725 2465 5766 et
2498 5722 2625 5766 ante
2656 5720 2911 5784 saecula,
2945 5736 3091 5782 eum
3132 5731 3272 5780 esset
3291 5731 3347 5771 ω

281 5790 467 5858 ’σθαι.
511 5790 630 5850 ἄνω
678 5790 775 5850 καὶ
801 5787 958 5844 κάτω
988 5786 1097 5872 φῄς
1126 5786 1302 5843 deleto
1325 5784 1440 5840 ἂνω
1470 5781 1593 5851 pu‘st
1613 5780 1839 5864 ,ὠνουά-
1940 5800 2019 5853 τω
2035 5783 2248 5866 ματρίὶ)
2272 5782 2502 5839 M.—-lns
2503 5799 2557 5835 ra
2579 5781 2654 5841 Μ.
2688 5784 2751 5841 in
2771 5800 2942 5848 corr.
2966 5808 3075 5874 γρ.
3091 5791 3346 5866 dimine·

303 5884 388 5923 αι.
424 5866 564 5924 Dein
592 5867 759 5939 vulgo
786 5862 920 5920 Υἱδν
948 5878 1048 5919 του
1070 5859 1141 5916 Θ.
1170 5875 1232 5931 γ.
1264 5867 1324 5911 et
1343 5856 1446 5912 κο).
1469 5854 1683 5937 'ispum
1712 5854 1862 5925 Xnt-
1957 5854 2105 5910 hem
2122 5854 2446 5923 smffinkmm
2464 5849 2595 5926 Roo-

221 5939 362 6005 στὸν
418 5940 765 6015 ὠνομάσθαι
831 5949 891 6000 et
942 5935 1046 5996 καὶ
1078 5933 1143 5991 ol
1167 5931 1268 5989 κο).
1294 5929 1353 6005 ᾖ.
1386 5941 1450 5989 et
1466 5944 1575 5983 που
1600 5924 1671 5997 ἐξ
1691 5918 1788 5979 οἷον
1833 5933 1898 5980 et
