3692 6134
1012 308 1507 368 comat-:NTAmA
1548 305 1616 363 ΙΝ
1655 303 1909 364 ΙΒΑΙΑΙ.
1949 340 2017 368 -,-
2054 305 2209 365 ΕΑΡ.
2247 302 2341 367 xl.

3208 299 3311 362 tn

303 421 355 478 τά
372 423 432 479 το
449 424 581 479 αὐτὸ
600 425 998 497 συναγομένων.
1018 426 1202 481 Εἰπὼν
1221 427 1300 492 δὲ,
1330 445 1351 480 ι
1380 424 1493 481 Καὶ
1516 422 1641 496 βοῦς
1669 429 1716 487 Α
1742 433 1800 480 et
1822 440 1929 482 uua
1956 434 2120 483 erunt
2143 424 2307 481 catuli
2336 435 2549 490 eorum,
2572 436 2596 477 s
2631 419 2721 479 hle
2748 432 2964 493 quoque
2993 428 3307 477 mansueto·

303 533 400 582 ,τος
431 515 852 591 βοσκηθήσονται
877 519 1017 592 ἃμα,
1045 521 1141 575 καὶ
1173 521 1293 592 ἅμα
1323 519 1540 575 ἔσονται
1571 518 1641 573 τά

302 607 489 673 suffia,
517 627 548 660 ο
578 609 852 664 κάνταῦθα
873 610 1093 683 ἡμέρων
1128 628 1188 666 τε
1241 613 1336 668 καὶ
1359 614 1443 678 είς
1467 629 1644 685 γεωρ-

302 700 397 772 χῆς
422 701 742 773 ἐπιτηδείων
782 703 1014 778 ἀνδρῶν,
1047 704 1141 760 καὶ
1162 703 1338 762 ἀλλων
1356 705 1643 779 ἀπηγριω-

302 795 401 857 ιοῖς
442 793 686 865 τρόποις,
729 795 831 869 την
859 797 951 852 ἰπὶ
976 796 1039 851 τδ
1059 796 1191 851 αὐτὸ
1224 798 1506 854 κοινωνίαν
1527 798 1644 854 δια-

342 883 418 939 Σῦ
449 880 544 939 οὗν
591 884 858 942 πλουσίων
892 905 953 944 τε
977 883 1072 943 καὶ
1097 889 1360 961 πενήτων,
1390 889 1645 962 πονηρῶν

301 976 497 1046 ιγαθῶν
522 974 718 1044 παῖδας
740 979 881 1052 ὀρῶν
909 982 1407 1055 συγκρατουμένους
1426 983 1517 1037 ἐπὶ
1542 980 1644 1056 τῆς

301 1065 424 1131 νίας»
483 1065 858 1142 μαρτυρήσας
905 1072 975 1143 τῇ
1029 1071 1335 1144 προφητείᾳ
1387 1073 1640 1149 vnvm·

301 1176 372 1231 μα
385 1158 455 1213 τά
482 1160 672 1216 παιδία
694 1162 875 1217 αὐτῶν
900 1162 1132 1220 έσονται.
1164 1182 1185 1217 ι
1233 1163 1294 1220 Ὅ
1315 1166 1646 1240 σαρκοδόρος

304 1249 373 1323 ὴν
395 1248 555 1322 φύσιν
581 1250 739 1319 λέων,
762 1252 986 1328 ἀχύροις
1005 1254 1335 1328 τρεφόμενος
1364 1258 1642 1332 ποηφάγου

303 1356 429 1413 κην,
473 1341 761 1428 ἅνθρωπος
785 1342 854 1399 ἀν
893 1345 979 1417 εῖη
1009 1345 1173 1401 πάλιν
1223 1345 1492 1421 θηριώδης
1544 1348 1641 1404 καὶ

328 1429 457 1507 ψιλῇ
511 1436 579 1506 τῇ
619 1432 762 1513 λέξει
821 1433 922 1507 τῆς
952 1435 1104 1501 θείας
1153 1436 1360 1512 χαίρων
1396 1438 1638 1513 Γραφῆς.

301 1524 404 1602 γὰρ
450 1525 730 1582 λανθάνων
756 1528 817 1584 ἐν
861 1528 1167 1604 ἀποκρύφῳ
1205 1524 1350 1597 νοῦς,
1388 1527 1549 1598 αὐτὸς
1572 1532 1641 1589 ἀν

301 1616 415 1689 »ρος
431 1616 526 1673 καὶ
551 1616 1063 1694 ὀψυχῶντρόφιμος
1093 1606 1270 1693 λόγος·
1299 1625 1335 1696 ἡ
1366 1624 1425 1679 δὲ
1451 1623 1642 1679 τοῦτον

299 1708 469 1767 λουσα
489 1708 633 1777 λέξις
660 1710 723 1768 τὸ
750 1709 973 1787 ἄχυρον.

1743 533 1886 585 rum,
1917 525 1975 574 et
2005 518 2074 572 ad
2104 517 2301 572 anima
2328 514 2716 589 agriculturam
2765 512 3096 570 idoneorum
3135 512 3311 568 boml·

1742 622 1896 674 num,
1948 605 2290 675 aliorumque
2338 605 2584 661 moribus
2634 602 3005 667 efferatorum,
3061 616 3307 659 commu·-

1742 698 1960 754 nionem
1989 696 2269 754 describit.
2326 697 2408 753 Tu
2458 710 2590 768 ergo
2636 695 2727 766 qui
2765 695 2988 752 divitum
3017 703 3074 751 et
3105 706 3310 763 paupe-

1741 803 1886 859 rum,
1935 790 2303 862 improborum
2354 797 2411 844 et
2451 789 2715 845 bonorum
2776 786 2915 844 filios
2961 788 3015 844 in
3066 788 3306 844 Ecclesia

1742 884 2000 941 collectos
2050 883 2219 949 vides,
2296 881 2595 954 propbetire
2646 880 3014 936 testimonium
3073 878 3305 944 reddes,

1741 990 1865 1047 qum
1891 975 1990 1041 ait,
2033 993 2053 1028 ι
2080 975 2147 1030 Et
2166 972 2326 1031 simul
2362 971 2529 1028 catuli
2554 987 2744 1028 eorum
2772 978 2951 1027 erunt.
2994 988 3015 1023 ι
3042 969 3154 1026 Leo
3198 968 3306 1025 ita·-

1742 1082 1851 1139 que
1897 1077 2093 1123 natura
2124 1049 2467 1131 carnivorus,
2513 1064 2691 1120 instar
2742 1060 2997 1119 animalis
3034 1061 3307 1118 berbivori

1743 1159 1895 1232 palea
1938 1159 2200 1226 nutritus,
2241 1158 2366 1229 jure
2429 1156 2701 1212 habeatur
2740 1168 2839 1225 pro
2881 1153 3098 1209 bomine
3135 1150 3307 1208 feroci

1740 1269 1804 1309 ac
1830 1253 2149 1318 inhumano,
2182 1251 2273 1322 qui
2308 1250 2467 1306 nullae
2513 1248 2712 1303 divinae
2747 1244 3042 1318 Scriptura
3084 1246 3305 1304 lectioni

1741 1347 1992 1419 gaudeat.
2043 1345 2113 1399 At
2148 1344 2291 1400 enim
2336 1357 2490 1398 mens
2527 1341 2582 1396 in
2631 1338 2847 1395 occulto
2886 1336 3083 1406 latens,
3127 1338 3306 1408 ipsum

1743 1438 1980 1496 triticum
2009 1451 2074 1493 ac
2085 1435 2312 1493 verbum
2345 1433 2630 1489 animabus
2643 1429 2855 1486 alendis
2875 1439 3059 1502 aptum
3081 1447 3098 1498 ς
3125 1429 3307 1486 littera

1742 1545 1871 1589 vero
1914 1538 2147 1587 mentem
2195 1537 2254 1585 et
2302 1539 2522 1583 sensum
2588 1523 2977 1595 complectens,
3026 1521 3182 1595 palea
3225 1519 3311 1577 fu·

1740 1625 1869 1683 erit.

301 1822 310 1855 ·.
360 1801 572 1860 παιδίον
600 1803 791 1877 νήπιον
824 1805 920 1861 ἐπὶ
959 1806 1220 1880 τρωγλῶν
1250 1807 1517 1871 ἀσπίδων,
1550 1806 1646 1861 καὶ
1674 1766 1720 1826 Β
1817 1799 1985 1858 Vens.
2022 1801 2078 1859 8.
2109 1821 2130 1856 ι
2159 1799 2226 1859 Ει
2249 1815 2383 1872 puer
2419 1799 2601 1856 inians
2630 1800 2683 1856 in
2719 1797 2985 1856 foramina
3034 1797 3306 1872 aspldum,

302 1909 371 1964 ην
416 1891 653 1963 ἐκγόνων
692 1894 935 1951 ἀσπίδων
968 1896 1068 1970 τὴν
1101 1899 1262 1969 χεῖρα
1301 1896 1569 1952 ἐπιδαλεϊ.
1621 1914 1642 1949 a

301 2002 309 2035 ;
335 1978 577 2055 τρῶγλαι
596 1983 692 2038 καὶ
716 1986 894 2039 κοῖται
920 1984 1165 2039 ἀσπίδων
1192 1984 1292 2039 καὶ
1309 1984 1419 2038 τῶν
1440 1981 1651 2047 τούτοις

300 2075 422 2128 ἰτων
452 2067 564 2127 εἷεν
577 2070 644 2127 ἀν
655 2074 753 2128 καὶ
777 2073 846 2130 τά
861 2072 1090 2145 σώματα
1111 2072 1223 2128 τῶν
1250 2073 1359 2128 ὑπὸ
1381 2073 1651 2146 δαιμόνων

301 2160 488 2230 ςεένων,
519 2157 603 2227 οἷς
645 2161 1037 2234 ἐμφωλιύοντα
1083 2164 1155 2219 τά
1204 2164 1512 2237 έρπυστικά
1555 2165 1651 2219 καὶ

300 2249 559 2323 πνεύματα
574 2252 906 2320 ἐκοιτάζετο,
922 2251 1193 2325 τρώγλαις
1210 2252 1397 2327 ὥσπερ
1415 2257 1527 2320 τοῖς
1551 2253 1647 2309 τοῦ

300 2357 322 2405 ς
347 2338 722 2415 αίσθητηρίοις
732 2340 1009 2415 χρώμενα.
1043 2342 1224 2397 Ταῦτα
1247 2343 1306 2398 δέ
1332 2343 1393 2398 τὸ
1411 2344 1646 2417 Χριστοῦ

300 2472 305 2488 .
343 2431 487 2504 ἀνὴρ
512 2448 598 2497 τις
623 2431 830 2498 άπλοῦς
857 2433 952 2487 καὶ
976 2432 1073 2506 τὴν
1100 2434 1302 2489 κακίαν
1343 2436 1643 2509 νηπιάζων,

299 2521 534 2595 Σωτῆρος
558 2521 863 2579 ἀπελαῦνον
887 2523 1133 2595 δυνάμει,
1167 2524 1267 2598 την
1293 2527 1450 2598 χεῖρα
1476 2520 1643 2582 αὐτοῦ

299 2628 346 2667 τι
397 2613 560 2685 μηδὲν
599 2617 917 2669 κακοποιεῖν
966 2614 1289 2689 δυναμένοις
1321 2616 1411 2672 διά
1448 2617 1541 2673 τὸν
1576 2618 1642 2674 ἐκ

300 2704 485 2759 Ἰεσσαὶ
534 2704 882 2777 προελθόντα·
912 2704 974 2771 δς
1027 2704 1275 2773 ἐξουσίαν
1324 2708 1496 2764 ἐδίδου
1526 2713 1643 2776 τοῖς

299 2794 497 2859 ιαιδίοις
527 2799 716 2851 πατεῖν
762 2796 950 2852 ἐπάνω
997 2798 1172 2869 δφεων
1199 2801 1295 2855 καὶ
1343 2802 1641 2874 σκορπίων,

305 2888 482 2941 πᾶσαν
509 2886 608 2960 τὴν
629 2887 857 2960 δύναμιν
876 2887 975 2944 τοῦ
1004 2889 1219 2962 ἐχθροῦ.

299 2995 309 3032 ·.
338 2976 400 3033 οὐ
444 2977 520 3050 μὴ
575 2980 1021 3053 κακοποιὴσουσι,
1050 2982 1173 3037 οὐδὲ
1212 2981 1289 3055 μὴ
1325 2983 1642 3057 δυνήσονται

299 3086 327 3123 ·.t
375 3069 567 3125 οὐδένα
608 3070 703 3125 ἐπὶ
730 3073 793 3127 τὸ
829 3072 955 3147 ὄρος
975 3074 1040 3129 τὸ
1075 3075 1232 3145 ἀγιόν
1261 3093 1379 3131 σου.
1418 3097 1438 3130 ι
1471 3078 1642 3134 Τοῦτο

299 3157 342 3214 ιι
366 3159 492 3232 ὅρος
522 3160 585 3215 τὸ
609 3161 705 3216 και
747 3162 838 3217 διὰ
861 3162 973 3219 τῶν
1001 3164 1311 3239 ιμπροσοεν
1341 3166 1644 3242 &sumpt-
1668 3130 1712 3191 ⁰

299 3264 309 3302 ι
348 3248 476 3305 ἀλλο
495 3268 548 3305 τι
571 3249 633 3305 δν
668 3250 763 3306 τοῦ
801 3253 1124 3325 ἐπουρανίου
1162 3255 1257 3310 καὶ
1288 3256 1642 3327 εὐαγγελικοῦ

299 3340 365 3410 ;φ’
393 3331 455 3395 οὗ
483 3342 514 3396 δ
538 3337 688 3408 οἶκος
715 3341 810 3398 τοῦ
850 3342 1010 3411 Θεοῦ,
1030 3343 1185 3420 καὶὴ
1219 3346 1515 3421 Ἐκκλησία
1542 3349 1644 3404 αύ-

299 3432 547 3505 δόμηται.
574 3435 691 3490 Ἵνα
703 3435 836 3506 γοῦν
860 3438 935 3510 μή
960 3455 1046 3505 τις
1066 3438 1130 3495 τὸ
1158 3438 1391 3496 ἐνταῦθα
1420 3441 1646 3516 λεγόμε-

297 3539 327 3590 ς
356 3523 554 3598 νομίσῃ
572 3521 709 3581 εἶναι
733 3527 797 3582 τὸ
826 3528 887 3582 ἐν
917 3528 1073 3602 μέρει
1099 3529 1301 3600 γωνίας
1314 3531 1415 3603 τῆς
1440 3533 1646 3589 Παλαι-

299 3615 568 3682 ’Ῑουδαίοις
613 3617 1035 3694 ὑπειλημμένον,
1084 3623 1338 3695 διασαφεῖ
1375 3625 1475 3699 την
1522 3626 1643 3683 διά-

298 3704 374 3779 ,ἦς
409 3705 701 3781 ἐπιφέρων·
729 3728 749 3762 ι
801 3710 926 3765 Ὅτι
954 3712 1261 3786 ἐνεπλήσθη
1295 3715 1329 3787 η
1377 3715 1644 3788 σύμπασα

298 3797 485 3868 γνῶναι
510 3799 604 3855 τὸν
633 3800 857 3874 Κύριον,
891 3802 969 3869 ὡς
1005 3802 1149 3879 ῦδωρ
1172 3806 1309 3862 πολὺ
1333 3807 1644 3864 κατακαλύ·

297 3888 504 3954 ιάσσας·
537 3908 559 3944 a
593 3889 737 3946 οῦτω
769 3895 1050 3966 σημαίνων
1092 3895 1188 3970 τὴν
1219 3897 1340 3952 καθ’
1368 3898 1497 3971 ὅλης
1544 3901 1644 3973 τῆς

298 3993 394 4052 νης
424 3978 713 4053 ἱδρυμένην
761 3982 1086 4057 Ἐκκλησίαν
1119 3986 1278 4054 Θεοῦ,
1317 3989 1413 4044 καὶ
1443 3991 1544 4064 τὴν
1584 3990 1646 4046 ἐν

297 4072 642 4144 ςρυττομένην
665 4072 864 4147 εύσεδῆ
882 4075 1107 4146 γνῶσιν,
1132 4079 1234 4151 τὴν
1254 4082 1362 4136 πᾶν
1389 4081 1452 4136 τὸ
1469 4082 1646 4155 ἀλμυ-

326 4162 524 4227 κακίας
555 4162 649 4219 τοῦ
693 4162 831 4234 βίου,
860 4164 1051 4241 ὥσπερ
1084 4168 1262 4242 πολλῷ
1306 4170 1385 4243 τῷ
1414 4172 1646 4245 ῥεύματι

297 4253 532 4321 ὶζουσαν,
580 4259 675 4313 καὶ
715 4256 897 4314 πᾶσαν
931 4257 1111 4331 ψυχῆς
1162 4259 1463 4337 μοχθηρίαν
1509 4266 1639 4319 ἀπο-

297 4362 462 4402 ιυσαν.

297 4520 323 4578 λ
353 4523 503 4581 ἕσται
534 4525 594 4580 ἐν
627 4524 810 4603 ἐκείνῃ
833 4528 902 4601 τῇ
934 4525 1120 4603 ἡμέρᾳ
1147 4526 1180 4602 ἡ
1210 4529 1334 4603 ῥίζα
1371 4527 1469 4586 τοῦ
1505 4531 1638 4587 Ἰοσ-
1668 4477 1716 4538 D

297 4618 361 4672 ιδ
403 4618 755 4692 ἀνιστάμενος
786 4621 973 4693 ἀρχειν
1004 4620 1192 4677 ἐθνῶν·
1224 4622 1310 4676 ἐπ’
1339 4623 1487 4696 αὐτῷ
1510 4623 1639 4696 ἔθνη

298 4724 336 4764 ι·
364 4709 460 4764 καὶ
485 4709 698 4785 έσταιὴ
742 4712 1047 4778 ἀνάπαυσις
1091 4712 1256 4770 αὑτοῦ
1282 4716 1438 4788 τιμή.
1473 4734 1492 4768 ι
1552 4715 1643 4772 Ἐν

297 4792 375 4856 ἦν
408 4802 475 4876 τῇ
494 4799 708 4878 ἡμέρᾳ,
742 4802 903 4875 δῆλον
931 4804 989 4859 δέ
1017 4805 1101 4859 ὅτι
1141 4805 1284 4861 κατὰ
1313 4806 1404 4860 τὸν
1425 4823 1640 4879 προφη-

297 4893 363 4946 w
390 4892 608 4965 ’χρῶον,
641 4884 796 4961 οὗτος
843 4895 1004 4961 αὐτὸς
1030 4899 1096 4952 ἐκ
1125 4897 1226 4967 τῆς
1250 4898 1406 4969 ῥίζης
1445 4899 1643 4954 Ἰεσσαὶ

297 4979 525 5053 ρόμενος,
556 4984 694 5055 μετά
707 4985 768 5041 τὸ
788 4986 1102 5059 ἀναστῆναι,
1126 4987 1367 5060 δηλονότι
1391 4988 1526 5062 μετὰ
1541 4990 1642 5064 τὴν

297 5070 364 5126 ὧν
394 5074 703 5142 ἀνάστασιν,
738 5077 838 5132 οὐκ
873 5077 1136 5133 Ἰουδαίων
1183 5078 1335 5134 ἐσται
1364 5078 1640 5152 βασιλεὺς,

297 5177 406 5235 περ
428 5162 588 5230 αὐτὸς
617 5165 646 5221 ό
663 5162 826 5221 Δαυῖδ
856 5167 908 5221 οῖ
928 5165 1193 5222 τετούτου
1228 5167 1481 5240 διάδοχοι,
1510 5167 1641 5242 βραε

297 5251 413 5318 ινδς
442 5254 642 5324 γωνίας
665 5256 950 5331 κρατήσει,
985 5254 1089 5331 τῆς
1113 5258 1159 5314 δ’
1193 5258 1508 5332 ἀπανταχοῦ
1537 5261 1640 5333 γῆς

295 5344 365 5398 tta
388 5345 639 5419 οὐδαμῶς
682 5348 910 5405 θάνατον
942 5349 1253 5424 ὑπογράφει
1288 5351 1475 5407 αὐτοῦ·
1505 5352 1640 5409 ἀνά-

296 5436 650 5513 δδόνομάζει,
675 5443 770 5497 καὶ
795 5442 973 5511 δόξαν,
1003 5443 1101 5498 καὶ
1126 5445 1313 5517 τιμήν.
1342 5444 1513 5501 Τοῦτο
1532 5445 1641 5519 γὰρ

295 5531 428 5600 τέλος
473 5534 576 5606 τῆς
611 5534 707 5591 τοῦ
748 5537 1001 5610 Σωτῆρος
1024 5536 1183 5611 ημιῖιν
1209 5539 1291 5604 είς
1320 5537 1640 5613 ἀνθρώπους

296 5618 399 5687 loe·
450 5623 481 5679 δ
524 5624 589 5698 δὴ
630 5625 725 5680 καὶ
757 5624 920 5691 αὐτὸς
948 5629 979 5683 ὁ
1004 5623 1197 5702 Σωτὴρ
1225 5626 1382 5702 ἡμῶν
1404 5628 1638 5694 δεικνὺς,

295 5727 338 5769 w
353 5715 421 5787 τῇ
443 5714 579 5789 πρὸς
601 5715 693 5772 τὸν
719 5717 938 5793 Πατέρα
961 5720 1113 5793 εὐχῇ·
1135 5738 1155 5773 ι
1195 5719 1396 5793 Πάτερ,
1423 5718 1641 5789 δόξασόν

1748 1891 1888 1947 etin
1928 1891 2125 1946 cubilia
2171 1892 2405 1946 tiliorum
2459 1889 2707 1959 aspidum
2762 1904 2977 1945 manum
3016 1888 3244 1960 injiciet.
3278 1904 3303 1943 s

1750 1981 2044 2038 Foramina
2076 1990 2132 2037 et
2169 1982 2366 2037 cubilia
2398 1982 2648 2052 aspidum
2678 1997 2744 2037 ac
2775 1982 3058 2053 progenies
3094 1993 3311 2044 eorum,

1749 2071 1988 2130 fortasse
2026 2085 2258 2142 corpora
2308 2069 2514 2127 ruerint
2553 2086 2741 2128 eorum
2773 2072 2864 2142 qui
2903 2086 2934 2127 a
2976 2072 3311 2129 daemonibus

1750 2164 2053 2235 agitantur,
2087 2164 2178 2221 ubi
2208 2178 2307 2221 ceu
2339 2164 2393 2220 in
2423 2162 2664 2218 latibulis
2691 2171 2745 2217 et
2785 2159 2955 2219 foveis
2988 2162 3208 2234 reptiles
3233 2164 3309 2219 illl

1747 2266 1805 2313 et
1833 2255 2087 2312 venenati
2115 2255 2341 2327 spiritus
2368 2254 2593 2319 cubant,
2622 2253 2903 2323 corporeis
2938 2253 3192 2310 sensibus
3214 2269 3314 2311 ceu

1746 2346 2108 2405 foraminibus
2135 2355 2368 2403 utentes.
2424 2343 2534 2402 flos
2579 2358 2747 2415 porro
2795 2358 2927 2415 puer
2975 2345 3201 2410 Christi,
3234 2348 3320 2404 vir

1706 2469 1716 2478 -
1744 2442 1927 2514 quivis
1950 2442 2178 2514 simplex
2209 2452 2267 2498 et
2294 2440 2502 2497 malitia
2530 2439 2738 2506 infans,
2771 2439 3077 2498 salvatoris
3116 2443 3318 2499 virtute

1747 2533 2043 2604 depellens,
2079 2550 2299 2590 manum
2329 2534 2482 2590 suam
2527 2533 2594 2591 iis
2635 2531 2834 2603 injicit,
2885 2533 3022 2590 nibil
3058 2534 3186 2591 mali
3221 2536 3310 2592 in-

1745 2625 1894 2683 ferre
1918 2627 2248 2690 valentibus.
2273 2635 2493 2697 propter
2530 2641 2654 2682 eum
2674 2627 2767 2698 qui
2812 2642 2875 2684 ex
2918 2626 3102 2683 radice
3140 2625 3310 2685 Jessae

1743 2718 1968 2791 prodiit,
2025 2719 2117 2790 qui
2161 2727 2482 2789 potestatem
2535 2718 2661 2794 liliis
2690 2720 2802 2777 suis
2868 2719 3019 2777 dedit
3062 2720 3307 2777 calcandi

1743 2826 1906 2883 snpra
1952 2821 2235 2884 serpentes
2280 2821 2337 2869 et
2393 2814 2738 2885 scorpiones,
2776 2822 2833 2869 et
2873 2828 3034 2887 supra
3087 2827 3306 2871 omnem

1742 2900 1998 2955 virtutem
2030 2900 2257 2955 inimici.

1813 2988 1979 3047 Vens.
2004 2991 2060 3048 9.
2121 3008 2141 3042 ι
2166 2990 2234 3047 Et
2259 3005 2366 3048 non
2412 2991 2707 3058 nocebunt,
2757 3004 2859 3048 nec
2903 3000 3156 3062 poterunt
3181 3006 3305 3063 per·

1744 3082 1875 3138 dere
1911 3096 2237 3153 quemquam
2293 3082 2348 3139 ln
2397 3092 2586 3139 moute
2636 3091 2829 3140 sancto
2886 3092 2999 3139 tuo.
3033 3100 3054 3135 ι
3102 3082 3200 3139 llic
3226 3091 3312 3139 est

1748 3189 1905 3229 mons
1945 3172 2036 3230 ille
2075 3173 2326 3245 superius
2383 3185 2736 3242 memoratus,
2787 3187 2893 3231 nec
2948 3173 3109 3240 alius,
3148 3189 3311 3245 quam

1745 3262 1968 3320 coeleste
1991 3273 2048 3320 et
2075 3266 2447 3337 evangelicum
2476 3264 2722 3333 verbum,
2750 3264 2805 3321 in
2834 3280 2942 3337 quo
2981 3267 3176 3323 domus
3212 3264 3308 3321 Dei

1743 3364 1801 3412 et
1834 3355 2073 3411 Ecclesia
2103 3354 2220 3425 ejus
2250 3356 2517 3412 aeditlcata
2557 3365 2665 3413 est.
2716 3355 2796 3415 Ne
2840 3357 2965 3429 quis
3004 3357 3175 3431 igitur
3224 3358 3314 3413 bic

1743 3456 2105 3502 memoratum
2133 3454 2394 3512 montem,
2418 3444 2567 3502 ilium
2598 3448 2831 3504 aestimet
2851 3461 2995 3516 esse,
3033 3464 3196 3521 quem
3214 3448 3313 3506 Ju-

1743 3535 1846 3593 daei
1898 3538 2213 3607 opinantur.
2262 3538 2313 3591 in
2373 3537 2569 3608 angulo
2609 3537 2908 3595 Palaestinae
2951 3539 3141 3605 situm,
3183 3541 3312 3596 dicti

1744 3636 1978 3685 mentem
2007 3628 2242 3699 explicat
2298 3642 2365 3684 ac
2418 3627 2719 3700 subiungit,
2764 3647 2785 3682 ι
2812 3627 2953 3696 Quia
2991 3630 3192 3700 repleta
3223 3643 3311 3686 est

1743 3722 1996 3779 universa
2072 3731 2219 3778 terra
2278 3720 2586 3794 cognitione
2637 3722 2870 3789 Domini,
2938 3722 3014 3779 ita
3062 3732 3123 3778 ut
3169 3738 3308 3794 aqua

1743 3812 1911 3871 multa
1938 3813 2153 3885 operiat
2185 3814 2394 3872 mariaz
2427 3832 2449 3869 s
2488 3815 2567 3871 sic
2605 3812 2853 3872 indicans
2886 3814 3183 3872 Ecclesiam
3211 3814 3305 3871 Dei

1741 3921 1840 3979 per
1869 3914 2045 3962 totum
2064 3906 2252 3962 orbem
2282 3904 2607 3971 stabilitam,
2653 3906 2907 3977 piamque
2932 3908 3305 3980 cognitionem

1741 4001 1798 4057 in
1839 3999 1929 4055 illa
1987 3996 2364 4070 praedicatam,
2405 4012 2530 4069 qua
2562 4008 2734 4056 totam
2771 4000 3029 4072 nequitia
3085 3998 3307 4068 huiusce

1742 4093 1869 4149 vitae
1915 4090 2245 4163 salsuginem
2283 4104 2385 4149 ceu
2418 4105 2609 4164 magno
2640 4106 2906 4163 aquarum
2937 4091 3102 4148 fluctu
3145 4092 3308 4147 inun-

1743 4183 1859 4251 det,
1894 4192 1951 4239 et
1983 4191 2147 4239 totam
2172 4182 2366 4239 animae
2393 4182 2696 4254 nequitiam
2721 4191 3009 4255 expurget.

1813 4524 1982 4585 Vens.
2007 4524 2098 4582 10.
2143 4543 2163 4578 ι
2193 4524 2260 4582 Et
2281 4526 2385 4584 erit
2412 4523 2466 4581 in
2501 4522 2587 4581 die
2612 4521 2700 4580 illa
2731 4520 2885 4581 radix
2912 4520 3098 4591 Jessae,
3126 4522 3305 4597 etqui

1744 4621 1986 4692 exsurgit
2025 4619 2298 4692 imperare
2328 4618 2578 4691 gentibus
2603 4635 2619 4674 ι
2650 4616 2706 4672 in
2739 4617 2858 4689 ipso
2889 4626 3076 4691 gentes
3120 4631 3308 4688 spera-

1746 4713 1921 4769 bunt:
1960 4719 2019 4768 et
2067 4710 2175 4768 erit
2220 4711 2435 4781 requies
2479 4710 2598 4777 ejus
2648 4709 2839 4766 bonor.
2865 4729 2884 4764 a
2938 4709 2994 4766 ln
3034 4708 3127 4765 illa
3176 4723 3309 4781 ergo

1747 4804 1855 4869 die,
1899 4813 1958 4859 ut
1987 4802 2163 4876 palam
2208 4811 2323 4868 est,
2354 4802 2409 4857 in
2441 4811 2685 4872 tempore
2717 4817 2748 4858 a
2786 4801 3061 4873 prophetia
3097 4810 3306 4865 notato,

1744 4896 1833 4953 bic
1862 4897 1978 4967 ipse
2005 4896 2100 4968 qui
2133 4910 2202 4951 ex
2234 4896 2417 4951 radice
2439 4891 2609 4951 Jessae
2640 4902 2985 4951 surrecturus
3016 4903 3124 4960 est,
3161 4903 3310 4963 post-

1743 5003 1906 5060 quam
1948 4988 2283 5054 surrexerit,
2329 4988 2381 5043 id
2422 4996 2538 5051 est,
2573 4995 2697 5059 post
2741 4987 3194 5044 resurrectionem
3241 5000 3310 5042 ex

1742 5082 1994 5144 mortuis,
2040 5093 2146 5135 non
2193 5077 2501 5135 Judaeorum
2549 5095 2645 5136 rex
2693 5079 2828 5145 erit,
2878 5093 3053 5149 neque
3088 5078 3312 5148 perinde

1741 5178 1904 5238 atque
1931 5168 2099 5223 David
2124 5167 2352 5239 ejusque
2387 5182 2753 5232 successores,
2790 5169 2845 5226 in
2877 5183 3047 5239 parvo
3071 5168 3307 5238 quodam

1739 5260 1936 5333 angulo
1976 5258 2285 5331 imperabit,
2325 5258 2420 5316 sed
2453 5260 2508 5315 ln
2547 5262 2856 5317 universam
2889 5269 3090 5317 terram
3136 5257 3312 5331 irnpe-

1740 5352 1879 5407 rium
1906 5350 2188 5409 obtinebit.
2216 5349 2397 5419 Quare
2422 5366 2683 5424 nusquam
2710 5352 2828 5423 ejus
2856 5359 3084 5407 mortem
3107 5350 3310 5421 scripto

1741 5441 1924 5507 tradit,
1945 5441 2042 5499 sed
2072 5442 2319 5514 requiem
2349 5453 2525 5513 vocat,
2552 5441 2775 5515 gloriam
2806 5448 2862 5497 et
2891 5440 3176 5498 bonorem.
3203 5438 3308 5500 uto

1738 5533 1936 5607 quippe
1973 5532 2283 5594 servatoris
2314 5535 2484 5594 nostri
2516 5548 2645 5605 erga
2694 5531 2943 5590 homines
2990 5531 3310 5590 oeoeoomtn

1739 5619 1864 5683 linis
1911 5634 2030 5684 erat
2076 5646 2094 5686 ι
2140 5628 2284 5699 quod
2344 5626 2461 5698 ipse
2522 5623 2783 5682 servator
2841 5622 3045 5682 iudicat
3094 5622 3150 5679 in
3202 5637 3302 5679 sua

1741 5721 1808 5780 ad
1852 5718 2069 5795 Patrem
2120 5720 2366 5779 oratione
2407 5719 2496 5778 bis
2530 5714 2710 5778 vorbis
2738 5733 2755 5774 ι
2791 5733 2813 5773 ι
2840 5715 3024 5786 Pater,
3063 5713 3303 5787 glorifica
