3692 6134
324 191 331 200 ’
352 200 464 257 165

1288 194 1792 255 consummata
1827 194 1896 250 m
1931 194 2185 252 tsalsu.
2223 224 2291 239 -
2320 194 2473 252 cst).
2512 195 2583 251 Χ.

3492 200 3596 256 {6⁶

352 318 624 376 ammav-
665 314 802 391 πρὸς
849 313 946 387 μέν
974 315 1143 381 λεςιν,
1183 314 1534 387 ἀνηνιγμένα
1558 313 1655 367 ἐπὶ
1688 313 1781 367 τὸν
1808 312 1927 368 Να-
1955 320 2001 377 Α
2027 312 2324 368 secundum
2355 310 2591 369 litteram
2627 310 2873 384 quidem,
2917 314 2965 370 si
3003 314 3073 369 ad
3102 312 3597 374 Nabuchodonoso-

353 408 738 480 6ουχοδονόσορ
760 444 776 471 ,
823 406 915 461 τὸν
961 407 1322 478 ἐμπρήσαντα
1364 405 1458 460 τὸν
1511 405 1640 459 ναὸν
1682 404 1778 459 καὶ
1826 404 1926 476 τὴν

357 501 515 558 πόλιν
539 517 554 532 ·
590 498 796 572 repe-:et
821 498 1078 565 διάνοιαν,
1109 496 1204 553 ἐπὶ
1227 498 1329 570 τὴν
1356 496 1742 569 ἀντικειμένην
1766 494 1928 550 δύνα-

363 610 479 667 μιν,
512 587 581 665 ἦς
617 590 686 646 τά
724 590 1020 662 λελεγμένα
1073 591 1133 645 ὲν
1170 591 1238 661 τῇ
1282 589 1589 677 προφητείᾳ
1626 588 1926 659 παθούσης,

360 681 637 758 καθῃρέθη
684 680 881 735 αὐτίκα
912 680 946 752 ἡ
976 678 1084 733 ὤν
1125 678 1385 734 ἐναντίων
1420 677 1720 752 Ἀσσυρίων
1762 678 1928 732 δυνα-

367 773 541 830 στεία.

440 882 461 920 ι
488 865 599 919 Καὶ
628 862 779 916 ἔσται
809 863 870 915 ὲν
896 862 962 931 τῇ
994 859 1181 933 ἡμέρᾳ
1235 859 1449 935 ὶκείνῃ,
1477 858 1660 914 οὐκέτι
1697 875 1931 931 προσιε-

360 957 582 1030 θήσεται
609 954 673 1008 τὸ
722 950 1087 1020 καταλειφθὲν
1147 950 1383 1025 Ἰσραὴλ,
1426 952 1525 1006 καὶ
1568 952 1622 1006 οἱ
1667 950 1931 1015 σωθέντες

356 1046 453 1104 τοῦ
491 1043 687 1101 Ἰακὼδ
713 1042 898 1097 οὐκέτι
923 1041 999 1113 μὴ
1024 1040 1345 1107 πεποιθότες
1371 1035 1506 1096 ὦσιν
1540 1041 1635 1096 ἐπὶ
1657 1042 1781 1105 τοὺς
1811 1040 1930 1094 &⁶2-

356 1141 632 1213 κησαντας
678 1135 897 1200 αὐτοὺς,
942 1132 1080 1189 ἀλλὰ
1111 1133 1324 1188 έσονται
1350 1133 1672 1198 πεποιθότες
1710 1132 1804 1187 ἐπὶ
1838 1130 1931 1187 τὸν

354 1228 492 1284 θεὸν
509 1227 601 1281 τὸν
633 1225 786 1295 άγιον
809 1222 906 1278 τοῦ
939 1221 1154 1296 Ἰσραὴλ
1177 1224 1244 1295 τῇ
1268 1222 1516 1295 ἀληθείᾳ..
1547 1222 1656 1278 Καὶ
1690 1220 1839 1275 ἔσται
1868 1220 1931 1275 τὸ

356 1316 715 1389 καταλειφθὲν
753 1313 849 1369 τοῦ
895 1312 1092 1370 Ἰακὼὸ
1122 1313 1215 1369 επὶ
1247 1313 1381 1369 θεὸν
1431 1314 1700 1387 ίσχύοντα.
1738 1333 1757 1366 ι
1792 1314 1930 1384 Φησὶ

354 1400 437 1482 τῷ
468 1406 667 1482 καιρῷ,
695 1407 819 1462 καθ’
851 1406 913 1461 δν
940 1405 1123 1461 πάντα
1155 1403 1227 1459 τά
1259 1403 1622 1479 προλεχθέντα
1652 1406 1796 1461 κατὰ
1831 1407 1929 1462 τοῦ

352 1500 686 1573 δηλωθέντος
698 1497 961 1571 ἄρχοντος
979 1496 1091 1553 τῶν
1120 1496 1419 1570 Ἀσσυρίων
1446 1496 1515 1551 δι’
1539 1496 1716 1571 ῑργων
1749 1498 1932 1570 χωρή-

359 1607 524 1657 σειεν,
571 1593 621 1646 ot
658 1588 1096 1661 περιλειφθέντες
1122 1586 1219 1644 τοῦ
1248 1588 1929 1660 αίχμαλοπισθέντοςζλαοῦ

2028 418 2140 459 rem
2185 401 2512 470 referamur,
2539 403 2632 474 qui
2668 402 2926 473 templum
2974 404 3216 461 incendit
3264 416 3321 462 et
3363 406 3591 474 urbem:

2029 494 2325 549 secundum
2365 503 2597 550 mentem
2642 509 2793 560 vero,
2825 496 2871 551 si
2898 495 2966 550 ad
2990 506 3317 565 potestatem
3339 499 3593 556 adversa·

2028 584 2187 650 riam,
2219 598 2342 656 quae
2375 598 2496 640 cum
2525 598 2611 649 ea,
2641 600 2762 656 quae
2792 587 2845 641 in
2880 586 3161 657 prophetia
3193 586 3598 659 seruntunper-

2028 688 2187 743 pessa
2237 682 2408 738 esset,
2461 675 2894 732 adversariorum
2942 675 3294 748 Assyriorum
3350 679 3592 748 potentia

2027 764 2317 823 confestim
2340 765 2552 822 sublata
2583 776 2690 822 est.

2097 855 2264 913 Vsus.
2287 854 2380 920 20,
2403 854 2495 911 21.
2526 873 2546 907 ι
2576 854 2643 910 Ει
2673 854 2779 912 erit
2808 855 2862 911 in
2896 856 2983 911 die
3010 854 3121 923 illa,
3154 870 3261 913 non
3287 856 3428 914 ultra
3457 858 3597 927 adji-

2028 947 2203 1002 cietur
2231 946 2504 1001 residuum
2529 943 2714 1010 lsrael,
2739 955 2800 1001 et
2830 946 2919 1015 qui
2952 947 3088 1002 salvi
3107 946 3305 1003 fuerint
3327 962 3396 1005 ex
3426 946 3598 1008 Jacob

2030 1055 2137 1093 non
2169 1038 2311 1114 ultra
2363 1038 2618 1095 fiduciam
2644 1040 2920 1096 habebunt
2947 1040 3001 1095 in
3030 1040 3151 1097 illos
3189 1040 3281 1110 qui
3312 1056 3373 1097 se
3397 1042 3597 1113 iitjuria

2031 1130 2360 1199 affecerunt3
2405 1132 2502 1187 sed
2551 1131 2800 1187 fiduciam
2839 1132 3113 1188 habebunt
3162 1133 3216 1188 in
3263 1134 3376 1191 Deo
3404 1144 3601 1192 saneto

2029 1223 2196 1280 lsrael
2224 1224 2277 1279 in
2305 1223 2561 1284 veritate.
2600 1224 2669 1279 Et
2696 1226 2802 1280 erit
2835 1225 3109 1281 residuum
3136 1224 3303 1283 Jacob
3333 1228 3386 1283 in
3428 1227 3595 1283 Deum

2028 1313 2245 1373 [ortem.
2307 1334 2327 1368 ι
2387 1315 2506 1386 Quo
2554 1327 2818 1388 tempore,
2858 1316 3074 1388 inquit,
3116 1318 3375 1388 praedicta
3417 1320 3597 1375 omnia

2028 1416 2218 1463 contra
2267 1418 2623 1465 memoratum
2670 1409 2971 1480 principem
3009 1410 3357 1483 Assyriorum
3382 1450 3400 1478 ,
3438 1426 3602 1483 opere

2030 1496 2481 1569 complebuntur;
2529 1498 2622 1569 qui
2669 1514 2737 1552 ex
2764 1495 3075 1555 Judaeoru'm
3118 1500 3318 1571 populo
3348 1500 3402 1558 in
3429 1502 3600 1573 capti·

2029 1590 2251 1646 vitatem
2286 1590 2520 1646 abducto
2568 1589 2771 1646 residui
2806 1599 2988 1656 erunt,
3016 1591 3087 1647 ab
3129 1592 3348 1648 inimica
3383 1593 3605 1662 regione

355 1682 467 1737 τῶν
498 1680 788 1746 Ἰουδαίων,
819 1680 921 1753 τῆς
951 1679 1217 1753 πολεμίας
1254 1679 1441 1754 χώρας
1469 1679 1744 1752 ἐλεύθεροι
1773 1680 1929 1748 γενό-
1962 1678 2003 1733 B
2029 1681 2186 1738 liberi
2218 1684 2529 1745 evadentes,
2574 1691 2629 1738 et
2657 1684 2710 1739 in
2747 1686 3018 1754 propriam
3054 1689 3281 1751 reversi,
3321 1699 3430 1741 non
3460 1686 3601 1740 ultra

361 1788 532 1848 μενοι,
558 1774 656 1828 καὶ
684 1774 765 1838 είς
780 1773 881 1846 τὴν
899 1772 1103 1829 οἰκείαν
1124 1772 1530 1837 ἐπανελθόντες,
1546 1771 1734 1826 οὐκέτι
1760 1787 1934 1841 προσ-

361 1867 572 1934 έξουσιν
616 1859 699 1932 οἷς
737 1864 903 1921 πάλαι
924 1869 1211 1939 προσεῖχον
1251 1866 1474 1936 δαίμοσι
1516 1866 1796 1936 πονηροῖς,
1822 1867 1937 1928 τοῖς

360 1959 458 2023 τάς
478 1957 658 2031 ψυχὰς
681 1957 857 2014 αὐτῶν
874 1957 1180 2031 ἠδικηκόσι,
1195 1957 1294 2011 καὶ
1312 1957 1532 2011 πάντων
1552 1955 1735 2019 αὐτοῖς
1750 1954 1937 2009 κακῶν

361 2050 557 2117 αἰτίοις
589 2049 937 2121 γενομένοις·
964 2049 1103 2105 ἀλλά
1126 2048 1208 2120 τῷ
1231 2046 1353 2120 Θεῷ
1389 2047 1575 2101 λοιπδν
1612 2045 1935 2117 προσέξουσι

367 2140 533 2212 μόνῳ,
567 2140 666 2195 &er
712 2139 960 2213 λυτρωτῇ
1005 2138 1109 2200 καὶ,
1147 2136 1361 2208 Σωτῆρι
1411 2133 1592 2190 αὐτῶν
1641 2132 1932 2205 γενομένῳ.

377 2229 711 2303 Ἐπληροῦτο
731 2229 789 2284 et
807 2226 1099 2285 καὶταῦτα
1119 2226 1259 2299 πρὸς
1295 2224 1441 2294 λέξιν
1469 2224 1612 2280 κατὰ
1639 2223 1822 2295 Κῦρον
1843 2224 1936 2276 τὸν

364 2321 590 2395 Περσῶν
621 2319 862 2393 βασιλέα,
891 2319 953 2385 ee
982 2320 1190 2384 πάντας
1224 2318 1395 2389 ἀνῆκε
1412 2317 1541 2381 τοὺς
1560 2316 1620 2370 έν
1642 2317 1709 2388 τῇ
1732 2316 1936 2386 αίχμα-

362 2413 534 2486 λωσίᾳ
578 2412 897 2478 Ἰουδαίους·
935 2411 1060 2467 καθ’
1080 2410 1143 2468 δν
1188 2409 1381 2482 καιρὸν
1410 2409 1462 2464 οἱ
1492 2407 1622 2480 περὶ
1647 2407 1740 2461 τὸν
1771 2408 1936 2480 Ζορο-

362 2502 545 2569 δάδελ,
593 2504 686 2559 καὶ
729 2502 934 2575 Ἰησοῦν
955 2500 1049 2557 τὸν
1089 2499 1185 2556 τοῦ
1223 2500 1475 2556 Ἰωσεδὲκ
1519 2499 1613 2554 τὸν
1649 2499 1802 2573 ίερέα
1839 2499 1933 2556 τὸν

365 2594 557 2667 μέγαν.
584 2595 638 2648 οἶ
662 2610 722 2647 τε
753 2594 870 2665 ἅμα
892 2592 973 2665 vti»
997 2590 1223 2665 Ἐσδρα,
1249 2592 1345 2646 καὶ
1366 2589 1600 2663 Νεεμία,
1620 2590 1723 2663 τῆς
1755 2590 1931 2644 Βαὸυ-

357 2683 525 2749 λῶνος
563 2684 967 2749 ἐπανελθόντες,
995 2680 1088 2738 τὸν
1116 2683 1245 2738 ναδν
1274 2682 1525 2755 ὴγειραν,
1547 2681 1642 2735 καὶ
1655 2680 1754 2754 τὴν
1777 2682 1934 2737 πόλιν

354 2776 527 2847 αὐτὴν
549 2774 918 2829 άνεκτίσαντο.

432 2885 452 2919 ι
489 2866 597 2920 Καὶ
621 2866 718 2919 ἐὰν
755 2866 981 2936 γένηται
1000 2867 1029 2919 ό
1058 2864 1186 2929 λαὸς
1228 2864 1444 2937 Ἰσραὴλ
1461 2864 1539 2930 ὡς
1561 2866 1597 2937 ἡ
1632 2864 1816 2935 άμμος
1835 2863 1934 2935 τῆς

358 2955 650 3027 θαλάσσης,
698 2954 760 3009 τὸ
787 2947 1137 3026 κατάλειμμα
1185 2953 1367 3009 αὐτῶν
1394 2954 1721 3025 σωθήσεται.
1768 2972 1787 3007 ι
1823 2953 1933 3025 Τὴν

2035 1775 2314 1829 attendent
2363 1775 2430 1830 iis
2456 1814 2471 1839 ,
2514 1775 2711 1845 quibus
2752 1786 2914 1831 antea
2960 1777 3201 1833 animum
3250 1777 3604 1843 adhibebant.

2037 1863 2373 1921 daemonibus
2398 1867 2671 1935 malignis,
2700 1869 2794 1939 qui
2838 1871 3051 1926 animas
3086 1885 3215 1928 suas
3245 1870 3519 1939 laeserant,
3549 1882 3606 1929 et

2036 1955 2278 2010 omnium
2317 1956 2420 2011 sibi
2448 1957 2709 2013 malorum
2732 1975 2896 2015 causa
2926 1961 3174 2029 ruerant;
3204 1963 3298 2019 sed
3341 1963 3455 2020 Deo
3487 1972 3607 2018 tan·

2037 2046 2157 2103 dem
2191 2044 2294 2102 soli
2331 2047 2768 2118 applicabuntur,
2798 2059 2986 2119 utpote
3028 2051 3123 2119 qui
3164 2053 3471 2124 redemptor
3501 2054 3605 2110 sibi

2035 2146 2089 2191 et
2124 2134 2386 2192 Servator
2424 2134 2651 2193 effectus
2695 2138 2789 2193 sit.
2823 2137 2946 2193 llaec
2975 2151 3104 2193 vero
3131 2138 3308 2209 reipsa
3338 2139 3605 2212 completa

2034 2238 2157 2285 sunt
2204 2227 2330 2301 Cyri
2390 2228 2681 2285 Persarum
2732 2230 2875 2301 regis
2927 2240 3191 2299 tempore,
3251 2230 3344 2301 qui
3392 2229 3609 2288 ludaeos

2033 2335 2223 2378 omnes
2252 2320 2307 2375 in
2330 2320 2649 2391 captivitate
2675 2330 2900 2393 agentes
2928 2321 3158 2389 remisit,
3209 2336 3332 2378 cum
3372 2321 3606 2379 zoroba-

2034 2411 2143 2478 bel,
2174 2411 2334 2470 Jesus
2378 2413 2522 2468 lilius
2555 2412 2784 2469 losedec
2820 2410 3093 2467 Sacerdos
3127 2427 3378 2485 magum,
3410 2423 3467 2468 et
3513 2413 3606 2484 qui

2034 2520 2156 2562 cum
2181 2504 2350 2561 Esdra
2378 2515 2435 2561 et
2456 2503 2712 2560 Nelternia
2743 2511 2920 2569 erant,
2956 2517 3025 2558 ex
3053 2500 3329 2575 Babylone
3361 2504 3608 2571 reversi,

2036 2596 2295 2667 templum
2328 2597 2669 2662 excitarunt,
2714 2596 3014 2668 urbemque
3044 2597 3219 2667 ipsam
3260 2606 3609 2654 restaurave-

2039 2698 2186 2745 runt.

2107 2872 2274 2931 Vens.
2302 2871 2396 2929 22.
2433 2890 2453 2926 ι
2486 2872 2553 2928 Et
2580 2871 2628 2928 si
2663 2870 2831 2926 luerit
2857 2870 3088 2941 populus
3116 2870 3284 2927 lsrael
3313 2870 3455 2928 sicut
3484 2884 3610 2925 arc-

2039 2982 2105 3019 na
2138 2963 2325 3031 maris,
2359 2963 2633 3021 residuum
2661 2959 2782 3031 ejus
2810 2961 3132 3017 salvabitur.
3165 2979 3185 3013 ι
3232 2960 3605 3018 Promiscuam

360 3049 630 3122 ἄχρηστον
663 3048 872 3119 πληθὺν
909 3048 938 3101 ὀ
965 3047 1121 3117 λόγος
1144 3046 1400 3119 σημαίνει
1445 3045 1541 3100 τθῦ
1583 3046 1790 3111 ἔθνους,
1827 3046 1938 3100 τῶν
1964 3043 2006 3101 C
2040 3069 2095 3116 et
2117 3056 2363 3114 inutilem
2394 3055 2572 3125 gentis
2599 3052 2997 3108 multitudinem
3023 3091 3043 3118 ‚
3076 3066 3197 3121 quae
3225 3059 3347 3120 post
3376 3051 3608 3107 reditum

366 3140 505 3212 μετὰ
549 3139 646 3212 τὴν
686 3140 945 3193 ἐπάνοδον
977 3138 1075 3210 τὴν
1113 3137 1222 3192 άπὸ
1249 3134 1570 3199 Βαὸυλῶνος
1600 3135 1936 3207 οἰκησάντων

362 3232 463 3305 τὴν
493 3231 673 3303 χώραν
703 3230 864 3303 μέχρι
884 3230 995 3284 τῶν
1034 3225 1354 3300 Ῥωμαϊκῶν
1385 3226 1620 3299 χρόνων·
1652 3219 1796 3280 οὗτοι
1828 3224 1939 3296 γάρ

363 3320 504 3397 ἦσαν
529 3323 601 3387 ὡς
623 3326 656 3396 η
677 3322 858 3395 άμμος
885 3320 984 3393 τῆς
1006 3319 1303 3391 θαλάσσης,
1322 3317 1381 3386 ἐξ
1410 3310 1486 3373 ὧν
1511 3315 1685 3389 μόνων
1707 3313 1936 3386 διεσώθη

366 3415 428 3469 τὸ
461 3414 834 3486 κατάλειμμα·
865 3413 917 3467 oi
957 3411 1017 3479 ἐξ
1053 3410 1231 3466 αὐτῶν
1258 3411 1339 3475 είς
1378 3410 1472 3464 τὸν
1501 3407 1736 3482 Χριστὸν
1775 3423 1940 3461 πεπι-

368 3506 653 3569 στευκότες
679 3504 918 3577 μαθηταὶ
942 3502 1109 3558 αὐτοῦ
1136 3503 1228 3556 καὶ
1256 3500 1564 3567 ἀπόστολοι,
1596 3499 1690 3554 καὶ
1719 3500 1941 3569 εὐαγγε-

369 3598 512 3652 σταί.
529 3598 770 3669 1Ράμμιις
786 3595 894 3669 γάρ
908 3595 1183 3667 θαλάσσης
1199 3594 1263 3648 τὸ
1285 3593 1382 3666 μὲν
1398 3591 1603 3666 πλῆθος
1622 3591 1937 3664 ἀναρίθμη-

366 3706 460 3742 τον
480 3688 590 3760 Εχει
613 3705 627 3719 ·
653 3687 828 3752 άλλως
851 3685 906 3741 δὲ
922 3687 1191 3759 ἄχρηστος
1222 3685 1453 3758 ὑπάρχει
1479 3683 1614 3755 πρὸς
1641 3683 1933 3755 γεωργίαν.

380 3781 628 3837 Ἐπειδὰν
669 3777 763 3835 οὖν
789 3782 818 3834 ό
849 3779 995 3843 λαὸς,
1021 3779 1206 3850 φησὶν,
1243 3776 1458 3849 Ἰσραὴλ
1506 3778 1582 3839 είς
1611 3774 1815 3847 πλῆθος
1843 3776 1937 3830 άν-

367 3873 667 3946 αρίθμητον
688 3872 848 3945 χυθῇ,
868 3871 1138 3943 ἄχρηστον
1153 3869 1211 3922 δὲ
1229 3867 1454 3940 γένηται
1474 3868 1531 3920 ὲν
1557 3868 1624 3938 τῇ
1642 3864 1783 3919 κατὰ
1805 3865 1937 3919 Θεὸν

367 3963 734 4038 καρποφορίᾳ,
769 3961 1065 4034 τηνικαῦτα
1103 3962 1165 4015 τὸ
1209 3960 1308 4031 μὲν
1354 3958 1558 4031 πλῆθος
1607 3957 1787 4013 αὐτῶν
1832 3957 1939 4011 ἀπ-

368 4056 570 4111 ολεῖται
590 4072 604 4086 ·
667 4056 824 4126 μόνον
885 4053 948 4125 δὴ
998 4052 1060 4107 τὸ
1113 4051 1462 4123 κατάλειμμα
1522 4048 1702 4103 αὐτῶν
1763 4047 1940 4118 σωθή-

370 4163 544 4203 σεται.

447 4259 467 4293 ι
517 4243 637 4294 Ὀτι
666 4240 822 4309 λόγον
852 4238 1289 4310 συντετμημένον
1309 4237 1512 4311 Κύριος
1537 4237 1752 4310 ποιήσει
1779 4237 1837 4290 ὲν
1870 4238 1936 4308 τῇ

370 4333 663 4407 οἰκουμένῃ
685 4332 803 4407 ὃλῃ.
841 4352 861 4385 ι
889 4331 1082 4403 Σαφῶς
1103 4332 1211 4405 άρα
1235 4331 1298 4386 τὸ
1322 4330 1652 4401 Εὐαγγέλιον
1681 4329 1783 4401 τῆς
1801 4329 1939 4383 Και-

371 4422 470 4491 νῆς
497 4421 715 4493 ᾐνίξατο
736 4421 1101 4495 Διαθὴκης,ὲν
1123 4420 1218 4492 ὅλῃ
1236 4422 1303 4492 τῇ
1330 4419 1621 4492 οἰκουμένῃ
1647 4416 1937 4491 κηρυχθέν.

371 4512 818 4582 Συντετμημένος
851 4513 960 4584 γάρ
980 4507 1049 4584 ἦν
1070 4513 1100 4565 ὀ
1128 4511 1284 4580 λόγος
1309 4510 1338 4562 ὀ
1367 4506 1734 4578 εὐαγγελικὸς,
1762 4506 1841 4577 τῷ
1865 4508 1940 4578 μὴ

371 4602 645 4675 περιέχειν
679 4602 855 4657 πάντα
876 4603 944 4658 τά
973 4601 1123 4675 παρὰ
1140 4600 1220 4674 τῷ
1248 4601 1454 4671 Μωῦσῇ
1483 4596 1936 4671 παραγγέλματα.

372 4692 495 4747 Τῶν
516 4693 573 4747 δὲ
596 4693 969 4765 προκειμένων
1003 4692 1182 4765 ῥητῶν
1214 4690 1485 4763 μέμνηται
1515 4690 1610 4744 καὶ
1634 4691 1663 4743 ό
1694 4688 1942 4741 Ἀπόστο·

369 4783 486 4848 λος,
518 4783 706 4838 τοῦτον
739 4783 911 4854 λέγων
939 4783 1031 4839 τὸν
1051 4783 1252 4856 τρόπον
1271 4800 1284 4814 ·
1310 4801 1329 4834 ι
1365 4782 1424 4836 Ὀ
1457 4782 1682 4844 Ἠσαίας
1708 4780 1766 4834 δὲ
1788 4778 1938 4848 λέγει

370 4875 516 4947 ὑπὲρ
550 4874 644 4929 τοῦ
689 4875 934 4948 Ἰσραήλ·
989 4874 1115 4930 Ἐάν
1152 4870 1187 4949 ᾖ
1218 4876 1248 4928 ὁ
1275 4873 1508 4946 ἀριθμὸς
1543 4871 1651 4926 τῶν
1674 4868 1808 4924 υίῶν
1841 4868 1939 4923 τοῦ

382 4965 599 5039 Ἰσραὴλ
635 4966 710 5031 ὡς
746 4970 781 5039 ἡ
826 4968 1008 5038 ἄμμος
1041 4966 1144 5037 τῆς
1186 4966 1481 5036 θαλάσσης,
1523 4963 1586 5017 τὸ
1626 4960 1940 5031 ὑπόλειμμα

372 5059 698 5130 σωθήσεται.
757 5058 933 5125 Λόγον
998 5056 1107 5128 γὰρ
1171 5054 1437 5111 συντελῶν
1486 5053 1580 5109 καὶ
1645 5052 1938 5122 συντέμνον

366 5153 589 5222 ποιησει
623 5149 828 5223 Κύριος
857 5151 949 5204 ἐπὶ
973 5150 1072 5222 τῆς
1101 5150 1223 5222 γῆς.
1258 5168 1278 5201 a

450 5261 469 5293 ι
515 5242 612 5298 Διὰ
643 5243 801 5297 τοῦτο
831 5243 957 5297 τάδε
990 5242 1136 5312 λέγει
1164 5240 1366 5313 Κύριος
1410 5237 1669 5294 Σαὸαώθ·
1706 5237 1799 5309 Μὴ
1839 5253 1935 5305 φο-

366 5337 491 5401 6οὗ,
521 5338 551 5390 ό
580 5336 708 5401 λαός
735 5353 859 5407 μου,
893 5337 942 5389 οἱ
977 5333 1357 5397 κατοικοῦντες
1393 5333 1452 5387 ὲν
1481 5330 1641 5395 Σιὼν,
1666 5328 1776 5384 άπὸ
1813 5329 1933 5382 Ἀσ-

366 5429 690 5508 συρίων,ᾶτι
715 5431 774 5483 ὲν
800 5427 979 5499 ράὀδῳ
1022 5426 1251 5494 πατάξει
1270 5441 1352 5480 σε·
1380 5423 1590 5497 πληγὴν
1614 5422 1724 5496 γάρ
1751 5423 1941 5491 ἐπάγω

441 5635 486 5668 ⁸⁸
522 5637 674 5694 Rom.
711 5653 765 5693 tx
815 5637 904 5692 27.

2040 3165 2105 3205 ex
2134 3147 2408 3221 Babylone
2439 3160 2615 3216 usque
2641 3144 2708 3200 ad
2745 3143 2988 3198 Romana
3040 3150 3281 3213 tempora
3330 3142 3606 3214 regionem

2042 3240 2307 3307 incoluit,
2366 3240 2571 3295 indicat
2625 3237 2981 3309 propheticus
3026 3248 3212 3291 sermo
3254 3252 3269 3290 ε
3313 3234 3368 3290 lti
3413 3235 3611 3306 quippe

2038 3334 2194 3383 erant
2214 3327 2360 3382 sicut
2392 3340 2557 3380 arena
2588 3326 2754 3381 maris
2776 3364 2792 3389 ‚
2821 3338 3052 3394 quorum
3089 3323 3365 3379 residuum
3398 3334 3606 3380 tantum

2037 3416 2264 3473 salutem
2325 3424 2673 3472 consecutum
2721 3424 2827 3470 est.
2878 3413 2945 3468 flt
2979 3428 3141 3483 porro
3190 3428 3258 3471 ex
3302 3412 3411 3470 illis
3451 3424 3610 3469 erant

2037 3507 2130 3578 qui
2163 3494 2215 3562 in
2246 3506 2525 3561 Christum
2554 3505 2929 3571 crediderunt,
2991 3505 3242 3574 discipuli
3287 3504 3425 3575 ejus,
3477 3519 3607 3576 apo-

2039 3597 2165 3655 stoli
2206 3606 2263 3654 et
2296 3595 2665 3667 evangelistae.
2701 3594 2836 3650 Nam
2867 3609 3034 3650 arena
3066 3596 3233 3650 maris
3261 3597 3612 3654 multitudine

2038 3685 2256 3755 quidem
2295 3682 2729 3748 innumerabilis,
2759 3696 2945 3736 verum
3003 3683 3212 3740 inutilis
3244 3691 3331 3740 est
3359 3687 3429 3741 ad
3461 3689 3607 3760 agri-

2038 3775 2327 3831 culturam.
2354 3772 2488 3830 Cum
2530 3788 2662 3846 ergo
2689 3773 2916 3845 populus
2949 3773 3137 3839 lsrael,
3170 3775 3611 3847 inquit,in1nul-

2038 3866 2325 3924 titudinem
2368 3867 2716 3922 innumeram
2746 3864 2972 3921 diffusus
3015 3867 3198 3932 suerit,
3234 3868 3309 3923 ita
3338 3878 3515 3927 tamen
3551 3882 3611 3926 ut

2039 3957 2243 4016 inutilis
2277 3958 2349 4015 sit
2378 3960 2445 4015 ad
2472 3956 2706 4015 fructum
2748 3960 3044 4016 secundum
3081 3960 3248 4014 Deum
3277 3958 3603 4025 ferendum3

2038 4062 2164 4107 tune
2191 4050 2478 4106 multitudo
2502 4050 2718 4121 quidem
2744 4064 2931 4105 eorum
2963 4050 3186 4121 peribit,
3239 4064 3305 4105 ac
3337 4048 3467 4105 solae
3492 4049 3609 4119 eius

2038 4141 2278 4211 reliquiae
2302 4140 2530 4196 salutem
2565 4150 2989 4210 consequentur.
3213 4205 3219 4219 ι

2107 4232 2271 4289 Vens.
2322 4232 2411 4290 25.
2472 4251 2492 4286 ι
2550 4231 2685 4302 Quia
2735 4235 2963 4289 vetbum
3016 4231 3392 4289 abbreviatum
3446 4234 3610 4293 saciet

2044 4326 2302 4382 Dominus
2331 4326 2383 4382 in
2414 4327 2665 4382 universa
2710 4336 2875 4381 terra.
2907 4345 2925 4376 ι
2956 4325 3306 4395 Evangelium
3340 4325 3474 4383 Novi
3503 4327 3608 4384 Te-

2044 4415 2295 4471 stamenti
2330 4413 2475 4470 clare
2519 4414 2869 4479 subindicat,
2903 4415 3045 4486 quod
3079 4417 3131 4467 in
3176 4414 3428 4471 universa
3463 4426 3604 4473 terra

2047 4510 2392 4578 praedicatum
2430 4516 2533 4564 est.
2568 4508 2952 4563 Abbreviatum
2987 4508 3183 4578 quippe
3224 4517 3343 4565 erat
3384 4510 3605 4565 verbum

2045 4598 2414 4667 evangelicum
2441 4638 2457 4663 ,
2505 4597 2647 4666 quod
2701 4596 2891 4680 omnia
2939 4596 3141 4668 Moysis
3188 4610 3458 4670 praecepta
3499 4614 3606 4654 non

2044 4688 2517 4758 complecteretur.
2552 4686 2677 4742 llaec
2708 4686 2852 4743 dicta
2902 4697 3295 4746 commemorat
3337 4689 3610 4759 apostolus

2043 4780 2130 4836 ltis
2169 4782 2350 4835 verbis
2378 4780 2445 4846 ⁸¹,
2481 4798 2503 4832 r
2536 4778 2735 4835 {esaias
2792 4788 2970 4836 autem
3014 4780 3143 4836 dicit
3195 4783 3262 4837 de
3306 4780 3468 4837 lsrael
3504 4780 3607 4836 :Si

2042 4867 2208 4925 fuerit
2264 4883 2521 4924 numerus
2583 4868 2814 4924 illiorum
2874 4868 3043 4926 lsrael
3101 4882 3356 4941 tanquam
3433 4884 3603 4926 arena

2044 4960 2250 5027 maris,
2300 4959 2540 5028 reliquiae
2588 4958 2751 5015 salvae
2805 4958 2958 5020 fient.
3004 4958 3242 5016 Verbum
3278 4960 3425 5016 enim
3468 4973 3603 5014 con-

2042 5066 2338 5119 summans,
2373 5060 2425 5106 et
2470 5052 2793 5107 abbrevians
2828 5052 3087 5109 Dominus
3116 5051 3279 5108 faciet
3311 5065 3473 5121 super
3502 5061 3608 5107 ter·

2043 5157 2179 5198 ram.
2215 5160 2236 5195 ι

2115 5232 2277 5290 Vens.
2311 5233 2403 5288 st.
2446 5232 2779 5304 «Propterea
2840 5234 2956 5290 ltoec
3002 5232 3135 5289 dicit
3193 5231 3452 5287 Dominus
3495 5232 3597 5288 Sa-

2043 5325 2225 5392 baoth,
2255 5325 2375 5381 Noli
2412 5326 2626 5393 timere,
2655 5326 2849 5397 popule
2894 5341 3066 5393 meus,
3092 5323 3184 5394 qui
3238 5323 3496 5381 habitatis
3543 5324 3599 5379 in

2046 5418 2199 5486 Sion,
2240 5418 2309 5476 ab
2338 5418 2598 5489 Assyriis,
2626 5420 2750 5488 quia
2800 5420 2854 5475 in
2889 5420 3034 5491 virga
3063 5415 3329 5491 percutiet
3354 5422 3410 5473 te
3431 5429 3451 5471 t
3476 5414 3595 5490 pla-
