3692 6134
885 271 976 329 DE
1010 266 1545 328 EccmstAsthA
1575 265 2135 341 rut-:omnisne
2168 264 2214 322 1.

1489 404 1538 460 A

546 395 701 450 xm».
733 394 815 449 H'.

3018 257 3130 323 838

2174 385 2330 443 CAP.
2376 384 2513 441 vul.

319 488 365 558 ic
411 486 620 559 ὑγιοῦς
669 486 765 539 καὶ
819 485 1327 553 smne-mortam<-
1368 495 1464 550 ορ-
1564 480 1893 549 Proponitur
1939 480 2236 535 orthodoxa
2280 487 2334 534 et
2381 477 2636 534 salutaris
2683 475 2932 532 Ecclesioe
2974 476 3129 546 fides.

514 555 813 622 θοδοξίας.

319 648 500 704 ῠθεῖαν
530 646 624 701 καὶ
649 645 933 717 βασιλικὴν
958 644 1075 699 ὁδὸν
1094 644 1462 719 ὀρθοτομοῦσα

319 740 389 794 κιῦ
416 738 571 803 Θεοῦ,
602 738 698 802 τάε,
731 738 828 808 μὲν
865 736 1029 800 άλλας
1076 736 1462 808 παρεκτροπάς

319 833 415 895 τοῖς
438 831 482 885 δ’
505 828 677 900 αὐτῆς
706 828 984 902 θρέμμασι
1011 827 1113 899 τῆς
1139 827 1322 881 ἐνθέου
1360 826 1462 897 χά-

319 940 389 976 ισι
425 921 524 993 τὴν
545 920 788 990 ,γνῶσιν,
829 922 947 975 κατ’
979 919 1110 973 αὐτὸ
1136 920 1234 990 τῆς
1268 918 1462 988 παλιγ-

319 1016 459 1087 ῆριον
498 1012 782 1084 ὁμολογεῖν
822 1011 1146 1065 διδάσκουσα
1189 1011 1327 1082 (καὶ)
1373 1029 1462 1064 πι-

319 1122 334 1167 ς
364 1103 460 1157 ἕνα
488 1102 642 1166 Θεὸν,
660 1101 877 1173 Πατέρα
909 1099 1344 1171 παντοκράτορα,
1373 1116 1461 1153 τε-

319 1195 378 1265 ᾶῆ
429 1194 521 1247 καὶ
546 1193 835 1265 ὀλόκληρον
871 1191 1074 1263 ταύτην
1117 1191 1316 1245 εἰδέναι
1344 1190 1458 1261 (25)

319 1301 345 1337 ν
371 1282 664 1353 θεολογίαν,
693 1282 727 1353 ἦ
750 1281 881 1335 Θεὸν
915 1282 1012 1353 μὲν
1042 1282 1137 1335 ἕνα
1158 1281 1461 1354 παραδίδω-

319 1394 360 1429 ἀ
396 1376 495 1447 τῆς
539 1375 853 1447 Ἑλληνικῆς
897 1372 988 1427 καὶ
1020 1372 1280 1427 πολυθέου
1326 1370 1457 1424 πλά·

319 1468 340 1519 ὲ
366 1467 528 1520 αὐτὸν
552 1462 657 1519 οἶδε
689 1466 790 1538 τῆς
827 1464 1122 1536 Ἰουδαϊκῆς
1152 1462 1458 1535 χωρίζουσα

319 1557 707 1630 εαντοκράτορα
742 1558 800 1611 δὲ
842 1555 1001 1611 αὐτὸν
1049 1555 1319 1626 ὁμολογεῖ,
1359 1554 1458 1624 τῆς

322 1648 578 1719 εροδόξων
630 1646 1081 1718 ἀποστρεφομένη
1130 1644 1228 1717 τὴν
1271 1643 1459 1697 δυσσέ-

1555 706 1565 714 ,
1631 637 1976 711 Quapropter
1996 638 2085 694 via
2115 638 2261 710 regia
2288 647 2449 711 atque
2479 648 2624 696 recta
2657 638 2913 696 incedens
2939 639 3130 697 Eccle-

1561 731 1642 787 sia
1693 731 1810 797 Dei,
1868 730 2187 787 diverticula
2231 748 2265 787 a
2315 745 2376 787 se
2411 732 2625 802 ab!egat
2679 718 3132 802 quusquemod'tz
3185 796 3196 816 ὓ

1562 821 1699 886 suis,
1727 822 1818 892 qui
1864 832 2008 887 sunt,
2040 821 2273 878 alumnis
2312 824 2504 894 gratiae
2539 824 2739 880 divina}
2769 825 3129 895 cognitionem

1561 913 1908 967 commendat
1956 927 1972 965 z
2017 911 2143 966 dum
2196 912 2251 969 in
2306 911 2428 986 ipso
2467 916 2893 986 regenerationis
2952 920 3134 973 saci-a·-

1561 1012 1743 1059 mento
1770 1002 1928 1058 docet
1963 1002 2228 1071 confiteri,
2282 1013 2337 1060 et
2368 1005 2593 1063 credere
2645 1008 2700 1064 in
2750 1024 2914 1064 unum
2966 1010 3133 1066 Deum

1561 1086 1779 1150 Patrem
1827 1096 2295 1166 omnipotentem,
2366 1096 2664 1167 perfectam
2724 1101 2839 1157 suis
2890 1102 3137 1159 numeris

1560 1194 1835 1247 exactam,
1856 1194 1913 1239 et
1937 1194 2369 1240 consummatam
2404 1187 2641 1257 undique
2668 1186 2811 1244 hanc
2840 1203 2953 1259 prae
2974 1205 3037 1246 se
3058 1190 3137 1247 ie·

1560 1288 1688 1330 rens
1717 1274 2043 1329 credendam
2069 1274 2351 1345 theologiae
2380 1276 2668 1343 rationem,
2715 1291 2823 1347 qua
2846 1263 2991 1334 Deus
3013 1292 3137 1334 esse

1559 1379 1696 1420 unus
1729 1350 1981 1432 traditur,
2024 1381 2362 1438 paganorum
2413 1368 2481 1423 de
2529 1368 2634 1425 diis
2682 1364 2866 1426 multis
2916 1384 3137 1428 errores

1560 1454 1921 1520 refelluntur;
1965 1472 2068 1526 qua
2093 1458 2408 1528 agnoscitur
2448 1459 2589 1514 idem
2622 1445 2767 1518 Deus
2797 1460 2962 1517 Pater
2995 1480 3008 1517 ι
3039 1475 3138 1531 per

1559 1562 1720 1617 quam
1776 1548 2179 1604 consessionem
2229 1564 2385 1605 suam
2432 1550 2759 1606 discernitur
2808 1538 3051 1609 Ecclesia
3102 1568 3137 1610 a

1559 1636 1805 1706 Judaeis;
1851 1653 1958 1711 qua
2020 1640 2333 1708 agnoscitur
2377 1640 2523 1697 idem
2581 1642 2923 1714 omnipotens
2974 1659 3132 1709 esse,

319 1739 430 1808 (οὖν
463 1739 569 1793 τῶν
598 1737 919 1811 ἐτεροῶξων
949 1737 1093 1791 εἴποι
1124 1736 1192 1791 ἂν
1220 1735 1309 1789 τὸν
1342 1736 1456 1789 Πα·
1487 1738 1532 1795 Β
1560 1731 1843 1787 atheorum
1876 1739 1932 1787 et
1981 1719 2364 1789 ‘li-'ereticorum
2407 1734 2737 1805 impietatem
2793 1736 3132 1792 detestando.

319 1831 429 1898 τοῦ,
467 1831 632 1885 αὐτὸν
660 1826 799 1883 εἶναι
845 1830 938 1883 τὸν
970 1829 1101 1883 Θεὸν
1133 1829 1224 1882 τὸν
1262 1841 1460 1882 παντο-

319 1923 408 1976 ὐδὲ
451 1922 716 1977 Ἰουδαίων
749 1922 1134 1993 ὁμολογήσειεν
1168 1920 1234 1974 άν
1259 1937 1343 1984 τις
1364 1920 1458 1974 τὸν

319 2011 446 2079 ἵναι,
480 2015 571 2068 τὸν
605 2015 868 2085 μονογενῆ
905 2013 1031 2067 Υίὸν
1061 2012 1136 2085 μὴ
1154 2011 1308 2075 εἰδώς
1330 2028 1344 2042 ·
1375 2014 1460 2066 οὐ·

320 2121 384 2159 να
415 2104 573 2175 μόνον
600 2106 820 2175 φήσειεν
850 2103 1047 2157 εἰδέναι
1073 2102 1225 2156 Θεόν.
1255 2102 1355 2156 Διά
1375 2119 1457 2155 τοι

319 2210 353 2245 ιν
373 2192 814 2264 ἀποκαθαίρουσα
835 2192 932 2265 τὴν
951 2190 1156 2263 πλάνην
1174 2193 1207 2263 ἠ
1231 2190 1459 2265 Ἐκκλη-

320 2284 404 2336 εὸν
438 2282 717 2354 κηρύττει,
744 2283 908 2337 αὐτὸν
947 2277 1086 2337 εἶναι
1118 2283 1211 2335 καὶ
1240 2263 1458 2354 Πατέρα

319 2393 418 2448 ορα
455 2375 798 2439 διδάσκουσα,
844 2373 1062 2448 Πατέρα
1094 2373 1194 2445 μὲν
1222 2372 1340 2437 ἑνὸς
1362 2373 1457 2427 τοῦ

319 2489 346 2533 υ,
390 2468 498 2522 τῶν
546 2469 602 2522 δὲ
642 2468 844 2523 λοιπῶν
881 2469 1136 2523 ἁπάντων
1181 2469 1315 2525 Θεὸν
1364 2472 1459 2527 καὶ

326 2559 493 2631 ύριον.
525 2559 680 2613 Οῦτω
721 2561 815 2614 καὶ
847 2559 974 2613 Υἰὸν
1019 2560 1152 2615 Θεοῦ
1193 2563 1458 2633 μονογενῆ

319 2668 360 2705 »ν
385 2653 736 2723 παραδίδωσι,
763 2653 856 2706 τὸν
876 2652 985 2724 πρὸ
1007 2654 1458 2719 πάντωναίὼνων

332 2745 721 2814 γεγεννημένον
740 2763 756 2776 ·
796 2745 856 2797 οὑ
899 2744 991 2798 τὸν
1018 2743 1178 2797 αὑτὸν
1219 2744 1349 2799 ὄντα
1381 2744 1460 2818 τῷ

319 2836 463 2888 ιυτὸν
495 2835 551 2888 δὲ
579 2836 708 2889 ὄντα
742 2835 834 2889 καὶ
863 2833 1061 2899 ζῶντα,
1108 2835 1221 2889 καὶ·
1243 2836 1459 2907 ἀληθῶς

319 2925 454 2996 (26),
501 2925 632 2978 Θεὸν
677 2924 790 2996 (27)
821 2924 886 2977 ὲκ
920 2923 1076 2988 Θεοῦ,
1125 2925 1220 2978 καὶ
1252 2926 1366 2994 φῶς
1386 2927 1458 2986 4ἐκ

323 3017 388 3087 ὴν
427 3018 491 3070 ὲκ
535 3016 714 3087 ζωῆς·
760 3015 1005 3079 ἀλέκτοις
1038 3017 1132 3069 καὶ
1178 3018 1456 3089 ἀρρήτοις,

1559 1818 1748 1876 Nullus
1773 1830 1955 1876 autem
1991 1821 2153 1893 plane
2191 1822 2335 1880 inter
2389 1824 2547 1880 aliter
2588 1825 2939 1895 prolitentes,
2970 1835 3136 1897 quam

1557 1912 1802 1973 Ecclesia
1846 1913 2045 1977 docet,
2093 1916 2442 1971 confitebitur
2468 1916 2635 1973 Deum
2667 1918 2887 1974 Patrem
2931 1918 3135 1976 Christi

1557 2023 1679 2071 esse
1724 2003 1877 2065 illum
1919 2004 2013 2080 qni
2050 1994 2193 2060 Deus
2225 2017 2309 2061 est
2342 2008 2719 2078 onmipotens;
2748 2000 2809 2074 >1⁴
2840 2017 2901 2065 ut
2954 2024 3056 2067 nec
3102 2025 3136 2068 e

1556 2098 1864 2158 ludaeorum
1911 2104 2063 2156 secta
2109 2094 2380 2166 quispiam
2435 2103 2521 2151 est
2561 2096 2904 2162 professurus
2963 2097 3136 2155 Deum

1558 2191 1799 2256 Patrem,
1825 2207 1949 2249 cum
1981 2192 2102 2262 ejus
2129 2186 2329 2248 milium
2352 2186 2685 2255 unigenitum
2718 2201 2825 2242 non
2849 2187 3133 2246 admittat:

1557 2284 1654 2340 sed
1711 2299 1814 2340 nec
1873 2298 2209 2355 paganorum
2287 2284 2428 2341 ullus
2529 2278 2899 2346 concesserit,
2968 2294 3137 2337 unum

1557 2374 1731 2431 solnm
1773 2390 1898 2432 esse
1931 2376 2126 2431 Deum.
2177 2374 2262 2433 Ab
2300 2375 2526 2432 istorum
2566 2368 2811 2432 omnium
2861 2371 3138 2427 erroribus

1556 2466 1800 2524 Ecclesia
1857 2479 1920 2522 se
1954 2466 2244 2547 mundans,
2299 2482 2467 2523 unum
2522 2468 2688 2523 Deum
2743 2461 3035 2539 praedical·
3082 2467 3139 2516 et

1556 2559 1804 2615 eumdem
1837 2572 1961 2614 esse
1988 2559 2146 2616 docet
2178 2557 2398 2615 Patrem
2438 2565 2495 2615 et
2524 2561 2947 2631 omnipotentem
2979 2578 2996 2617 ι
3032 2551 3139 2613 ve-

1559 2660 1696 2706 trem
1724 2649 1943 2721 quidem
1971 2649 2135 2707 unius
2158 2649 2330 2708 solius
2374 2649 2617 2717 Christi;
2657 2651 2897 2707 omnium
2950 2660 3131 2708 autem

1557 2739 1841 2796 Dominum
1891 2748 1947 2795 et
1993 2739 2353 2805 conditorem,
2405 2746 2460 2795 et
2511 2739 2701 2797 Deum.
2744 2739 2829 2797 Ad
2881 2741 3131 2798 eumdem

1558 2852 1769 2909 quoque
1815 2837 2033 2893 modum
2086 2837 2180 2894 Dei
2236 2837 2435 2892 Filium
2485 2837 2819 2911 unigenitum
2886 2836 3134 2907 agnoscit

1556 2946 1704 2996 eum,
1733 2933 1824 3002 qui
1860 2940 1985 2987 ante
2020 2931 2203 2988 omnia
2230 2929 2431 2986 saecula
2457 2930 2526 2987 de
2552 2929 2711 2987 Patre
2740 2930 2842 2987 init
2867 2932 3083 3002 genitus
3110 2950 3126 2987 ι

1559 3036 1665 3077 non
1706 3021 1856 3077 illum
1882 3031 2050 3089 certe,
2089 3020 2338 3079 eumdem
2395 3034 2522 3077 cum
2559 3019 2720 3078 Patre
2757 3022 3129 3090 exsistentem,

319 3127 356 3162 ,ν
395 3108 692 3177 ἀγνώστοις
734 3109 886 3180 ἡμῖν,
927 3110 1022 3161 καὶ
1056 3111 1459 3181 ἀκαταλήπτοις
1486 3079 1528 3135 C
1562 3122 1617 3167 at
1645 3127 1742 3183 pet·
1769 3128 1828 3170 se
1870 3114 2283 3183 subsistentem,
2326 3115 2706 3184 viventemque
2743 3127 2870 3170 vere
2912 3114 3126 3180 Filium,

319 3203 509 3274 Ῑατρὸς
535 3203 628 3256 ἐπὶ
651 3202 894 3274 σωτηρίᾳ.
921 3202 1028 3255 τῶν
1048 3202 1185 3255 ὅλων
1206 3218 1459 3275 γεγεννη-

320 3296 518 3366 ὀμοίως
546 3295 642 3365 μὲν
669 3297 779 3359 τοῖς
805 3294 1011 3358 λοιποῖς
1034 3297 1306 3366 γεννητοῖς
1331 3296 1462 3349 ὑπο-

319 3386 433 3457 ’ωὴν
463 3386 674 3457 ἐμφερῆ
700 3388 811 3450 τοῖς
847 3387 913 3440 δι’
936 3386 1098 3439 αὐτοῦ
1127 3384 1460 3458 γεγεννημέ-

319 3476 431 3530 §voa
478 3477 536 3530 δὲ
589 3473 650 3541 ὲξ
681 3476 849 3530 αὐτοῦ
887 3476 982 3531 τοῦ
1028 3476 1239 3548 Πατρὸς
1267 3478 1463 3531 ἀποτε-

319 3568 545 3642 ἰτοζωὴν
585 3568 730 3624 ὄντα.
759 3568 872 3623 Καὶ
897 3568 1103 3641 ἔπρεπε
1133 3567 1244 3640 γὰρ
1264 3567 1344 3641 τῷ
1368 3569 1461 3623 επὶ

319 3658 410 3733 πρὸ
448 3658 648 3724 παντὸς
680 3655 963 3729 γεννητοῦ,
988 3657 1089 3712 καὶ
1110 3657 1217 3731 πρὸ
1244 3657 1461 3713 πάντων

319 3750 539 3820 ινογενὲς
580 3749 739 3804 τοῦτο
771 3747 1164 3822 προδάλλεσθαι
1195 3748 1459 3821 γέννημα,

319 3841 502 3915 ιηπίδα
528 3840 623 3896 καὶ
651 3838 896 3912 θεμέλιον
934 3838 1174 3911 ἀρραγῆ,
1199 3837 1308 3893 τῶν
1335 3837 1464 3910 μελ-

320 3932 351 3987 ῦ
373 3933 747 4006 γεννήσεσθαι.
765 3931 857 3986 Διὸ
883 3930 949 4003 δὴ
971 3930 1080 4004 πρὸ
1107 3930 1324 3987 πάντων
1355 3929 1462 3985 τῶν

319 4026 437 4080 σθαι
467 4026 557 4079 τὸν
579 4025 708 4078 Υίὸν
730 4000 945 4094 ἐγέννα,
971 4022 1162 4095 ὥσπερ
1174 4022 1319 4087 τινὸς
1345 4038 1460 4091 φω-

320 4118 343 4170 i
373 4115 518 4187 ζωῆς
554 4115 757 4185 πηγὴν,
809 4114 900 4168 καὶ
925 4111 1194 4185 θησαυρὸν
1221 4108 1460 4181 ἀγαθῶν,

348 4205 482 4257 εἰσὶν
511 4205 561 4256 οἱ
602 4202 862 4275 θησαυροὶ
897 4203 996 4274 τῆς
1022 4201 1212 4271 σοφίας
1239 4199 1334 4253 καὶ
1361 4200 1462 4270 τῆς

319 4296 551 4367 Ξκρυφοι,
577 4313 596 4345 ι
632 4294 773 4347 κατά
815 4292 906 4347 τὸν
930 4293 1072 4347 θεῖον
1120 4291 1457 4347 ’Δπόστολον.

1561 3215 1685 3257 cum
1713 3200 1873 3257 Patre
1910 3205 2335 3263 coexsistentem
2372 3203 2539 3261 Deum
2584 3203 2653 3261 (le
2682 3202 2811 3272 Deo,
2841 3202 3018 3260 lumen
3064 3208 3133 3260 de

1561 3292 1801 3352 luminet
1836 3297 2003 3351 vitam
2031 3296 2097 3352 ‹le
2124 3296 2276 3365 vita-3
2311 3296 2810 3358 inenarrabilibus,
2845 3295 3131 3351 ineffabili-

1559 3382 1707 3450 bus,
1758 3384 2073 3444 omnimodo
2120 3387 2417 3460 incognitis
2468 3398 2523 3444 et
2576 3388 3131 3460 imperscrutabilium

1559 3474 1862 3531 rationibus
1890 3475 1960 3533 (le
1985 3478 2148 3533 Patre
2178 3480 2445 3552 genitum,
2478 3482 2546 3536 ad
2581 3479 2812 3535 salutem
2866 3479 3131 3535 universis

1559 3569 1982 3636 procurandam.
2042 3567 2160 3625 Non
2214 3541 2471 3627 similiter
2524 3569 2647 3626 aliis
2694 3569 3071 3627 subsistentem
3109 3590 3128 3627 ι

1559 3671 1663 3715 nec
1683 3657 1849 3714 vitam
1881 3659 2148 3716 viventem
2175 3676 2298 3718 cum
2332 3661 2439 3717 illis
2467 3676 2650 3733 parem
2686 3662 2777 3733 qni
2806 3662 2877 3719 ab
2906 3677 2972 3717 eo
3003 3672 3132 3719 sunt

1560 3749 1776 3808 creati:
1810 3749 1987 3807 solum
2026 3750 2096 3808 (ie
2148 3751 2265 3809 solo
2315 3751 2479 3810 Patre
2522 3756 2757 3825 genitum
2790 3770 2805 3811 ι
2837 3756 3131 3824 ipsammet

1558 3840 1728 3898 vitam
1763 3841 2140 3899 exsistentem.
2176 3842 2308 3899 Erat
2356 3844 2501 3899 enim
2553 3845 2666 3901 Deo
2705 3847 3035 3902 conveniens
3075 3856 3132 3903 et

1560 3944 1881 4003 congruum,
1922 3933 2017 4003 qui
2060 3947 2223 4004 super
2257 3948 2448 3991 omnes
2482 3944 2589 4000 est,
2640 3936 2733 4006 qui
2771 3946 2898 3992 ante
2948 3939 3130 3993 omnia

1561 4022 1765 4093 genita,
1798 4032 1925 4080 ante
1961 4024 2159 4081 saecula
2207 4027 2389 4083 omnia
2418 4027 2747 4095 exsistebat,
2795 4030 3128 4100 unigenitum

1561 4114 1666 4171 hoc
1706 4116 1956 4186 genimen
2013 4118 2351 4186 producere',
2397 4117 2561 4174 veluti
2602 4120 2889 4190 quamdam
2952 4122 3127 4177 hasim

1561 4204 1800 4261 futurum
1840 4215 1896 4261 et
1924 4206 2357 4276 fundamentum,
2388 4220 2443 4265 et
2482 4211 2902 4267 sustentaculum
2934 4212 3129 4268 immo·

1561 4298 1667 4355 bile
1697 4314 1885 4354 eorum
1909 4299 2151 4356 omnium
2184 4316 2307 4372 quae
2336 4310 2497 4358 erant
2529 4302 2584 4358 in
2623 4305 2879 4359 secundis
2932 4305 3131 4374 produ·

319 4386 443 4451 θῶν,
481 4387 510 4438 ὁ
545 4387 702 4458 μόνος
750 4385 950 4455 ἀγαθὸς
992 4384 1181 4456 Πατὴρ
1206 4384 1297 4437 τὸν
1334 4381 1462 4436 Υίὸν
1490 4404 1539 4464 ῃ
1563 4388 1752 4443 cenda.
1788 4387 1940 4444 lianc
1965 4391 2036 4445 ob
2056 4390 2516 4447 causam-Filium
2565 4394 2961 4464 progeneravit,
3005 4403 3130 4449 ante

319 4478 398 4549 »ὴν
443 4478 590 4543 ὄντα,
629 4476 886 4541 ζωοπῠῑδν
916 4475 1025 4530 τῶν
1057 4474 1212 4540 ὅλων,
1244 4473 1339 4528 καὶ
1367 4472 1464 4526 αὖ·
1567 4494 1628 4536 ea
1676 4480 1858 4537 omnia
1902 4497 2023 4553 quae
2063 4483 2406 4554 producenda
2462 4494 2657 4552 erant,
2696 4494 2947 4557 tanquam
2994 4485 3132 4541 lucis

323 4568 448 4634 ινὸν,
474 4570 566 4622 καὶ
593 4568 772 4639 πάσης
793 4569 982 4639 νοερᾶς
1011 4567 1103 4621 καὶ
1129 4566 1350 4637 λογικῆς
1376 4565 1466 4619 οὔ·
1566 4571 1841 4640 enjusdam
1896 4574 2126 4639 radium,
2174 4575 2298 4631 vitae
2344 4573 2571 4640 iontem,
2608 4576 2869 4632 bonorum
2915 4578 3131 4631 thesau-

319 4659 417 4712 ιόν·
468 4660 560 4713 καὶ
601 4659 907 4728 αὐτόλογον,
954 4659 1049 4713 καὶ
1104 4657 1315 4729 σοφίαν,
1374 4674 1463 4711 σο-
1566 4676 1707 4726 rum,
1731 4662 1826 4717 rin
1855 4672 2308 4734 quosuntomnes
2328 4665 2605 4736 sapientiae
2632 4667 2867 4721 thesauri
2898 4666 3129 4723 abscon-

323 4751 453 4803 άντα
479 4749 574 4803 καὶ
623 4749 853 4818 λογικῶς
884 4749 1242 4820 ὑφιστάμενον
1267 4766 1327 4802 τε
1368 4750 1462 4804 καὶ
1566 4750 1659 4806 diti
1681 4762 1735 4808 et
1762 4754 2108 4824 cognitionis,
2134 4773 2153 4807 ι
2171 4758 2618 4826 quemadmodum
2645 4758 2856 4812 divinus
2888 4758 3126 4814 docebat

319 4860 344 4890 ν
382 4840 445 4913 δὴ
481 4842 640 4913 χάριν
666 4842 695 4893 ὁ
728 4840 1016 4911 μονογενὴς
1044 4840 1171 4903 Υἱὸς
1198 4839 1292 4894 τοῦ
1325 4838 1460 4893 Θεοῦ
1564 4840 1858 4912 Apostolus
1894 4844 1960 4901 ⁸⁸.
2014 4845 2307 4902 Tantorum
2363 4847 2656 4920 taliumque
2692 4848 2979 4917 bonorum,
3033 4852 3125 4921 qui

335 4932 428 4985 καὶ
483 4932 604 4986 οὐδὲ
655 4931 812 4997 ἀλλος
858 4930 1218 5005 ἀνηγόρευταί
1262 4948 1322 4985 τε
1372 4932 1467 4986 καὶ

319 5316 493 5356 :ovem
518 5304 843 5367 πιστεύειν,
877 5301 989 5371 lege
1025 5302 1120 5358 καὶ
1170 5301 1465 5357 πιστεύειν.

319 5375 539 5435 reditur,
592 5387 688 5426 ore
719 5374 778 5427 tlt
831 5373 1097 5429 consessio
1130 5386 1145 5424 ε
1181 5381 1469 5441 utrumque

318 5457 409 5496 cro
433 5440 778 5511 baptismate.

319 5526 506 5566 ουσαν
552 5512 883 5582 θεολογίαν.
932 5509 1074 5580 Lege
1131 5513 1464 5585 παρέχουσα.

319 5596 388 5645 ιο,
417 5582 532 5635 suis
573 5583 804 5635 alumnis
836 5582 972 5634 lianc
1019 5579 1313 5648 iidem38ic
1353 5588 1468 5633 sta-

319 5668 366 5707 α.
405 5651 476 5707 Μ.
505 5683 575 5694 -
603 5650 724 5706 Mox
757 5655 916 5722 vulgo
943 5648 1036 5704 τὸν
1063 5649 1195 5705 Θεὸν
1223 5648 1465 5721 Πατέρα.

1561 4933 1709 4990 solus
1758 4934 1934 4991 bonus
1998 4936 2157 4993 Pater
2202 4947 2305 5005 est,
2356 4938 2549 4994 Filium
2598 4943 2885 5011 progenuit
2943 4956 3124 5007 suum,

1566 5024 1854 5097 ipsammet
1880 5027 2047 5083 vitam
2073 5030 2421 5084 exsistentem
2440 5069 2458 5099 ‚
2498 5037 2556 5086 et
2581 5032 2821 5086 omnium
2852 5046 2973 5102 quae
3002 5042 3128 5087 sunt

1633 5301 1745 5372 (26)
1780 5302 1918 5357 Υὶὸν
1941 5300 2224 5358 συνόντα.
2253 5301 2434 5367 Deest,
2459 5300 2537 5373 τῷ
2560 5300 2755 5376 Πατρί.

1634 5369 1747 5443 (27)
1789 5372 1895 5439 Mp.
1930 5390 2019 5445 γρ.
2070 5372 2244 5446 Πατρί
2280 5384 2407 5427 ante
2451 5372 2583 5428 Θεόν
2620 5372 2943 5445 ponendum.
2999 5372 3121 5428 Mox

1561 5444 1722 5506 vulgo
1741 5440 1821 5495 διὸ
1841 5440 1901 5494 δέ
1927 5456 1980 5496 et
2012 5442 2143 5496 αὐτὸ
2168 5442 2302 5511 φῶς,
2334 5451 2441 5496 etc.

1633 5509 1748 5580 (28)
1780 5511 1891 5564 Kal
1928 5512 2173 5580 σοφίαν,
2201 5510 2428 5580 σαφῶς.
2465 5510 2651 5567 Potius
2674 5510 2995 5581 αὐτοσοφίαν
3015 5549 3030 5577 ,
3069 5520 3121 5559 ιιι

1563 5578 1872 5649 αὐτόλογον.
1915 5579 2007 5633 Sic
2030 5588 2085 5632 et
2114 5594 2243 5637 mss.
2275 5580 2347 5636 cf.
2381 5595 2433 5651 p.
2473 5581 2569 5636 tet
2606 5581 2665 5637 Ι).
2704 5581 2821 5635 Mox
2856 5582 3014 5651 vulgo
3049 5569 3120 5634 ὧν

1561 5648 1620 5703 δὲ
1644 5657 1700 5707 et
1727 5647 2133 5719 ἀναγορεύεται.
