3692 6134
382 300 485 360 ⁸07

1082 301 1356 359 sust-:811
1392 298 1868 358 CAESAmENsis
1902 295 2054 354 01³9.
2089 295 2266 352 PARS
2302 294 2391 352 iti.
2427 324 2499 337 --
2536 290 2947 349 ExEGETiCA.

3508 285 3605 343 508

380 419 585 487 ναικὸς,
636 418 778 476 οὕτω
822 419 1100 476 κάνταῦθα
1142 419 1233 474 ἐπὶ
1276 418 1453 490 ζύμης
1496 417 1808 489 φυρομένης
1856 417 1938 479 εἰς
1982 413 2210 485 ἀλεύρου
2246 412 2382 465 σάτα
2415 409 2541 481 τρία
2609 407 2914 461 οἰκειότατα
2974 407 3009 476 ἠ
3060 402 3345 476 παραῦολὴ
3398 410 3608 471 γυναικὶ

381 516 812 592 ἀρτοποιουμένῃ
836 512 929 572 τὸν
956 519 1014 571 ὲν
1043 515 1270 579 ἐκείνοις
1298 513 1683 586 ὠνομασμένον
1714 510 1919 584 σπορέα
1944 510 2263 565 ἀπείκασεν.

449 606 561 681 Age
585 625 712 666 vero
747 611 886 681 apud
928 610 1236 665 Matthaeum
1267 611 1335 674 ⁸²,
1377 615 1656 680 postquam
1677 605 1938 663 emiorum
1967 610 2015 668 Α
2113 601 2268 656 Κατὰ
2306 600 2487 671 μέντοι
2517 611 2607 649 τον
2635 589 2912 648 Ματθαῖον
2948 586 3064 659 (6¹)
3099 587 3494 661 κεκρυμμένην
3522 589 3610 655 ga.

381 716 606 770 regnum
664 702 717 756 in
780 701 1043 758 fermento
1074 710 1576 772 repraesentaverat,
1622 714 1730 769 quo
1773 697 1944 754 sancti

380 791 617 863 Spiritus
642 794 839 851 donum
872 795 1194 856 denotavit,
1236 801 1295 848 et
1330 790 1658 860 evangelicae
1687 790 1947 846 doctrine

380 885 688 955 utilitatem,
724 886 777 942 in
808 887 1090 954 subjuncta
1124 885 1234 942 iiiie
1266 884 1520 956 parabola
1550 882 1694 938 idem
1720 895 1946 955 regnum

381 973 637 1030 thesauro
665 974 841 1031 simile
870 976 1049 1032 dixit.·
1077 974 1175 1030 Est
1221 982 1402 1029 autem
1454 988 1679 1045 magnus
1707 972 1799 1027 hic
1826 972 1949 1028 the-

381 1079 575 1121 saurus
596 1064 888 1121 secundum
918 1065 1159 1120 eoeiestia
1193 1064 1354 1121 eflata
1380 1063 1404 1097 ‘¹
1433 1063 1611 1134 dignis
1636 1062 1946 1135 [repositus.

379 1169 541 1226 quem
572 1155 760 1210 ocutus
807 1170 911 1212 non
957 1156 1110 1222 vidit,
1162 1156 1364 1227 quique
1408 1154 1609 1211 muttos
1634 1153 1785 1211 latet.
1843 1154 1945 1222 Qui

381 1258 513 1301 vero
547 1228 706 1301 'hunc
752 1248 920 1310 novit,
960 1256 1147 1317 utpote
1177 1246 1269 1318 qui
1311 1245 1405 1302 Dei
1446 1244 1733 1318 imaginem
1779 1246 1832 1300 in
1887 1259 1949 1302 se

381 1337 744 1404 conservavit,
775 1338 971 1409 gaudio
998 1336 1307 1406 elatus,eeu
1335 1337 1429 1409 qui
1460 1351 1727 1393 summum
1747 1336 1948 1392 bonum

382 1427 667 1494 invenerit,
722 1428 932 1500 reliqua
983 1429 1166 1485 omnia
1199 1427 1567 1499 posthabenda
1595 1427 1829 1499 judicat,
1889 1434 1949 1483 ut

382 1515 526 1572 hunc
564 1518 857 1589 possideat.
894 1516 1063 1574 Porro
1090 1517 1347 1573 thesauro
1372 1516 1533 1572 simul
1557 1530 1794 1588 agroque
1835 1531 1950 1573 me·

380 1618 626 1677 morato,
687 1609 959 1666 hominem
1018 1609 1355 1666 inventorem
1408 1609 1694 1679 apposuit,
1750 1616 1810 1665 ut
1853 1607 1948 1664 Dei

377 1700 676 1756 studiosam
729 1701 966 1758 hominis
1020 1710 1252 1757 mentem
1302 1699 1591 1771 significet.
1639 1700 1807 1770 igitur
1855 1716 1947 1755 su·

378 1792 678 1863 prascripta
722 1793 978 1863 parabola
1007 1794 1107 1851 suh
1133 1792 1383 1848 absconsi
1433 1792 1675 1847 thesauri
1726 1791 1949 1848 nomine

379 1881 632 1939 coelestes
653 1893 819 1954 atque
839 1885 1068 1940 eximias
1094 1884 1314 1938 denotat
1343 1883 1768 1952 promissionem
1808 1883 1949 1937 mui-

2048 709 2158 766 μην
2189 690 2288 763 τὴν
2332 686 2606 760 βασιλείαν
2655 682 2764 737 τῶν
2810 678 3052 751 οὐρανῶν
3086 677 3389 750 προειπὼν,
3435 679 3501 732 δι’
3546 676 3608 752 ἦς

2043 783 2232 856 ἐδήλου
2279 781 2377 852 τὴν
2409 775 2764 849 ὲπιχορηγίαν
2810 770 2904 825 τοῦ
2950 770 3107 837 άγίου
3153 769 3489 840 Πνεύματος,
3521 772 3610 824 καὶ

2043 874 2141 946 τὴν
2181 873 2449 942 ὠφέλειαν
2471 868 2569 940 τὴν
2593 866 2701 921 άπὸ
2722 863 2818 919 τοῦ
2846 860 3197 931 εὐαγγελικοῦ
3217 860 3401 928 λόγου,
3417 859 3503 914 διὰ
3518 861 3610 931 τῆς

2047 964 2177 1036 ἑξῆς
2203 961 2520 1037 παραδολῆς
2560 960 2660 1029 τὴν
2693 956 2862 1027 αὐτὴν
2890 954 3162 1026 βασιλείαν
3194 952 3438 1007 ἐοικέναι
3485 954 3609 1022 φησι

2046 1054 2325 1128 θησαυρῷ.
2362 1051 2462 1124 Εἴη
2497 1051 2543 1105 δ’
2584 1049 2651 1104 ἂν
2684 1046 2953 1119 θησαυρὸς
2979 1045 3150 1116 μέγας
3179 1044 3209 1097 ὁ
3233 1042 3376 1097 κατὰ
3402 1042 3501 1107 τὰς
3525 1045 3609 1096 οὐ·

2048 1147 2267 1220 ρανίους
2309 1141 2643 1211 ἐπαγγελίας
2667 1142 2782 1203 τοῖς
2833 1137 3002 1202 άξίοις
3036 1133 3479 1206 τεταμιευμένος,
3506 1135 3560 1187 ὃν
3583 1138 3609 1189 ό

2043 1237 2321 1309 ὀφθαλμὸς
2351 1235 2454 1290 οὐκ
2481 1230 2641 1298 εἶδεν,
2671 1232 2731 1297 ὃς
2760 1232 2886 1294 τοὺς
2912 1228 3138 1291 πολλοὺς
3165 1225 3439 1280 λανθάνει.
3479 1227 3535 1280 ‘O
3559 1227 3608 1280 δὲ

2043 1329 2233 1384 τοῦτον
2260 1328 2481 1398 νοήσας,
2514 1324 2592 1388 ὡς
2613 1322 2676 1377 τὸ
2705 1323 2824 1377 κατ’
2853 1321 3037 1375 εἰκόνα
3064 1317 3160 1372 τοῦ
3185 1316 3323 1372 Θεοῦ
3352 1316 3538 1382 σώζων
3558 1319 3607 1370 ὲν

2046 1417 2247 1491 ἐαυτῷ,
2275 1418 2452 1489 χαρᾶς
2501 1413 2754 1486 ἔμπλεως
2783 1409 3043 1482 γεγονὼς,
3086 1409 3161 1473 ὡς
3200 1409 3267 1464 ἂν
3308 1410 3373 1475 τὸ,
3420 1409 3605 1463 τέλειον

2047 1509 2158 1564 τῶν
2186 1506 2404 1578 ἀγαθῶν
2428 1502 2699 1578 εὑρηκὼς,
2722 1502 2793 1557 τά
2814 1501 2977 1556 λοιπά
3008 1500 3184 1555 πάντα
3215 1500 3450 1573 δεύτερα
3479 1500 3601 1552 τίθε-

2047 1618 2159 1667 ται,
2182 1600 2278 1655 καὶ
2307 1597 2498 1653 τοῦτον
2526 1594 2929 1665 άντιλαμόάνει.
2956 1591 3396 1664 Καταλλήλωςὸὲ
3430 1591 3610 1664 θησαυ-

2049 1692 2142 1766 ρὸν
2170 1692 2267 1746 καὶ
2318 1690 2490 1760 άγρδν
2539 1685 2732 1749 εἰπὼν,
2783 1684 3067 1756 ἄνθρωπον
3095 1683 3245 1754 αὐτῷ
3286 1683 3497 1756 συνῆψε
3531 1684 3612 1736 τὸν

2046 1784 2347 1857 εὑρηκότα·
2381 1781 2526 1837 οὕτω
2570 1779 2813 1852 δηλώσας
2855 1778 2946 1831 τὸν
2988 1779 3047 1832 ὲν
3097 1776 3373 1850 ἀνθρώπῳ
3399 1776 3610 1847 θεοφιλῆ

2046 1875 2191 1929 νοῦν.
2233 1874 2301 1928 Ἡ
2353 1874 2452 1944 μὲν
2497 1867 2591 1926 οὗν
2646 1870 2872 1943 ῥηθείσα
2908 1867 3049 1938 αῦτη
3076 1866 3362 1939 παραδολὴ
3392 1865 3479 1920 διά
3520 1865 3610 1919 τοῦ

379 1987 448 2032 toe
472 1976 615 2032 euim
650 1978 959 2033 mansiones
1002 1977 1140 2048 apud
1170 1975 1382 2033 Patrem
1409 1985 1571 2042 suntg
1628 1974 1950 2046 divitiasque
1981 1965 2024 2023 Β
2051 1964 2322 2039 θησαυροῦ
2343 1963 2437 2019 τοῦ
2466 1961 2848 2034 κεκρυμμένου
2876 1959 2974 2023 τὰς
2996 1957 3254 2031 οὐρανίας
3287 1956 3611 2026 ἐπαγγελίας

374 2064 493 2136 nei,
522 2079 643 2138 qua
664 2074 791 2124 suot
828 2066 1007 2122 omnis
1054 2066 1183 2123 boni
1222 2065 1546 2135 thesaurus,
1590 2066 1946 2125 demonstrat.

446 2336 575 2405 Quae
606 2350 739 2396 vero
759 2337 1007 2409 sequitur
1035 2337 1058 2372 ⁸
1087 2339 1395 2408 margaritae
1418 2334 1697 2406 parabola,
1722 2348 1787 2392 ea
1815 2334 1948 2392 mibi

374 2427 684 2499 siguificare
705 2427 917 2484 videtur
950 2429 1323 2498 pretiosiorem
1366 2427 1743 2498 praedictarum
1780 2443 1944 2499 opum

372 2528 602 2591 partem.
658 2517 755 2574 Est
803 2528 980 2575 autem
1035 2520 1149 2573 haec
1177 2518 1434 2574 diviuitas
1466 2516 1771 2588 Unigeniti,
1824 2533 1947 2589 quae

373 2609 585 2667 cunctis
637 2609 693 2665 in
727 2609 983 2680 praedicto
1032 2612 1286 2666 thesauro
1322 2610 1594 2665 contentis
1626 2608 1948 2682 exquisitior

371 2708 492 2766 αις
518 2714 679 2770 quam
707 2698 798 2768 qui
829 2700 1196 2771 acquisiverit,
1220 2714 1450 2770 superna
1473 2699 1730 2755 beatitate
1751 2700 1946 2772 dignus

372 2798 455 2844 ut.
501 2787 789 2860 Margarita
816 2796 995 2844 autem
1028 2787 1221 2844 merito
1248 2789 1558 2844 nominatur
1599 2788 1940 2846 incarnatum

372 2880 470 2937 Dei
498 2878 732 2936 Verbum
758 2897 773 2947 ;
804 2878 932 2951 quia
958 2880 1073 2936 haec
1104 2879 1418 2951 margarita,
1449 2879 1506 2936 in
1541 2894 1705 2936 carne
1739 2879 1869 2935 iicet
1890 2889 1944 2937 et

372 2972 610 3030 ostracio
635 2984 797 3043 atque
825 2973 1054 3028 humore
1083 2971 1262 3044 genita
1284 3013 1300 3040 ,
1348 2970 1645 3042 pretiosum
1673 2972 1801 3044 quid
1833 2980 1941 3040 est,

372 3070 430 3118 et
454 3078 564 3137 prae
600 3063 849 3120 omnibus
876 3078 943 3120 ex
974 3063 1199 3119 humore
1228 3063 1365 3119 natis
1409 3060 1729 3134 corporibus
1772 3062 1944 3119 hono-

373 3155 581 3212 rabitis.
631 3154 794 3213 Certe
830 3154 1123 3226 margarita
1154 3154 1366 3211 videtur
1400 3152 1680 3209 humidum
1722 3169 1939 3226 corpus,

374 3244 736 3315 splendidum,
778 3244 1092 3300 coelestibus
1132 3242 1328 3309 simite,
1363 3242 1484 3298 luce
1512 3256 1580 3297 ac
1601 3242 1795 3313 spiritu
1823 3242 1941 3314 pie—

2052 2058 2237 2131 ὶδήλου
2279 2057 2378 2121 τὰς
2410 2052 2865 2128 ὑπερὸεῦηκυίας,
2895 2050 3085 2106 πολλαὶ
3111 2051 3221 2122 γάρ
3268 2049 3421 2121 μοναὶ
3463 2048 3613 2120 παρὰ

2052 2152 2131 2223 τῷ
2159 2150 2351 2222 [Ia-cpi,
2380 2149 2477 2203 καὶ
2502 2148 2591 2202 τὸν
2636 2149 2694 2201 ὲν
2735 2145 2856 2217 Θεῷ
2887 2143 3139 2208 πλοῦτον,
3177 2141 3442 2215 θησαυρὸν
3486 2142 3614 2195 ὄντα

2054 2242 2253 2308 παντὸς
2279 2241 2505 2312 ἀγαθοῦ.

2135 2335 2198 2389 Ἡ
2242 2333 2298 2388 δὲ
2334 2331 2472 2404 μετά
2504 2329 2706 2401 ταύτην
2737 2329 2823 2384 διά
2867 2328 2962 2383 τοῦ
3016 2326 3354 2400 μαργαρίτου
3395 2324 3617 2380 αἰνίττε-

2053 2426 2177 2481 σθαί
2206 2443 2296 2497 μοι
2326 2425 2476 2479 δοκεῖ
2505 2423 2569 2477 τὸ
2612 2422 2934 2492 τιμιὼτερον
2982 2418 3076 2473 τοῦ
3108 2418 3442 2491 δηλωθέντος
3468 2414 3619 2469 πλού-

2051 2536 2166 2572 του.
2221 2516 2322 2588 Είη
2364 2516 2409 2569 δ’
2444 2515 2509 2568 ἂν
2556 2511 2812 2585 ἠθεότης
2859 2510 2998 2583 αὐτὴ
3052 2508 3146 2563 τοῦ
3185 2507 3543 2577 Μονογενοῦς,
3588 2508 3618 2576 ἡ

2052 2611 2268 2665 πάντων
2292 2607 2400 2663 τῶν
2428 2609 2486 2661 ὲν
2517 2605 2595 2677 τῷ
2622 2603 2937 2659 άποδοθέντι
2969 2601 3226 2675 θησαυρῷ
3265 2598 3620 2671 τεταμιευμέ-

2050 2720 2154 2757 νων
2183 2699 2503 2773 τιμιωτέρα,
2533 2699 2600 2770 ἣν
2638 2700 2668 2753 ό
2705 2697 3046 2770 κτησάμενος
3085 2695 3186 2766 τῆς
3225 2693 3490 2749 ἀνωτάτω
3521 2708 3620 2763 μα-

2051 2793 2373 2866 καριότητος
2399 2790 2647 2861 ἠξίωται.
2698 2788 3062 2861 Μαργαρίτης
3105 2787 3162 2841 δὲ
3205 2785 3520 2857 ὠνόμασται
3541 2785 3619 2838 εί-

2050 2884 2220 2947 κότως
2247 2883 2276 2936 ὁ
2309 2880 2612 2953 σαρκωθεὶς
2661 2879 2794 2943 Θεὸς
2832 2880 3033 2949 Λόγος·
3059 2878 3180 2931 ἐπεὶ
3201 2877 3294 2931 καὶ
3309 2870 3354 2930 Ὅ
3397 2890 3621 2946 μαργα-

2051 2980 2205 3053 ρίτης
2232 2975 2488 3041 τοιοῦτος,
2525 2977 2582 3028 ἐν
2607 2974 2770 3046 σαρκὶ
2805 2973 2905 3045 μὲν
2936 2972 3026 3027 καὶ
3065 2970 3122 3023 ἐν
3151 2966 3360 3047 ὀστρέῳ
3405 2967 3502 3019 καὶ
3553 2968 3614 3020 ὲν

2049 3072 2237 3143 ὑγροῖς
2264 3067 2621 3140 γεννώμενος,
2654 3066 2836 3139 τίμιον
2857 3065 2914 3120 δέ
2954 3080 3006 3119 τι
3033 3060 3242 3135 χρῆμα,
3268 3057 3363 3113 καὶ
3387 3058 3610 3112 πάντων

2046 3162 2153 3217 τῶν
2181 3163 2239 3214 ἐν
2266 3161 2450 3231 ὑγροῖς
2483 3157 2748 3229 σωμάτων
2773 3150 3191 3228 τιμαλᾴστιρον
3213 3167 3228 3182 ·
3281 3147 3427 3202 ἔοικε
3477 3146 3611 3215 γοῦν

2045 3248 2186 3308 εἶναι
2212 3254 2277 3325 τῇ
2309 3251 2469 3322 φύσει
2498 3248 2656 3322 σιῖιμα
2678 3247 2864 3321 ὑγρὸν,
2885 3243 3119 3314 διαυγὲς,
3153 3240 3409 3304 θεοειδὲς,
3435 3239 3616 3308 φωτὸς

375 3353 528 3394 1111111.
578 3336 671 3394 Sic
699 3338 863 3393 etiam
893 3338 1233 3392 incarnatum
1269 3336 1503 3391 Verbum
1528 3334 1708 3390 iumen
1736 3335 1946 3392 intelie-
1971 3325 2014 3384 C
2047 3347 2144 3401 καὶ
2169 3343 2480 3416 πνεύματος
2502 3341 2691 3413 γέμον.
2744 3338 2845 3410 Εἴη
2880 3338 2926 3392 δ·
2953 3334 3016 3392 ἂν
3038 3334 3137 3390 καὶ
3168 3331 3471 3407 σαρκωθεὶς
3516 3332 3616 3384 Λό-

373 3428 553 3484 etuaie
583 3438 690 3495 est,
720 3428 786 3483 de
821 3427 1035 3484 mortali
1069 3426 1397 3497 humidoque
1427 3441 1657 3499 corpore
1677 3429 1940 3486 emicans.

372 3518 492 3576 Jam
518 3534 638 3575 cum
676 3522 793 3576 aiiae
829 3520 1011 3576 muitae
1043 3520 1354 3576 exstiterint
1399 3520 1944 3592 tnargaritaesanctae

374 3609 592 3680 Deoque
644 3622 831 3681 gratae,
872 3611 1152 3684 prophetat
1186 3611 1436 3667 videlicet
1474 3611 1715 3682 iustique
1760 3612 1941 3669 bomi-

382 3715 499 3768 ues,
528 3704 621 3772 qui
646 3711 700 3756 et
725 3702 823 3770 ipsi
857 3716 1020 3757 carne
1048 3703 1331 3773 constipati
1385 3712 1544 3759 erant
1571 3712 1792 3775 propter
1819 3718 1942 3760 car-

369 3806 530 3847 neam
569 3793 845 3847 hominum
902 3793 1090 3863 vitam,
1122 3808 1280 3849 nemo
1306 3793 1448 3850 alius
1473 3835 1490 3860 ,
1549 3805 1747 3867 praetcr
1794 3795 1943 3853 hune

274 3887 293 3911 “
371 3883 569 3948 solum,
610 3898 737 3937 vere
771 3884 1103 3956 unigenitus,
1138 3883 1608 3955 splendidissimus
1637 3899 1703 3941 ac
1739 3885 1942 3957 pretio-

373 3975 620 4031 sissimus
654 3974 902 4032 inventus
923 3985 1025 4032 est.
1062 3977 1215 4033 Adeo
1248 3984 1306 4030 ut
1350 3974 1519 4033 lsaias
1544 3992 1759 4048 quoque
1783 3979 1852 4035 de
1875 3992 1940 4036 eo

369 4066 698 4122 vaticinatus
732 4067 895 4123 tuerit
940 4067 1127 4123 dicens
1157 4085 1172 4124 ι
1203 4065 1338 4122 Ecce
1384 4085 1519 4137 pono
1552 4070 1608 4123 in
1647 4068 1780 4124 Sion
1811 4069 1943 4140 iapi-

370 4159 490 4213 dettt
509 4160 817 4228 pretiosum,
846 4159 1088 4228 electum,
1121 4159 1447 4231 «nquiorem,
1474 4159 1829 4215 honorabilem
1844 4179 1867 4229 ,·
1890 4169 1941 4218 et

370 4251 463 4324 «μα’
507 4253 785 4307 crediderit
841 4253 898 4307 in
950 4270 1068 4308 eum
1089 4293 1105 4318 ,
1178 4269 1282 4308 non
1335 4253 1684 4325 confundetur
1729 4251 1771 4308 ⁰.
1835 4253 1939 4322 Qui

372 4358 505 4417 ergo
550 4358 717 4415 regno
760 4344 1023 4400 coeiorum
1056 4344 1254 4416 dignus
1297 4343 1511 4399 futurus
1537 4351 1651 4408 est,
1681 4343 1942 4415 praeclare

371 4451 716 4510 comparatur
750 4437 1036 4495 mercatori
1085 4437 1239 4505 viro,
1297 4438 1375 4494 rei
1405 4437 1561 4493 bonae
1598 4441 1843 4515 studioso
1883 4448 1941 4496 et

2043 3455 2138 3509 γος
2163 3436 2419 3502 τοιοῦτος,
2441 3433 2558 3504 φῶς
2588 3431 2771 3503 νοερὸν
2812 3429 2901 3485 διά
2931 3427 3125 3500 θνητοῦ
3172 3425 3268 3480 καὶ
3299 3422 3472 3496 ὑγροῦ
3507 3420 3612 3476 σώ-

2045 3546 2214 3603 ματος
2242 3525 2548 3598 ὲκλάμψαν.
2584 3523 2803 3578 Πολλῶν
2842 3539 2908 3592 γε
2944 3520 3051 3594 μὴν
3079 3518 3177 3575 καὶ
3208 3516 3382 3574 ἄλλων
3404 3532 3613 3588 μαργα-

2043 3622 2205 3695 ριτῶν
2241 3621 2409 3674 ὄντων
2439 3617 2610 3687 άγίων
2640 3615 2737 3670 καὶ
2774 3613 3055 3685 θεοφιλῶν,
3091 3608 3385 3682 προφητῶν
3430 3625 3488 3661 τε
3522 3609 3613 3661 καὶ

2038 3712 2262 3766 δικαίων
2293 3709 2524 3783 ἀνδρῶν,
2559 3709 2654 3762 καὶ
2684 3705 2860 3762 αὐτῶν
2910 3705 2971 3759 ὲν
3018 3702 3183 3777 σαρκὶ
3224 3700 3611 3770 πεπιλημένων

2037 3804 2125 3860 διά
2146 3803 2239 3858 τδν
2263 3801 2523 3876 ἔνσαρκον
2547 3799 2659 3854 τῶν
2679 3794 2980 3871 ἀνθρώπων
3017 3794 3148 3867 βίον,
3174 3793 3350 3856 οὐδεὶς
3372 3791 3605 3863 ἓτεροςῆ

2043 3896 2205 3970 μόνος
2225 3892 2310 3962 εἷς
2332 3887 2490 3960 οὗτος
2527 3892 2742 3966 άληθῶς
2781 3887 3071 3963 μονογενὴς
3115 3885 3210 3940 καὶ
3259 3882 3608 3954 πολυφεγγὴς

2037 3989 2132 4043 καὶ
2176 3985 2470 4059 πολύτιμος
2497 3984 2762 4057 εὓρηται·
2829 3980 2906 4046 ὠς
2957 3977 3054 4035 καὶ
3087 3976 3311 4033 Ἡσαΐαν
3354 3974 3605 4030 θεσπίσαι

2042 4077 2172 4150 περὶ
2200 4073 2364 4131 αὐτοῦ
2394 4076 2487 4130 καὶ
2508 4077 2681 4129 εἰπεῖν
2702 4087 2719 4108 ·
2760 4069 2910 4127 Ἰδοὺ
2934 4069 3130 4139 τίθημι
3151 4066 3222 4120 ὲν
3249 4064 3407 4120 Σιὼν
3434 4067 3606 4120 λίθον

2037 4165 2366 4237 πολυτελῆ,
2398 4162 2709 4227 ἐκλεκτὸν,
2739 4157 3174 4232 ἀκροτωνιαῖον,
3200 4155 3445 4227 ἔντιμον
3465 4172 3479 4187 ·
3509 4154 3606 4208 καί

2039 4259 2075 4312 ὀ
2106 4256 2406 4311 πιστεύων
2450 4256 2538 4321 εὶς
2576 4253 2766 4308 αὐτὸν
2790 4253 2862 4307 οὐ
2898 4247 3498 4316 καταισχυνθήσεται.
3548 4246 3605 4298 ‘0

2036 4348 2103 4421 δὴ
2133 4344 2227 4404 οὗν
2271 4347 2478 4419 μέλλων
2498 4347 2598 4419 τῆς
2622 4344 2899 4416 βασιλείας
2930 4340 3036 4396 τῶν
3056 4338 3297 4410 οὐρανῶν
3316 4336 3606 4403 καταξιοῦ-

2041 4439 2165 4496 σθαι
2198 4438 2493 4513 προσφυῶς
2524 4437 2933 4512 παραὸεόληται
2976 4433 3203 4507 ἐμπόρῳ
3253 4433 3407 4504 ἀνδρὶ
3453 4431 3605 4502 φιλο-

369 4531 565 4600 perito,
598 4542 654 4587 et
700 4529 992 4586 multarum
1037 4529 1405 4586 doctrinarum
1454 4531 1808 4602 exploraturi,
1842 4532 1936 4605 qui
2037 4531 2188 4604 κάλῳ
2213 4531 2319 4585 τινὶ
2342 4530 2436 4586 καὶ
2468 4529 2755 4601 φιλομαθεῖ
2783 4530 2878 4584 καίΙ
2903 4526 3159 4583 ποικίλων
3188 4525 3486 4596 δοκιμαστῇ
3521 4525 3607 4578 λό-

372 4623 701 4679 circumiens
731 4621 928 4678 multas
962 4623 1160 4694 reperit
1210 4621 1553 4692 margaritas,
1597 4625 1935 4681 omnimodas
2037 4638 2170 4693 γων,
2215 4621 2523 4694 ὃςπεριιὼν
2551 4619 2781 4684 πολλοὺς
2838 4620 2938 4691 μὲν
2987 4618 3181 4689 ἀνεῦρε
3239 4616 3601 4688 μαργαρίτας,

370 4726 567 4782 nempe
611 4722 924 4770 sanctorum
973 4712 1248 4768 hominum
1282 4711 1503 4766 classes.
1550 4712 1659 4768 Sed
1697 4715 1932 4785 pretiosa
2038 4715 2320 4779 παντοίους
2350 4716 2407 4768 ὲν
2428 4713 2734 4786 ἀνθρώποις
2772 4712 2987 4781 άγίους·
3014 4710 3166 4775 τέλος
3191 4709 3246 4763 δὲ
3267 4710 3355 4762 τὸν
3382 4708 3604 4762 πολύτι-

374 4805 466 4862 itta
514 4822 725 4878 gemma
772 4810 1009 4875 iuventa,
1056 4820 1215 4875 quam
1248 4805 1482 4862 Verbum
1530 4804 1743 4870 obtulit,
1794 4807 1934 4862 hanc
2042 4823 2142 4880 μον
2169 4807 2363 4879 εὑρὼν,
2393 4807 2453 4860 ὃν
2492 4806 2718 4876 όΛόγος
2774 4805 3173 4875 παρεστήσατο,
3227 4801 3445 4854 πάντων
3494 4799 3601 4852 τῶν

369 4912 494 4953 cum
519 4899 769 4954 omnibus
786 4900 885 4954 sibi
905 4909 1060 4953 autea
1087 4898 1377 4967 compertis
1399 4898 1765 4965 commutavit,
1790 4898 1932 4953 idem
2038 4899 2301 4973 πρότερον
2346 4897 2493 4968 αὐτῷ
2540 4896 2956 4970 πεπορισμένων
2986 4895 3173 4950 τοῦτον
3209 4893 3600 4965 ἀντικατηλλά-

371 4982 575 5044 faciens
607 4988 748 5059 quoti
789 4991 936 5058 prior
973 4988 1059 5043 iiie
1087 4986 1199 5057 (qui
1226 5002 1412 5059 agrum
1442 4985 1530 5042 ubi
1567 4987 1764 5043 latebat
1813 4989 1931 5044 the·
2037 4988 2183 5057 ξατο,
2205 4990 2397 5042 ταυτὸν
2421 4987 2498 5060 τῷ
2529 4987 2776 5061 προτέρῳ
2801 4985 3011 5058 πράξας
3063 4988 3128 5057 (ὁ
3156 4987 3331 5041 πάντα
3363 4989 3463 5041 ὅσα
3488 4983 3598 5058 εἶχε

370 5096 565 5138 saurus
594 5082 824 5137 venditis
849 5081 1056 5137 cunctis
1084 5078 1467 5153 comparavit).
1493 5080 1667 5148 Atque
1694 5080 1806 5136 haec
1830 5082 1936 5135 erit
2040 5080 2313 5154 πωλήσας,
2369 5081 2465 5135 καὶ
2509 5080 2783 5153 ἀγοράσας
2831 5079 2921 5132 τὸν
2970 5079 3140 5149 ἀγρὸν
3192 5080 3437 5151 ἐκεῖνον).
3492 5078 3600 5133 Καὶ

370 5188 596 5229 5111111118
617 5173 890 5228 beatitatis
914 5173 1161 5240 coronis,
1190 5186 1384 5242 nempe
1420 5172 1464 5226 si
1503 5171 1739 5241 pretiosa
1780 5187 1929 5226 mat·-
2034 5172 2178 5231 ιυοῦτ’
2220 5173 2287 5228 ἂν
2312 5174 2398 5245 εἴη
2423 5172 2575 5238 τέλος
2612 5174 2712 5244 τῆς
2754 5171 2928 5244 ἄκρας
2963 5170 3383 5243 μακαριότητος,
3414 5171 3475 5224 τὸ
3504 5186 3601 5225 κα-

370 5265 543 5337 garita
581 5263 920 5330 ornabimur,
970 5262 1024 5317 id
1071 5273 1153 5320 est
1195 5264 1399 5319 iumine
1429 5262 1733 5317 divinitatis
1769 5259 1926 5317 Verbi
2032 5262 2435 5336 τακοσμηθῆναι
2464 5262 2541 5334 τῷ
2570 5263 2912 5335 πολυτιμήτω
2942 5263 3272 5334 μαργαρίτῃ,
3300 5262 3496 5334 δηλαδὴ
3521 5261 3599 5332 τῷ

366 5355 653 5423 unigeniti.
684 5352 900 5408 initium
933 5353 1132 5425 quippe
1160 5353 1261 5409 suit
1283 5368 1500 5420 seuten;
1533 5352 1724 5408 deinde
1751 5351 1931 5408 fructi·
1963 5345 1974 5357 '
2035 5354 2174 5426 φωτὶ
2205 5355 2304 5427 τῆς
2342 5354 2590 5425 θεότητος
2621 5352 2715 5407 τοῦ
2755 5353 3070 5424 μονογενοῦς
3096 5353 3296 5421 Λόγου·
3325 5353 3467 5424 ἀρχὴ
3498 5353 3597 5423 μὲν

370 5444 580 5502 ticantis
625 5444 885 5502 frumenti
934 5445 1289 5514 germittatio;
1343 5444 1557 5500 tertium
1614 5443 1873 5501 discretio
1900 5461 1930 5501 a
2037 5448 2146 5521 γὰρ
2174 5445 2243 5521 ἦν
2266 5449 2295 5502 ό
2329 5448 2528 5519 σπόρος
2549 5465 2562 5477 ·
2621 5440 2718 5500 εἶτ’
2757 5445 2992 5511 ἐπίδοσις
3031 5445 3128 5516 τῆς
3155 5445 3248 5499 τοῦ
3283 5445 3429 5500 σίτου
3458 5463 3567 5519 καρ

437 5554 480 5587 ⁸·
507 5553 700 5611 Hattb.
730 5568 865 5622 xtu,
896 5554 984 5609 55.
1061 5556 1080 5587 '¹
1122 5554 1251 5610 ibid.
1282 5553 1373 5610 tt.
1446 5555 1469 5587 ⁸
1513 5554 1641 5611 ibid.
1672 5553 1762 5610 45.
1839 5557 1861 5588 ⁸
1901 5555 2006 5613 lsa.
2049 5572 2242 5625 xxvttt,
2282 5557 2370 5615 ¹6.

443 5646 558 5719 (ot)
597 5647 695 5704 Hic
724 5663 940 5717 quoque
985 5662 1015 5703 a
1056 5649 1199 5705 Luca
1229 5658 1486 5721 provocat
1522 5650 1589 5705 ad
1615 5649 1927 5707 Mattitaeum
2043 5654 2346 5710 rectissime
2375 5653 2492 5710 fleri
2518 5656 2692 5721 potuit
2717 5657 2785 5708 ab
2818 5670 2881 5713 eo
2913 5654 3004 5726 qui
3037 5654 3089 5710 in
3118 5651 3595 5725 tetraevangeiium

379 5715 644 5775 Eusebius
731 5718 1023 5789 quodcum
1079 5735 1173 5791 per
1227 5736 1284 5777 se
1336 5737 1442 5777 uon
1493 5720 1753 5792 dedecet,
1819 5731 1931 5778 tum
2037 5723 2266 5784 fortasse
2297 5725 2782 5783 commentabatur.
