3692 6134
20 5710 75 5747 -ρ

20 5778 79 5837 ἒ

108 378 259 437 {133

1448 366 1538 422 DE
1569 364 2055 422 tNCORPonAu.

3214 369 3353 425 1154

108 494 210 551 Dei
239 504 447 557 mensa,
479 487 635 559 plena
660 484 879 557 quidem
915 480 1189 549 omnibus,
1220 482 1552 538 conveniens
1583 497 1682 537 au-
1712 485 1761 541 Δ
1787 479 2073 542 mamillas,
2099 478 2519 551 quadripedibus
2548 486 2729 536 autem
2754 479 2807 535 in
2835 480 2961 537 aiiis
2991 482 3168 539 inlisit
3193 484 3347 542 locis.

110 593 224 640 tem
284 579 576 648 unicuique
632 586 855 632 naturae.
893 573 961 629 Et
986 579 1073 629 est
1115 569 1422 627 admiratio.
1454 568 1672 623 Numeri

104 668 258 724 euim
288 665 558 722 mensium
592 662 911 718 matricibus
941 669 997 715 et
1020 657 1487 716 irrationabilibus
1514 658 1676 728 posi-ti

104 767 258 817 sunt.
287 755 357 812 Et
395 756 518 827 quis
552 770 657 810 non
696 761 935 825 stupeat,
992 752 1118 823 quia
1168 751 1223 809 in
1278 759 1520 821 tempore
1575 751 1681 806 isto

68 850 79 889 Ι
106 856 468 913 concurrunt,
520 844 674 914 cujus
705 844 884 900 exitus
921 841 1160 898 fructum
1210 850 1502 914 apportat,
1554 855 1679 896 cum

106 942 378 1012 asperitas
413 937 618 995 hiberni
674 935 986 992 transierit?
1030 942 1092 989 ut
1128 948 1233 990 non
1285 941 1472 989 tenera
1504 932 1680 989 adhuc

106 1032 409 1091 constituta
434 1045 555 1100 quae
580 1038 705 1083 nata
725 1027 930 1082 suntin
951 1025 1113 1083 domo
1137 1039 1243 1081 non
1259 1023 1497 1089 confota,
1524 1038 1682 1094 aspe-

108 1122 335 1181 ritatem
364 1131 545 1177 autem
576 1118 772 1174 hiemis
798 1117 1128 1173 incurrentia
1167 1115 1431 1185 perirent,
1459 1122 1516 1168 et
1548 1112 1682 1169 defl-

106 1218 267 1267 eeret
289 1223 479 1279 genus,
513 1206 559 1263 si
589 1207 662 1261 ita
699 1205 950 1276 frigdore
973 1204 1160 1275 gelidas
1185 1204 1378 1260 hiemis
1404 1202 1682 1260 interlice-

106 1307 283 1353 retur.
306 1296 411 1352 Sed
442 1295 588 1367 leges
613 1304 847 1360 statutae,
873 1302 928 1349 et
955 1294 1091 1350 lines
1111 1304 1238 1350 sunt
1258 1293 1443 1364 positi,
1464 1291 1685 1363 quando

108 1389 391 1447 seminare
419 1388 700 1455 deberent,
729 1396 786 1443 et
817 1385 1033 1456 quando
1078 1385 1315 1441 fructum
1368 1384 1586 1440 afferre.
1616 1384 1682 1439 Et

107 1494 294 1551 neque
324 1478 432 1535 illis
452 1493 590 1549 opus
642 1487 727 1534 est
772 1476 1089 1543 obstetrice,
1120 1489 1298 1546 neque
1326 1484 1445 1532 arte
1494 1475 1681 1531 istius-

108 1575 286 1639 modi,
317 1588 491 1644 neque
510 1583 568 1629 ut
594 1573 752 1628 cadat
775 1582 829 1627 et
853 1570 1033 1642 jaceat
1058 1587 1073 1625 ε
1104 1569 1200 1626 sed
1229 1569 1412 1626 statim
1436 1576 1496 1624 ut
1521 1567 1681 1624 enixa

110 1666 282 1723 fuerit
303 1676 436 1733 stat,
466 1665 652 1721 statim
682 1671 740 1718 ut
768 1672 955 1717 natum
982 1660 1146 1718 fuerit
1198 1673 1366 1729 pecus
1416 1657 1679 1730 exsurgit,

107 1768 173 1816 ct
193 1760 437 1831 agnoscit
472 1756 843 1814 irrationabile
885 1752 1088 1811 animal
1121 1752 1265 1824 quod
1314 1750 1477 1821 ejecit
1501 1766 1533 1808 e
1568 1766 1685 1806 ma·

1783 570 1923 637 Quid
1948 579 2128 626 autem
2152 571 2290 627 dicis
2309 571 2436 640 quia
2461 571 2877 642 unumquodque
2907 572 3132 641 animal,
3164 578 3351 631 statim

1780 671 1840 716 ut
1874 670 2056 716 natum
2080 661 2260 731 fuerit,
2294 671 2555 732 quantum
2587 673 2673 719 est
2698 674 2906 721 tantum
2940 677 3042 730 est,
3071 669 3347 741 magnitu-

1782 751 1911 807 dine
1934 751 2080 817 dico,
2112 753 2206 809 sed
2235 755 2380 825 quod
2408 756 2545 812 nihil
2579 756 2810 827 amplius
2840 759 3073 815 assutnit
3102 761 3171 816 ad
3197 776 3352 817 men·

1783 852 1912 898 tem.
1941 842 2116 900 ilabet
2134 844 2280 900 enim
2307 846 2695 903 sensibilitates
2723 863 2872 915 suas,
2902 850 3067 907 habet
3099 852 3347 923 capillos,

1780 943 1838 990 et
1867 934 1993 1004 quia
2031 935 2168 991 uihii
2196 938 2337 1004 apud
2383 951 2479 994 eos
2529 940 2824 1011 pretiosum
2859 949 2966 1006 est,
3021 943 3143 1000 ideo
3176 952 3349 1000 totum

1780 1027 1967 1082 statim
1991 1027 2045 1082 in
2067 1027 2148 1083 eis
2167 1026 2394 1085 effusum
2422 1038 2552 1087 est·:
2583 1032 2725 1087 sicut
2778 1040 2835 1087 et
2881 1032 3235 1090 infructuosis
3257 1048 3351 1089 ar-

1780 1119 2004 1176 boribus
2036 1120 2216 1176 statim
2237 1123 2587 1180 concurritet
2612 1122 2909 1181 effunditur
2935 1127 3266 1197 magnitudo.
3291 1127 3352 1191 ln

1782 1209 2078 1266 fructiferis
2101 1220 2282 1268 autem
2333 1214 2531 1270 sensim
2583 1215 2803 1286 prolicit
2855 1227 3226 1289 augmentum.
3268 1216 3349 1274 lta

1781 1309 1840 1355 et
1876 1301 2305 1358 rationabilibus
2333 1316 2439 1358 non
2467 1306 2652 1359 statim
2677 1304 2916 1363 eflicitur
2944 1317 3001 1363 ut
3053 1290 3344 1378 crescant,

1782 1405 1893 1447 non
1919 1391 2100 1448 statim
2121 1401 2324 1459 status,
2367 1408 2473 1449 non
2510 1395 2695 1451 statim
2744 1410 2890 1456 esca.
2923 1396 3200 1470 Siquidem
3246 1413 3355 1458 uec

1782 1483 2096 1554 margarita
2115 1484 2169 1541 in
2198 1485 2339 1542 facie
2364 1487 2710 1559 reperiuntur
2732 1495 2928 1544 terraet
2959 1488 3056 1544 sed
3081 1499 3205 1560 post
3225 1499 3352 1547 tau-

1784 1585 1870 1631 tas
1892 1573 2246 1633 difficultates
2267 1577 2411 1648 quod
2451 1578 2753 1648 pretiosum
2794 1587 2880 1634 est
2919 1578 3214 1637 invenitur.
3239 1578 3355 1638 Ta·-

1784 1682 1908 1723 men
1939 1668 2081 1738 quod
2109 1676 2370 1741 properat
2396 1682 2579 1725 sermo
2603 1670 2670 1725 ad
2720 1670 3068 1743 semetipsum
3115 1671 3349 1730 dicimus

1785 1756 1910 1826 quia
1942 1771 2120 1827 neque
2143 1757 2629 1819 irrationabilibus.
2653 1758 2711 1817 Si
2748 1762 2893 1817 enim
2928 1772 3175 1829 nossent,
3210 1762 3354 1822 forte

110 1850 275 1917 trice,
302 1848 515 1920 etquotl
541 1863 645 1904 non
670 1846 881 1901 viderat
906 1854 969 1900 ut
999 1844 1180 1900 sciens
1208 1853 1382 1899 mater
1411 1840 1681 1914 agnoscit,
1712 1836 1758 1893 B
1784 1847 2003 1917 quidam
2034 1863 2200 1903 ausus
2223 1849 2436 1916 sume..
2468 1860 2526 1907 οι
2545 1853 2752 1909 dicere,
2782 1853 3024 1922 ipsorum
3056 1868 3178 1912 a„
3196 1869 3349 1927 m·

108 1952 175 2001 et
192 1943 473 2015 progenies
497 1940 562 1995 ad
594 1948 817 1994 matrem
835 1938 1173 1995 convertitur
1191 1949 1353 2007 qnam
1381 1933 1676 1990 nesciebat.

109 2032 185 2091 Et
220 2048 345 2089 cum
366 2033 548 2088 adsint
576 2030 687 2104 (55)
722 2030 887 2102 ipsius
920 2030 1135 2098 generis
1162 2029 1275 2096 alii,
1308 2041 1418 2083 non
1444 2033 1564 2083 erat
1600 2024 1678 2079 ir-

110 2125 454 2183 rationabilis
473 2125 539 2180 ad
562 2124 853 2190 modicum,
873 2132 928 2179 et
949 2123 1133 2180 statim
1159 2120 1406 2193 agnoscit
1427 2126 1678 2175 matrem.

110 2218 378 2291 Agnoscit
402 2227 581 2273 autem
614 2225 670 2272 et
700 2215 785 2273 sui
816 2216 1032 2285 generis
1064 2232 1080 2270 z
1115 2229 1224 2271 non
1256 2213 1471 2284 ignorat
1513 2210 1679 2264 etiam

110 2316 175 2367 et
196 2322 319 2380 quae
346 2308 447 2364 sibl
478 2306 702 2371 adversa
735 2315 881 2361 sunt.
936 2304 1283 2375 Accipiamus
1326 2300 1473 2357 enim
1505 2298 1681 2369 gratia

106 2397 536 2470 comparationis
562 2410 726 2451 unum
750 2408 819 2450 ει
849 2394 957 2462 his,
985 2404 1040 2450 et
1069 2393 1370 2451 rideamus.
1404 2387 1564 2446 Cervi
1587 2401 1685 2444 ca·

110 2492 345 2567 preclua
373 2491 553 2548 statim
582 2499 641 2547 ut
670 2498 827 2545 natus
856 2488 1022 2544 fuerit
1045 2487 1219 2544 currit
1244 2484 1311 2540 ad
1344 2491 1599 2548 matrem,
1626 2488 1685 2537 et

110 2582 317 2655 querit
338 2596 445 2639 non
491 2582 631 2639 unde
650 2580 998 2652 processerit,
1052 2577 1152 2635 sed
1207 2577 1351 2633 unde
1402 2582 1681 2645 pascatur.

106 2673 215 2731 lua
243 2681 420 2731 autem
458 2686 578 2742 quae
606 2682 764 2727 antea
788 2684 899 2726 uon
933 2662 1488 2732 dederatmamillam,
1516 2676 1684 2734 agno-

110 2766 233 2827 seit
254 2765 485 2835 ejusqui
523 2774 684 2820 natus
713 2774 795 2821 est
819 2763 1196 2828 alacritatem,
1243 2767 1300 2815 et
1352 2765 1507 2829 aptat
1554 2761 1685 2811 uate

112 2868 431 2917 ..isuram
451 2853 647 2910 volenti
671 2854 985 2926 contingere
1006 2861 1066 2908 ut
1091 2851 1387 2923 pertingat,
1412 2846 1571 2903 matri
1590 2862 1688 2907 att.-

106 2958 235 3031 gam
260 2962 382 3019 quat
408 2946 610 3019 praebet
639 2955 696 3000 ut
722 2945 982 3016 suscipiat
1008 2954 1067 3000 et
1096 2951 1306 3015 pascat.
1354 2938 1469 2999 Gur
1502 2948 1687 2997 autem

108 3050 237 3099 m
262 3037 391 3095 abiit
422 3036 490 3092 ad
528 3035 691 3091 aliam
716 3034 985 3092 similem?
1008 3032 1120 3090 Cur
1152 3033 1324 3105 ipsius
1345 3042 1557 3088 naturae
1578 3030 1685 3086 alia

112 3142 241 3189 nou
274 3125 538 3198 suscepit!
564 3126 675 3184 Cur
705 3141 811 3182 non
839 3128 909 3183 ad
932 3142 995 3184 os
1027 3125 1201 3199 patris
1254 3121 1549 3195 perrexit!
1586 3135 1687 3178 cur

122 3232 245 3275 nou
270 3216 484 3277 offendit
536 3219 605 3274 ad
648 3217 817 3283 latus.
863 3219 957 3275 sed
994 3214 1285 3273 mamillam
1314 3212 1548 3286 quaerit?
1580 3226 1691 3283 quo
1713 3199 1760 3259 C

120 3309 426 3369 οιιοεοιιιοι
445 3324 553 3383 quo
581 3308 946 3382 suggerente?
979 3307 1129 3365 Unde
1156 3314 1335 3364 autem
1366 3314 1424 3362 et
1444 3304 1693 3377 agnoscit

118 3398 269 3473 qnid
302 3399 493 3458 habeat
525 3401 806 3457 mamilla?
863 3399 1007 3456 unde
1049 3398 1206 3456 novit
1261 3397 1393 3469 quid
1426 3403 1688 3469 operetur

116 3494 263 3555 ross
282 3495 631 3553 mamillarum
654 3494 680 3549 i
705 3494 829 3565 quis
864 3492 914 3549 ei
940 3492 1098 3559 dixit,
1120 3489 1250 3562 quia
1270 3488 1454 3546 fontes
1479 3485 1693 3542 mamil-

120 3588 203 3645 b
228 3587 391 3645 eunti
413 3586 548 3643 Nam
602 3598 659 3641 et
703 3600 823 3641 cum
872 3584 1137 3640 ceciderit
1183 3581 1239 3637 in
1279 3589 1447 3645 terra,
1502 3578 1690 3635 statim

126 3687 271 3747 atat,
294 3690 350 3735 et
375 3693 547 3751 neque
573 3691 775 3735 cornua
798 3674 1139 3748 pertimescit
1163 3686 1451 3729 cervorum
1482 3669 1616 3727 talia
1638 3680 1695 3726 et

120 3772 215 3829 sta
240 3770 519 3838 terribilia,
546 3783 721 3840 neque
746 3765 1029 3839 perturbat
1075 3777 1198 3821 eum
1227 3761 1535 3819 immutatio
1566 3774 1692 3833 gre·

122 3864 243 3938 flb-
270 3861 327 3920 st
349 3873 525 3920 autem
556 3860 865 3932 apparuerit
883 3855 1096 3915 catulus
1122 3855 1301 3922 canis,
1325 3854 1513 3911 statim
1543 3853 1697 3908 abeo

124 3957 233 4027 qai
266 3965 422 4012 natus
442 3964 527 4011 est
550 3953 879 4026 agnoscitur,
904 3950 1030 4021 quia
1061 3949 1413 4020 impugnator
1442 3956 1528 4001 est
1550 3944 1690 4014 eius.

122 4046 207 4107 ts
232 4047 283 4105 si
305 4046 565 4105 simulans
608 4046 770 4102 homo
818 4044 1058 4100 imitatus
1090 4041 1255 4098 fucrit
1302 4053 1493 4096 vocem
1521 4041 1692 4105 cauis,

120 4141 325 4201 atatim
351 4148 408 4196 et
437 4149 723 4211 antequam
761 4139 981 4204 videat,
1035 4136 1396 4194 imitationem
1426 4132 1654 4189 audiens
1678 4169 1697 4196 ,

120 4244 327 4287 vetem
347 4229 503 4303 fugit.
536 4230 667 4299 Quis
687 4242 818 4298 ergo
858 4228 914 4284 in
949 4225 1412 4285 irrationabilibus
1440 4220 1700 4293 sapiens?

122 4332 364 4381 asteerte
393 4338 493 4379 nos
519 4323 610 4393 qui
660 4322 908 4376 videmur
949 4329 1006 4376 et
1036 4333 1227 4376 sumus
1283 4313 1642 4373 rationabiles
1678 4349 1699 4380 ,

120 4416 323 4475 atati-
352 4416 461 4473 nati
491 4416 622 4472 nibil
650 4416 843 4472 horum
868 4413 1152 4474 habemus,
1180 4410 1326 4481 quod
1346 4406 1431 4464 est
1453 4404 1698 4462 admira·

122 4510 293 4565 aione
317 4508 534 4581 dignum
562 4524 579 4563 ε
609 4522 708 4564 cur
728 4506 904 4562 infans
928 4513 1154 4560 matrem
1186 4502 1404 4573 ignorat
1429 4537 1447 4563 ,
1496 4507 1554 4554 et
1595 4510 1697 4569 pa·
1726 4529 1773 4587 D

123 4610 283 4657 arem
311 4612 415 4655 non
446 4596 721 4669 agnoscit?
756 4593 939 4666 Neque
966 4609 997 4648 a
1027 4607 1088 4650 se
1126 4592 1303 4663 pergit
1344 4589 1459 4662 (56)
1492 4588 1560 4643 ad
1582 4602 1700 4643 ma·

122 4689 367 4756 nilum,
390 4704 564 4760 neque
588 4688 791 4759 aliquid
817 4683 1125 4742 istiusmodi
1151 4682 1312 4738 facit.
1354 4680 1495 4750 Quia
1545 4678 1693 4735 enim

120 4792 225 4842 est
252 4795 443 4838 sensus
473 4783 526 4836 in
553 4789 747 4846 matre,
779 4789 835 4835 et
867 4776 1032 4833 tutela
1066 4777 1118 4831 in
1160 4784 1353 4847 patre,
1391 4781 1448 4828 et
1494 4784 1585 4825 ars
1639 4768 1696 4824 ia

120 4874 431 4933 obstetrice
455 4888 473 4927 ε
497 4882 555 4927 ιιι
578 4878 832 4942 appareat
853 4868 1197 4940 providentiae
1224 4861 1578 4935 dispensatio,
1605 4858 1697 4915 ubi

122 4966 247 5022 ista
273 4962 484 5026 desunt,
509 4971 703 5016 natura
726 4960 961 5030 complet
990 4974 1005 5013 :
1036 4957 1128 5012 ubi
1155 4964 1338 5010 autem
1372 4954 1474 5009 ista
1516 4951 1695 5006 abuu-

124 5060 295 5121 dass,
326 5064 515 5110 natura
541 5053 704 5109 eedit.
730 5051 846 5107 Non
877 5051 1020 5105 enim
1045 5050 1227 5106 statim
1264 5048 1438 5119 surgit
1465 5043 1646 5101 infans
1680 5057 1699 5097 τ

19 5170 29 5207 ι
129 5148 307 5207 hahet
347 5148 492 5202 enim
523 5161 715 5202 manus
742 5159 863 5214 quae
904 5148 1167 5214 portantt
1227 5137 1567 5196 necessarios
1604 5149 1699 5191 ea·

128 5239 301 5315 ,iilos
325 5253 433 5295 non
456 5238 680 5293 habuit:
710 5236 805 5306 pili
826 5235 971 5290 enim
1003 5234 1182 5290 evium
1211 5228 1518 5287 necessaria
1545 5241 1696 5283 com-

130 5330 309 5403 plent.
346 5328 583 5397 Quaerite
628 5337 807 5382 sutem
837 5334 892 5380 et
924 5325 1094 5394 ipsam
1148 5323 1474 5395 positionem
1529 5317 1700 5374 fontis

20 5466 33 5477 .
136 5436 389 5481 escarum
417 5419 593 5492 qualis
625 5419 766 5488 apud
797 5430 916 5483 nos,
955 5426 1010 5473 et
1046 5414 1223 5487 qualis
1250 5413 1388 5484 apud
1413 5409 1704 5465 irrationa-

36 5508 53 5540 ”
134 5514 283 5575 bites
304 5516 584 5570 habeatur.
610 5510 745 5578 Quia
774 5511 919 5564 enim
941 5517 1157 5565 erectus
1182 5515 1368 5562 noster
1394 5512 1480 5558 est
1501 5510 1700 5566 status,

138 5607 271 5683 quia
291 5607 345 5663 iu
373 5606 518 5660 inani
562 5620 622 5660 os
672 5613 977 5673 portamus,
1012 5597 1259 5670 superius
1316 5594 1594 5652 constituit
1644 5602 1700 5649 et

207 5790 327 5867 (3⁵)
359 5787 552 5863 Ipsius.
577 5786 774 5857 Αὑτοῦ,
803 5787 1058 5857 ejusdem.

1786 1938 1920 2008 Quia
1939 1947 2119 1994 autem
2151 1939 2405 2011 ignorant
2432 1942 2672 2011 quidem,
2703 1941 2944 1999 eflicitur
2972 1959 3142 2013 νει-ος
3171 1956 3350 2002 tamen

1785 2029 1911 2099 quia
1940 2027 2076 2083 flunt
2097 2044 2350 2098 corpora,
2376 2037 2434 2084 et
2476 2031 2781 2102 ligurantur
2829 2034 2885 2087 in
2917 2037 3266 2102 matricibus,
3296 2048 3354 2094 et

1786 2130 2040 2178 creseunt
2060 2130 2184 2192 post
2208 2122 2497 2187 matrices;
2550 2133 2859 2194 quaerentes
2889 2126 3200 2186 invenimus
3223 2132 3352 2201 quia

1785 2211 2074 2284 praesentia
2101 2211 2402 2283 corporalis
2424 2212 2622 2269 snimae
2663 2227 2728 2270 ex
2778 2216 3099 2273 matricibus
3129 2229 3349 2288 exeunt,

1786 2314 1841 2360 et
1870 2311 1989 2374 post
2015 2316 2293 2373 egressum
2323 2313 2636 2374 pascuntur,
2673 2314 2730 2361 et
2763 2316 3018 2363 crescunt
3038 2316 3096 2363 et
3123 2323 3351 2365 movene

1790 2405 1900 2451 tur.
1926 2393 1983 2450 Si
2010 2403 2189 2450 autem
2216 2394 2340 2466 quis
2363 2394 2593 2462 dubitet,
2623 2396 2932 2453 consideret
2964 2412 3163 2469 corpus
3205 2401 3353 2457 unde

1788 2486 2020 2543 recessit
2051 2486 2255 2553 anima,
2281 2494 2338 2542 et
2357 2486 2497 2544 sciet
2530 2485 2683 2557 cuius
2723 2490 3005 2558 presentia
3029 2499 3160 2546 sunt
3179 2506 3351 2561 opera

1788 2578 1911 2635 ista.
1935 2578 2076 2651 Ergo
2102 2586 2158 2635 et
2189 2578 2509 2650 corporibus
2541 2590 2604 2636 ιιι
2633 2579 2745 2637 sint
2766 2589 2824 2639 et
2853 2592 3128 2649 crescant,
3153 2592 3210 2640 et
3235 2599 3353 2640 ma-

1789 2679 1959 2728 neant
1983 2680 2161 2728 etuon
2185 2670 2575 2739 dissolvantur,
2597 2674 2879 2745 prasentia
2902 2676 3098 2734 animae
3125 2676 3348 2747 prabet,

1788 2763 2106 2834 impertiens
2134 2776 2258 2837 qun
2281 2776 2394 2821 non
2417 2763 2584 2821 habet
2633 2780 2853 2838 corpus.
2881 2766 3017 2825 Cum
3067 2767 3211 2824 enim
3242 2782 3351 2825 non

1789 2862 2046 2927 pascatur
2069 2855 2281 2927 pascit;
2317 2870 2441 2912 cum
2471 2870 2578 2912 non
2619 2866 2848 2924 crescat,
2900 2858 3117 2928 corpori
3151 2858 3353 2930 praebet

1790 2953 1852 3001 ιιι
1873 2954 2124 3002 crescat:
2158 2958 2281 3002 cum
2301 2947 2537 3002 colorem
2569 2959 2680 3003 non
2734 2946 2950 3014 habeat,
2976 2948 3182 3020 praehet
3203 2949 3352 3006 colo-

1790 3048 1948 3093 rem:
1976 3050 2098 3093 cum
2130 3050 2237 3093 non
2267 3046 2508 3094 transeat
2533 3051 2567 3095 a
2605 3035 2728 3094 ioco
2758 3036 2826 3092 ad
2877 3038 3079 3105 locum,
3111 3054 3180 3095 ex
3230 3039 3350 3096 loco

1791 3126 1864 3184 ad
1896 3127 2072 3185 locum
2106 3136 2452 3186 transmutat.
2482 3127 2550 3183 Et
2579 3125 2686 3185 boc
2727 3128 2902 3199 ipsum
2945 3131 3087 3199 quod
3136 3130 3384 3187 videtur·

1790 3232 1912 3276 esse
1932 3234 2151 3292 corpus,
2172 3234 2270 3292 per
2307 3221 2544 3276 animam
2576 3227 2662 3275 est
2700 3217 2844 3290 quod
2891 3227 2994 3276 est.
3045 3220 3356 3277 Reeedente

1790 3318 1971 3366 autem
2001 3311 2202 3380 anima,
2235 3313 2420 3367 statim
2443 3309 2786 3366 convincitur
2805 3324 3022 3380 corpus,
3048 3312 3229 3367 statim
3243 3313 3368 3391 dis·¹

1790 3401 2042 3467 solvitur,
2063 3402 2247 3459 statim
2282 3402 2488 3468 defluit,
2509 3400 2802 3474 spargitur,
2822 3402 3175 3474 obputrescit,
3201 3418 3357 3460 emo-

1793 3494 1952 3557 ritur,
1989 3492 2337 3566 infrigdatur,
2366 3493 2618 3549 immutat
2646 3493 2904 3551 colorem.
2945 3493 3061 3551 Non
3086 3496 3204 3567 ejus
3223 3511 3354 3553 ocu·

1793 3584 1883 3643 ius
1910 3586 2077 3650 ridet,
2105 3594 2166 3642 et
2184 3600 2291 3641 non
2329 3595 2583 3642 movetur
2611 3600 2826 3652 manus,
2875 3600 2980 3641 non
3034 3602 3152 3659 pes,
3201 3588 3354 3645 auris

1794 3688 1902 3731 uon
1926 3675 2096 3739 audit,
2121 3674 2298 3745 lingua
2326 3687 2433 3730 non
2458 3684 2639 3746 gustat
2667 3691 2685 3731 ε
2712 3673 2839 3731 etsi
2863 3674 3153 3733 immiseris
3171 3690 3355 3733 eseam

1793 3767 1905 3823 vim
1934 3765 2163 3836 faciens,
2195 3781 2304 3822 uon
2357 3765 2604 3823 efliciunt
2647 3777 2992 3839 operamenta
3045 3783 3164 3839 quae
3211 3768 3356 3824 intus

1795 3870 1923 3918 sunt
1951 3878 1969 3919 z
1996 3860 2282 3917 recedente
2303 3860 2446 3915 euim
2472 3857 2686 3916 artifice
2708 3867 2876 3915 stant.
2893 3857 2962 3914 Et
2985 3857 3162 3930 capilli
3189 3859 3354 3915 etiam

1797 3965 1905 4007 non
1934 3950 2302 4017 adducuntur,
2332 3959 2388 4007 et
2428 3951 2758 4017 moriuntur,
2788 3956 2845 4006 et
2875 3964 3085 4021 ungues
3105 3948 3219 4020 jam
3245 3966 3355 4007 non

1797 4052 2128 4108 crescentes,
2163 4048 2218 4096 et
2244 4040 2426 4097 omnis
2471 4042 2643 4096 otiosa
2676 4050 2843 4097 sunt:
2903 4041 3046 4097 sicut
3089 4041 3228 4098 fabri
3264 4051 3360 4097 ant

1799 4135 2029 4192 alterius
2053 4133 2305 4198 artificis,
2326 4135 2374 4191 si
2411 4132 2703 4190 recesserit
2739 4133 2959 4198 artifex,
3004 4143 3356 4205 opersmenta

1795 4229 1976 4299 jacent
2003 4227 2246 4298 quidem,
2277 4226 2522 4296 indigent
2563 4232 2746 4280 autem
2778 4224 3064 4281 habentem
3099 4224 3360 4280 animam.

1801 4313 1997 4370 Statim
2028 4313 2175 4369 enim
2212 4321 2297 4369 est
2344 4311 2528 4368 ridere
2573 4310 2718 4367 foeda
2757 4326 2984 4383 corpora
3017 4312 3361 4369 morientium

1801 4404 2115 4461 animalium
2147 4402 2389 4475 putrida,
2418 4417 2596 4474 neque
2641 4410 2700 4458 ut
2753 4405 3139 4475 contingantur
3181 4411 3309 4473 apta
3341 4418 3359 4460 z

1801 4509 1901 4551 nec
1925 4494 2070 4549 enim
2097 4501 2154 4548 et
2183 4492 2253 4547 ad
2282 4506 2462 4549 escam
2494 4500 2622 4547 sunt
2639 4492 2999 4548 conducibilia
3034 4508 3050 4546 ε
3079 4491 3151 4546 ita
3180 4491 3362 4546 anima

1803 4586 2090 4643 recedente
2119 4599 2228 4641 non
2263 4584 2377 4640 sint
2418 4584 2570 4639 utilia
2603 4583 2671 4640 ad
2718 4598 2782 4639 ea
2812 4599 2934 4655 quae
2986 4597 3098 4640 suae
3157 4591 3364 4639 naturas

1801 4685 1948 4735 sunt.
1973 4674 2158 4732 Mirari
2184 4674 2330 4733 enim
2352 4684 2436 4732 est
2451 4685 2508 4732 et
2522 4675 2632 4742 illa,
2648 4690 2875 4747 quorum
2900 4675 3077 4731 anima
3107 4674 3366 4747 languore

1803 4778 1898 4823 aut
1926 4765 2285 4824 dissolutione
2309 4765 2614 4822 istiusmodi
2645 4766 2872 4825 recedit.
2900 4766 2958 4821 Si
2983 4774 3163 4821 autem
3197 4774 3252 4821 et
3282 4781 3367 4821 re·

1801 4859 1998 4915 cedere
2019 4864 2237 4927 oportet
2262 4855 2368 4912 dici
2394 4857 2631 4913 animam
2660 4855 3138 4921 irrationabilium,
3170 4855 3365 4910 horum

1803 4946 2148 5005 mortificatio
2178 4945 2461 5002 immutata
2487 4955 2572 5004 est
2594 4962 2626 5002 a
2657 4956 2803 5003 statu
2840 4947 3051 5003 illorum
3079 4961 3200 5016 quae
3221 4944 3357 5001 occi·

1802 5037 2024 5093 duntur.
2046 5035 2176 5103 Quas
2190 5033 2519 5092 occiduntur
2542 5036 2687 5093 enim
2715 5036 2822 5091 alia
2874 5044 3002 5090 sunt
3028 5041 3084 5089 et
3134 5032 3319 5089 calore
3345 5074 3363 5098 ,

1799 5131 1906 5188 alia
1929 5145 2141 5203 sapone,
2173 5133 2277 5188 alia
2314 5140 2371 5188 et
2402 5130 2593 5197 odore,
2623 5129 2728 5184 alia
2776 5127 3219 5183 manducatione.
3268 5124 3364 5179 :ila

1803 5234 1982 5281 autem
2007 5240 2125 5296 quae
2149 5225 2451 5281 moriuntur
2474 5231 2532 5277 et
2557 5238 2665 5278 non
2698 5221 3040 5286 occiduntur,
3079 5228 3134 5273 et
3163 5217 3218 5271 iu
3247 5216 3367 5286 ipsa

1805 5326 1982 5373 morte
2003 5316 2205 5372 habeut
2233 5314 2672 5371 immutationem
2717 5315 2826 5371 sui.
2881 5313 2935 5367 ln
2971 5320 3180 5367 tantum
3222 5308 3366 5363 enim

1805 5408 2213 5465 demonstratur
2243 5417 2503 5476 quantum
2562 5416 2742 5474 potest
2795 5405 3076 5475 praesentia
3124 5400 3320 5455 animai
3348 5441 3366 5465 ,

1807 5499 1935 5571 quia
1965 5507 2015 5554 et
2045 5513 2147 5553 vox
2200 5497 2381 5553 subito
2434 5495 2657 5559 recedit,
2689 5504 2744 5551 et
2791 5506 3052 5565 tanquam
3086 5491 3369 5564 vestigium

1810 5606 1930 5663 quae
1951 5591 2007 5646 In
2043 5590 2233 5645 iisdem
2258 5598 2340 5644 est
2362 5588 2487 5642 vitae
2515 5584 2790 5657 relinquit.
2819 5584 2958 5654 Quid
3009 5594 3191 5641 autem
3218 5582 3373 5641 dicas

1881 5772 1992 5848 (56)
2023 5773 2066 5827 A
2092 5788 2165 5828 se.
2198 5767 2461 5826 Αὑτόθιν.
