3692 6134
213 299 358 356 tort

1333 289 1423 348 DE
1455 288 2054 350 RESURRECTIONE.
2090 326 2160 338 —
2194 294 2329 354 Ltn.
2362 295 2408 357 }.·

3299 295 3439 352 ms

212 412 329 470 tter
359 410 516 467 simul
556 408 785 466 faciebat
840 414 998 479 patet·
1034 419 1155 464 cum
1200 402 1343 474 mio,
1378 413 1434 461 et
1471 404 1614 460 inter
1668 403 1782 460 haec
1807 409 1864 467 A·
1882 421 1998 471 eos,
2052 407 2266 466 narsete
2300 410 2388 466 ltie
2431 423 2452 464 .·
2489 426 2584 482 eye
2625 420 2799 466 autem
2839 419 2890 466 et
2940 425 3071 481 puer
3110 410 3442 466 aseendente·

215 504 392 562 multa
410 502 630 574 quidem
655 501 995 565 dicebantur,
1015 497 1167 569 plura
1199 507 1378 553 autem
1404 498 1780 564 audiebantur,

218 606 284 654 et
317 595 529 651 inlinita
569 593 887 664 agebantur.
927 590 1097 647 Erant
1128 600 1309 646 autem
1354 591 1538 645 omnia
1585 587 1728 643 bona
1763 605 1780 642 ε

222 689 322 746 Dei
361 688 506 744 enim
541 686 740 742 donum
768 694 889 741 erat
916 683 1088 751 lsaac,
1130 694 1185 738 et
1211 683 1459 752 portabat
1489 698 1504 736 ε
1543 680 1636 751 qui
1663 694 1786 751 por-

221 778 412 838 tabat?
438 777 578 833 sorte
607 784 783 831 autem
807 790 910 830 non
935 774 1095 830 debet
1115 773 1219 829 dici
1245 770 1371 843 quia
1398 774 1665 843 portabat,
1691 770 1786 825 sed

223 873 515 943 gaudebat.
549 869 618 925 Et
642 869 757 925 dies
792 881 897 922 una
931 867 1264 935 transierat,
1294 875 1348 921 et
1379 865 1606 922 necdum
1640 863 1791 921 locus

222 964 634 1021 ostendebatur.
659 962 728 1017 Et
746 976 852 1017 nox
876 962 942 1017 ad
974 960 1138 1025 diem,
1168 967 1225 1015 et
1255 956 1581 1015 necdum-ad
1611 955 1786 1012 locum

231 1056 502 1128 pervenit.
532 1054 598 1109 Et
646 1054 913 1109 secundus
955 1044 1092 1116 die's,
1138 1057 1352 1118 et-post
1379 1046 1520 1102 diem
1571 1061 1698 1110 nox,
1737 1055 1794 1101 et
1830 1058 1858 1077 r

226 1145 340 1202 alia
380 1161 487 1203 nox
521 1163 536 1200 ε
572 1152 629 1199 et
662 1143 897 1198 nondum
932 1140 1074 1205 nnis.
1104 1141 1201 1198 sed
1232 1139 1509 1210 protensio
1531 1148 1652 1194 erat
1676 1146 1791 1192 ten·

227 1238 463 1295 tationis
488 1235 754 1301 dilatatio,
784 1242 841 1289 et
871 1231 1086 1303 quando
1124 1230 1470 1303 perveniret,
1502 1239 1557 1286 et
1581 1232 1793 1300 quando

228 1331 621 1388 ostenderetur
665 1327 814 1381 locus
856 1339 978 1381 cum
1020 1324 1133 1393 iam
1176 1323 1448 1379 deberet:
1495 1321 1622 1393 quia
1664 1335 1795 1390 ergo

233 1421 444 1501 omnia
468 1433 587 1488 qnae
624 1426 771 1492 sunt·
798 1424 854 1471 et
892 1415 945 1470 in
995 1413 1581 1471 Vetere-Testamenta-
1607 1411 1796 1468 l'ormae

234 1523 403 1571 erant
438 1511 593 1574 Novi,
626 1511 788 1565 tertio
809 1507 896 1564 die
933 1515 989 1563 et
1017 1506 1173 1562 tertia
1205 1513 1795 1562 noctesacramentutn

232 1603 505 1675 unigeniti
566 1600 686 1656 Filii
746 1599 838 1655 Dei
890 1595 1257 1669 praecurrebat
1306 1608 1405 1667 per
1456 1592 1797 1667 unigenitum

234 1695 516 1753 manae:
553 1691 678 1763 quia
717 1699 898 1745 autem
931 1687 1253 1758 completum
1287 1693 1685 1742 sacramentum
1715 1690 1799 1738 est

1881 499 2220 556 adorabimus
2247 502 2302 557 in
2334 512 2529 571 monte,
2574 511 2625 557 et
2666 502 3040 574 regredientur.
3068 501 3180 559 Hoc
3225 502 3440 574 quidem

1885 606 1993 647 non
2031 593 2293 662 speravit,
2338 595 2442 652 hoc
2486 604 2666 654 autem
2704 595 3036 666 impetravit,
3084 604 3140 650 et
3187 608 3320 650 usus
3360 599 3445 649 est

1885 681 2028 740 Deus
2056 683 2174 755 ejus
2201 682 2383 756 lingua
2420 685 2488 740 ad
2520 684 2880 759 prophetiam.
2920 688 3058 742 cum
3086 698 3217 756 ergo
3253 682 3447 739 dicitur

1884 775 2158 832 Abraham
2196 777 2464 848 propheta
2487 815 2507 844 ,
2551 786 2606 834 et
2632 776 2893 849 quaeritur
2920 775 3165 832 amultis
3203 775 3297 831 ubi
3320 788 3446 846 pro·

1887 867 2194 939 phetaverit
2229 869 2544 939 Abraham3
2576 872 2720 928 scire
2754 878 3004 943 oportet,
3048 870 3174 942 quia
3210 869 3446 925 maxime

1886 960 2103 1030 quidem
2135 960 2225 1017 cui
2257 961 2514 1018 revelavit
2536 961 2679 1020 Deus
2701 960 3073 1034 semetipsum,
3100 948 3446 1032 quantum'et

1891 1050 2150 1121 possibile
2191 1051 2294 1106 ruit
2331 1052 2569 1110 Abrahae
2605 1062 2668 1110 ut
2703 1053 3041 1111 revelaretur
3062 1053 3152 1123 el;
3193 1052 3295 1111 iste
3333 1052 3451 1124 ipse

1891 1145 2485 1218 vocabaturpropheta.
2500 1144 2618 1202 Alia
2640 1155 2821 1202 autern
2842 1144 3148 1201 invenimus
3168 1159 3294 1201 eum
3318 1142 3445 1201 istic

1889 1238 2331 1307 prophetantem:
2355 1253 2514 1295 unam
2544 1237 2759 1310 quidem
2780 1236 3135 1310 prophetiam,
3159 1254 3316 1310 quam
3330 1235 3443 1307 lam

1892 1327 2125 1384 diximus
2172 1345 2188 1385 ε
2230 1329 2522 1385 secundam
2567 1337 2747 1386 autem
2777 1343 2935 1396 eam,
2966 1344 3088 1401 quae
3119 1330 3441 1401 insequitur.

1896 1418 2002 1476 Sed
2035 1429 2352 1491 sequentem
2381 1418 2522 1476 sorte
2550 1418 2730 1477 dicere
2754 1419 3109 1491 perniciosum
3133 1430 3234 1487 est,
3265 1429 3322 1476 et
3349 1436 3450 1475 au-

1894 1511 2015 1568 dire
2040 1510 2416 1582 perniciosius.
2444 1510 2908 1577 Quemadmodum
2927 1546 2945 1575 ,
2973 1518 3131 1580 putas
3151 1549 3167 1576 ‚
3194 1508 3452 1566 sustinuit

1893 1615 1959 1658 ea
1985 1616 2106 1673 quae
2136 1616 2323 1673 passus
2346 1600 2466 1658 esti
2508 1602 2958 1673 quemadmodum
2991 1600 3229 1657 ebaritas
3269 1599 3454 1655 omnia

1898 1695 2150 1753 sustinet.
2198 1695 2265 1750 Et
2304 1695 2459 1766 pueri
2508 1693 2723 1763 quidem
2758 1699 3159 1759 remanserunt,
3197 1691 3457 1763 pra-‚cepit

235 1789 411 1846 crium
433 1786 663 1848 dierum,
684 1791 741 1839 et
754 1783 921 1837 trium
952 1778 1215 1844 noctium,
1234 1784 1491 1833 ostensus
1517 1783 1604 1831 est
1626 1772 1796 1841 locus,
1829 1760 1874 1817 B
1899 1787 2041 1842 0051„
2081 1787 2364 1856 domum„
2391 1787 2664 1844 Abraham
2690 1796 2871 1844 amem
2897 1784 3173 1856 „capiens
3202 1784 3376 1855 ignem
3403 1790 3464 1839 οἱ

234 1880 470 1938 advenit
499 1885 554 1932 et
596 1885 855 1944 tempus-2
889 1868 1029 1927 l'orte
1061 1878 1240 1924 autem
1278 1867 1483 1938 putatis
1519 1864 1631 1935 jam
1662 1862 1796 1918 libe-

239 1983 370 2026 rum
420 1979 542 2022 esse
579 1979 609 2018 a
653 1959 950 2018 certamine
991 1956 1346 2013 tentationum
1388 1953 1687 2009 Abrabam.
1731 1950 1800 2005 Et

238 2069 399 2119 certe
423 2065 681 2129 quantum
715 2053 1036 2125 propinquat
1073 2059 1303 2119 tempus.
1335 2055 1546 2101 tantum
1580 2043 1799 2099 tentatio

237 2151 591 2226 protenditur
613 2148 752 2218 ejus.
786 2145 854 2200 Et
878 2143 1146 2199 Abrabam
1173 2138 1303 2196 dicit
1323 2138 1390 2193 ad
1413 2151 1610 2208 pueros
1636 2153 1652 2191 ε
1682 2134 1802 2190 Πα-

240 2255 366 2299 nete
389 2241 472 2295 hic
488 2257 507 2306 ‚·
537 2255 629 2310 eqo
655 2246 836 2293 autem
863 2242 913 2289 et
949 2232 1094 2302 filias
1112 2230 1450 2286 ascendemus
1470 2228 1525 2281 in
1554 2235 1799 2291 montem,

240 2341 529 2391 adorantes
558 2328 896 2384 remeabimus
923 2326 991 2380 ¹⁷.
1023 2323 1226 2379 Timuit
1251 2321 1422 2386 enim,
1456 2333 1524 2374 ne
1553 2316 1702 2386 pueri
1737 2316 1804 2370 ad

243 2426 526 2484 dominum
561 2419 810 2477 affectum
837 2419 1116 2482 babentes,
1163 2421 1219 2469 et
1261 2409 1492 2466 maxime
1522 2409 1590 2464 ad
1621 2407 1806 2480 unige-

247 2518 447 2581 nitum,
489 2511 859 2584 prohiberent.
888 2506 1048 2562 Certe
1089 2501 1214 2574 quia
1243 2513 1514 2572 nunquam
1547 2497 1809 2553 Dominus

245 2604 585 2663 sacrificium
615 2597 847 2656 hominis
873 2594 1028 2666 petit.
1060 2591 1359 2648 Audierant
1398 2597 1579 2644 autem
1608 2587 1733 2659 quia
1754 2596 1811 2642 et

244 2696 551 2757 secundum
615 2689 1030 2762 promissionem
1102 2683 1247 2741 Deus
1306 2683 1599 2738 donaverat
1662 2679 1812 2736 isaac

250 2789 529 2847 Abrahae:
570 2786 840 2841 intuentes
871 2793 1000 2836 vero
1032 2785 1090 2834 et
1120 2784 1333 2833 aetatem
1362 2773 1595 2830 Abrahae
1628 2772 1682 2828 in
1709 2771 1813 2827 alio

248 2881 365 2952 jam
385 2886 624 2946 tempore
648 2871 994 2928 constitutam
1021 2883 1038 2924 s
1070 2866 1193 2938 quia
1214 2865 1376 2938 igitur
1389 2877 1495 2919 non
1513 2861 1815 2919 eonsentie-

258 2981 393 3028 oant
414 2969 532 3042 (Ξο)
552 2966 765 3037 negotio
790 2965 873 3019 liis
897 2976 1016 3032 quae
1041 2958 1552 3016 faciebatAbrabam
1578 2954 1821 3029 zpossittt

1897 1874 2038 1946 ligna
2067 1883 2124 1929 et
2157 1874 2427 1945 gladium,
2455 1873 2701 1930 ascendit
2726 1889 2849 1930 cum
2880 1871 3014 1940 lilio,
3063 1872 3177 1942 ipse
3215 1869 3328 1929 lilio
3359 1872 3459 1926 'auo

1902 1967 2183 2037 imponens
2214 1963 2376 2034 ligna.
2417 1961 2486 2017 Et
2514 1972 2662 2019 certe
2704 1962 2908 2018 scimus
2937 1963 3211 2018 Abraham
3252 1972 3349 2037 ppt
3373 1972 3461 2016 se·

1902 2058 2194 2128 metipsum
2264 2055 2491 2111 vitulum
2564 2065 2868 2127 portantem
2937 2056 3004 2112 ad
3064 2054 3460 2126 susceptionem

1902 2164 2090 2209 eorum
2119 2149 2211 2219 qui
2244 2150 2595 2203 advenerant.
2620 2146 2759 2214 Quid
2786 2157 2966 2203 autem
2992 2162 3140 2205 nnnc
3162 2161 3265 2203 nec
3286 2144 3460 2217 parti·

1908 2257 1996 2302 tus
2019 2258 2140 2301 cum
2172 2241 2284 2298 mio
2308 2239 2515 2312 pondus
2551 2249 2656 2301 est,
2693 2238 2787 2294 sed
2815 2239 2996 2293 omnia
3021 2238 3167 2311 ligna
3202 2237 3465 2307 imposuit

1906 2335 2035 2401 lilio,
2065 2333 2251 2390 volens
2301 2332 2410 2402 jam
2444 2338 2726 2401 acceptum
2757 2327 3229 2405 habere-‚donumi
3252 2327 3460 2398 signill-

1906 2426 2064 2484 eabat
2091 2433 2268 2480 autem
2290 2423 2415 2494 quia
2443 2421 2665 2494 incipiet
2691 2403 2978 2489 immolari,
3006 2417 3456 2490 quemadmodum

1909 2527 2127 2590 portare
2154 2531 2373 2573 crucem
2406 2529 2504 2586 per
2542 2514 2729 2572 semeti
2937 2510 3071 2570 Cum
3109 2519 3286 2567 autem
3333 2524 3463 2580 pro-

1910 2616 2154 2666 moveret
2181 2607 2306 2672 iter,
2345 2614 2400 2662 et
2435 2514 3055 2685 agnosceremontis
3078 2615 3363 2665 cacumen,
3405 2607 3462 2655 et

1913 2701 2053 2773 ignis
2094 2700 2150 2755 in
2179 2699 2375 2762 medio,
2412 2704 2465 2753 et
2491 2696 2631 2766 ligna
2671 2690 2898 2751 ifcollo
2926 2690 3079 2749 Isaac
3109 2688 3462 2756 haberentur,

1914 2801 1974 2846 et
1991 2789 2199 2862 gladius
2226 2795 2544 2859 appareretg
2583 2780 2740 2841 Isaac
2763 2781 3000 2854 undique
3026 2779 3284 2852 prudens,
3313 2778 3456 2849 quod

1919 2882 2010 2939 alii
2029 2880 2194 2953 pueri
2222 2893 2327 2935 non
2357 2877 2563 2945 dixere,
2594 2876 2698 2932 iste
2730 2873 2958 2947 requirit
2986 2886 3018 2928 a
3065 2878 3236 2942 patre.
3272 2868 3470 2928 Tenta-

1920 2973 2119 3027 tionem
2144 2975 2329 3039 utpote
2363 2981 2527 3037 quam
2565 2964 2799 3020 habehat
2832 2970 3003 3032 pater,
3038 2960 3308 3031 eloquitur
3349 2959 3467 3017 dul-

254 3063 407 3120 αἰαὶ
437 3061 621 3117 dicen
654 3076 671 3113 ²
714 3056 842 3123 quid
876 3053 1039 3111 ⁰150ss
1068 3054 1179 3109 ⁰0⁰
1209 3049 1376 3107 mmm
1428 3063 1536 3107 ⁰⁰¹¹
1569 3045 1889 3147 Ρθῑθΰῑῑῗῃ
1920 3061 2167 3127 cissima,
2198 3069 2292 3117 aut
2323 3059 2501 3128 potius
2539 3058 2673 3112 dura
2718 3065 2854 3110 voce
2899 3069 2913 3108 ε
2941 3052 3114 3124 magis
3144 3059 3325 3107 autem
3358 3065 3465 3106 non

259 3153 390 3226 quis
409 3152 551 3209 enim
575 3157 631 3207 et
648 3158 776 3205 ante
800 3145 980 3218 ipsum
994 3145 1265 3214 justorum
1293 3141 1395 3198 hoc
1416 3148 1512 3197 aut
1527 3153 1692 3195 ausus
1711 3146 1819 3205 est,

268 3249 371 3297 aut
390 3248 596 3297 tentare
627 3233 945 3293 ausus-esti
972 3236 1042 3289 ob
1072 3244 1235 3303 quam
1262 3229 1407 3286 enim
1438 3242 1654 3284 eausam
1675 3237 1823 3297 petat

280 3329 425 3386 Deus
444 3342 587 3394 eum,
616 3339 777 3398 quem
817 3318 1082 3379 donavit!
1119 3333 1218 3374 cur
1246 3327 1428 3372 autem
1453 3321 1509 3371 et
1533 3312 1824 3370 transferat

276 3417 820 3494 Deuspromissiones
836 3426 962 3469 suas
978 3412 1004 3466 l-
1029 3409 1242 3480 utquid
1263 3416 1443 3464 autem
1471 3415 1526 3462 et
1545 3405 1725 3472 dedit,
1765 3413 1826 3461 ut

264 3521 328 3572 ot
351 3510 598 3581 accipiat,
622 3520 784 3579 quem
818 3501 1078 3560 indulsit!
1110 3501 1221 3558 llos
1250 3496 1827 3579 rationabiles-cogita·

269 3616 362 3661 tus
383 3604 583 3660 timens
603 3597 900 3663 Abraham,
934 3593 1176 3665 praecipit
1202 3591 1387 3664 pueris
1408 3598 1744 3663 exspectare,
1771 3597 1828 3643 et

268 3711 457 3754 seeum
501 3707 610 3749 uon
650 3694 975 3754 ascendere,
1009 3699 1079 3741 ne
1113 3684 1238 3756 quis
1277 3683 1348 3738 ob
1393 3696 1628 3738 amorem
1676 3681 1828 3738 isaac

272 3787 519 3843 mitteret
560 3795 812 3846 manum,
848 3786 905 3834 et
952 3774 1344 3833 contaminaret
1384 3771 1826 3828 immolationem.

270 3875 416 3946 Quid
444 3884 623 3930 autem
662 3871 788 3942 quia
816 3878 874 3925 et
899 3867 1071 3939 ipsam
1106 3865 1319 3928 Saratn,
1350 3877 1511 3933 quam
1539 3872 1669 3933 puto
1695 3860 1829 3918 nihil

276 3966 504 4022 latuisse
525 3976 758 4034 unquam
778 3975 899 4030 quae
922 3958 1193 4014 Abraham
1226 3951 1668 4025 cogitabatl-baec
1687 3952 1830 4006 enim

275 4056 609 4116 conscientia
635 4055 748 4125 ipsa
774 4051 1043 4108 aestimare
1068 4062 1166 4103 nos
1191 4044 1339 4110 l'acit,
1363 4059 1485 4114 quae
1510 4041 1566 4097 in
1596 4042 1835 4097 illoaerat

276 4149 553 4220 coniugio.
585 4145 675 4201 llla
705 4159 864 4214 quam
902 4142 1035 4197 nihil
1065 4141 1220 4195 latuit
1245 4150 1481 4208 unquam
1514 4148 1634 4205 qua
1656 4133 1830 4190 Abra·

279 4244 411 4297 ham
449 4239 654 4302 facere,
690 4243 783 4291 aut
823 4247 1040 4288 movere
1075 4229 1362 4294 voluisset,
1404 4226 1487 4281 vel
1531 4224 1773 4295 cogitare
1800 4242 1831 4281 ·:

279 4333 374 4390 illa
400 4331 665 4403 ignoravit
691 4328 819 4399 quia
845 4324 1151 4394 unigenitus
1172 4321 1312 4390 eim,
1354 4318 1461 4375 illia
1499 4317 1698 4373 sterilis
1722 4315 1836 4371 Iru-

1921 3161 2131 3212 tantum
2168 3165 2353 3224 grave,
2383 3157 2640 3221 quantum
2665 3145 2843 3202 dulce.
2876 3142 3033 3200 Pater
3057 3143 3224 3209 euim,
3256 3143 3427 3212 inquit
3453 3158 3469 3197 ε

1922 3242 2119 3303 suffieit
2148 3243 2254 3300 hoc
2276 3243 2343 3297 ad
2371 3237 2689 3297 flectendum
2720 3245 2927 3308 patrem
2970 3253 2986 3291 ε
3031 3233 3231 3305 quique
3255 3243 3313 3290 et
3340 3245 3470 3289 eon-

1918 3336 2097 3408 jungit
2124 3334 2227 3390 alia
2254 3343 2309 3389 et
2332 3331 2462 3386 dicit
2492 3347 2509 3386 s
2548 3327 2682 3384 Eece
2715 3328 2875 3398 ignis,
2906 3342 3026 3382 ecee
3065 3326 3232 3397 liqna,
3278 3323 3366 3379 ubi
3399 3331 3475 3378 est

1925 3427 2035 3481 oris
2076 3427 2132 3480 in
2165 3423 2487 3492 sacrificium
2530 3418 2778 3491 ’⁸?·Qt1js
2821 3418 2961 3477 alius
3006 3424 3273 3488 portasset
3312 3412 3474 3468 istam

1923 3512 2270 3573 vocemiEx
2319 3511 2439 3567 aliis
2482 3509 2698 3581 quidem
2746 3507 3054 3564 hominibus
3092 3503 3290 3559 nullus.
3328 3499 3480 3558 lusto

1925 3620 2054 3678 ergo
2097 3604 2240 3660 Deus
2285 3601 2557 3658 Abraham
2604 3596 2810 3655 dilexit.
2859 3592 3248 3677 Adamantinus
3292 3600 3474 3647 autem

1926 3696 2037 3762 ille,
2080 3691 2340 3766 unigeniti
2384 3689 2467 3747 sui
2515 3687 2765 3762 sagittam
2815 3686 3106 3755 accipiens,
3154 3697 3261 3738 non
3304 3681 3475 3737 tacuit

1928 3784 2128 3853 ferens,
2158 3784 2253 3840 sed
2283 3782 2454 3853 potuit
2472 3779 2638 3849 loqui,
2666 3775 2837 3848 potuit
2862 3775 3203 3846 respondere,
3225 3779 3281 3827 et
3304 3782 3477 3838 neque

1928 3878 2163 3948 linguam
2188 3872 2386 3929 ollendi
2416 3869 2665 3927 dentibus
2694 3885 2710 3922 ι
2745 3876 2967 3938 potuere
2995 3870 3178 3920 autem
3205 3868 3260 3918 et
3288 3859 3481 3914 dentes

1932 3968 2130 4041 aperiri
2158 3976 2213 4022 et
2238 3967 2370 4020 dare
2398 3961 2631 4034 spatium
2663 3961 2856 4031 linguae
2895 3973 2911 4013 ι
2948 3955 3042 4013 sed
3075 3968 3175 4010 nec
3208 3952 3345 4009 l'orte
3373 3950 3477 4005 ista

1933 4061 2114 4116 dicere
2140 4061 2205 4114 de
2233 4056 2325 4111 illo
2349 4055 2552 4111 licitum
2582 4061 2685 4108 est.
2713 4049 2829 4106 Non
2854 4049 3001 4105 enim
3028 4062 3094 4103 ex
3129 4045 3215 4101 itis
3241 4058 3360 4115 quae
3382 4055 3481 4097 nos

1934 4153 2189 4223 patimur,
2218 4149 2361 4204 illius
2398 4147 2651 4201 virtutem
2696 4154 3014 4200 accusemus
3048 4156 3064 4194 ε
3098 4138 3195 4194 sed
3232 4143 3290 4192 et
3329 4133 3485 4190 laetus

1935 4256 1991 4302 et
2016 4245 2313 4311 exsultans,
2360 4250 2482 4299 erat
2528 4241 2673 4296 enim
2728 4235 3039 4301 Abraham,
3094 4227 3371 4300 respondit
3419 4226 3488 4280 ad

1938 4338 2102 4393 lilium
2129 4352 2236 4393 non
2267 4335 2557 4395 crudeliter
2583 4346 2758 4404 neque
2782 4330 3092 4389 inhumane,
3121 4323 3216 4379 sed
3242 4319 3491 4386 religiose

278 4434 427 4486 0¹⁰⁸·
460 4421 551 4477 ωδ
580 4420 945 4491 0¹·3059ffl‘0
979 4415 1150 4480 ⁰¹¹⁰&
1185 4414 1273 4470 5¹¹0
1303 4413 1395 4484 ‘1¹¹¹
1445 4420 1600 4468 ⁶¹¹¹*
1623 4416 1834 4464 finem
1866 4431 1913 4488 1>
1938 4437 1995 4483 et
2020 4426 2106 4497 pie
2135 4443 2152 4480 ι
2195 4425 2319 4481 dicit
2343 4425 2488 4480 enim
2527 4423 2593 4479 ad
2644 4421 2811 4478 filium
2832 4436 2868 4474 ·:
2908 4417 3157 4473 Dominus
3202 4411 3492 4484 providebit

281 4522 606 4587 procreatus
633 4521 718 4568 est
751 4529 766 4566 ε
801 4509 891 4566 illa
924 4507 1186 4579 ignoravit
1228 4507 1354 4577 quia
1391 4505 1501 4560 Deo
1527 4500 1833 4566 offerretur,

281 4605 380 4677 qui
407 4604 703 4660 donaverat
735 4618 752 4657 ε
783 4611 842 4655 ut
870 4614 974 4655 non
1003 4598 1146 4654 sicut
1174 4594 1463 4665 aliquando
1485 4592 1603 4647 risit
1633 4592 1837 4661 impor-

283 4701 423 4753 tune
440 4696 499 4751 ln
523 4691 876 4765 promissione
897 4690 1034 4761 ejus,
1054 4697 1110 4744 et
1131 4702 1272 4742 nune
1298 4684 1514 4757 plorans
1536 4683 1840 4753 importune

284 4786 573 4857 impediret
597 4781 1019 4840 immolationem
1052 4798 1066 4835 :
1100 4777 1194 4833 sed
1230 4776 1391 4832 tacita
1428 4789 1516 4830 res
1554 4783 1645 4829 est
1675 4782 1732 4827 et
1769 4771 1837 4826 ad

287 4879 504 4935 saram.
538 4875 617 4932 lta
650 4873 793 4930 enim
823 4869 1031 4927 sciebat
1068 4876 1122 4922 et
1149 4866 1454 4933 Abraham,
1483 4871 1538 4918 et
1561 4871 1686 4918 ante
1725 4876 1841 4916 mu-

288 4971 517 5034 lierem,
567 4975 621 5022 et
659 4965 852 5020 Saram
899 4960 1277 5033 praehouorare
1331 4957 1423 5012 Dei
1475 4963 1838 5026 praeceptun13

291 5057 503 5115 sciebat
530 5066 707 5112 autem
737 5063 792 5110 et
820 5063 943 5108 ante
983 5050 1315 5121 unigenitum
1357 5063 1513 5104 suum
1537 5085 1554 5111 ,
1597 5059 1719 5102 eum
1747 5045 1840 5114 qni

291 5153 591 5206 donaverat
619 5150 908 5203 bonorare.
944 5145 1051 5201 Sed
1086 5158 1260 5214 neque
1287 5141 1323 5195 ii
1358 5138 1447 5210 qui
1479 5137 1585 5192 iter
1620 5150 1741 5192 cum
1776 5148 1843 5189 eo

291 5245 565 5310 fecerant,
621 5241 863 5297 sciebant
910 5240 1264 5312 mysterium,
1318 5235 1410 5291 sed
1462 5242 1845 5290 sacramentum

304 5351 465 5392 neum
484 5379 501 5402 ,
529 5336 722 5406 inquit,
755 5333 904 5389 milti.
932 5332 1135 5388 Tamen
1179 5330 1401 5400 cupiens
1423 5324 1694 5381 Abraham
1723 5337 1848 5378 sna·

298 5431 425 5486 dere
451 5428 630 5497 pueris
656 5436 716 5481 ut
755 5434 1131 5488 remanerent,
1161 5422 1370 5478 locutus
1407 5426 1490 5474 est
1531 5417 1584 5473 id
1622 5416 1690 5471 ad
1728 5430 1844 5480 eos,

303 5520 440 5593 ,uod
471 5533 570 5576 nec
597 5518 710 5587 ipse
743 5517 1009 5589 speravit,
1050 5530 1148 5571 nee
1186 5513 1353 5569 sensit
1386 5527 1402 5564 ε
1442 5507 1748 5564 dicit-enim
1780 5509 1846 5564 ad

368 5634 411 5666 ¹'
436 5632 571 5687 Gen.
595 5647 731 5696 nit,
753 5632 805 5687 5.
867 5631 911 5663 '⁸
932 5630 1063 5687 Gen.
1091 5643 1224 5692 nst,
1252 5627 1304 5680 7.
1358 5626 1404 5658 ¹⁹
1427 5623 1557 5681 ibid.
1577 5624 1631 5682 8.

373 5724 484 5794 420)
521 5723 758 5796 Negatio.
790 5724 953 5782 Forte
983 5726 1204 5791 negotia,
1236 5733 1338 5775 res.

1940 4532 2084 4574 ovem
2106 4515 2364 4585 sacrificio
2392 4529 2512 4579 suo,
2541 4512 2620 4581 lili
2641 4511 2706 4565 ²⁹.
2729 4509 2869 4564 Ecce
2896 4506 2997 4561 alia
3035 4501 3316 4574 prophetia
3334 4537 3352 4565 ,
3376 4512 3494 4569 quac

1941 4607 2010 4664 ab
2036 4623 2101 4665 eo
2133 4608 2229 4678 qui
2252 4606 2461 4662 locutus
2484 4614 2609 4672 est,
2640 4601 2985 4672 ignorabatur
3018 4614 3033 4651 t
3063 4591 3367 4666 oppositum
3401 4605 3496 4643 au·

1943 4708 2049 4755 tem
2075 4705 2194 4752 erat
2215 4695 2357 4766 quod
2380 4695 2478 4759 ait,
2508 4693 2766 4749 Dominus
2789 4686 3077 4761 providebit
3106 4700 3248 4741 ouem
3286 4678 3496 4751 sacrifi-

1944 4792 2025 4845 cio
2054 4805 2172 4854 suo,
2213 4786 2314 4858 fili.
2356 4786 2510 4842 Sicut
2539 4784 2682 4840 enim
2715 4781 2806 4838 ille
2834 4780 3095 4851 incipiens
3124 4790 3369 4831 sermone
3398 4777 3493 4834 ait,

1943 4893 2093 4953 pater
2116 4896 2136 4937 .·
2163 4883 2238 4937 ita
2275 4882 2378 4937 iste
2400 4877 2725 4949 consignans
2752 4873 2996 4939 verbum,
3037 4870 3185 4936 dicit,
3207 4868 3304 4938 fili.
3334 4864 3495 4920 Audi·

1946 4978 2025 5031 vit
2049 4989 2225 5037 ovem.
2260 4983 2315 5030 et
2357 4971 2563 5041 aceepit
2592 4980 2652 5024 ut
2695 4984 2724 5023 a
2767 4975 2946 5038 patre,
2974 4971 3155 5019 certus
3188 4961 3315 5032 qnia
3353 4959 3495 5026 quod

1949 5069 2224 5126 inventum
2295 5064 2508 5123 interitu
2581 5077 2685 5116 non
2741 5068 2857 5115 erat
2882 5099 2899 5126 ,
2953 5055 3304 5112 inveniretur.
3357 5047 3495 5104 Cum

1949 5170 2128 5217 antem
2171 5159 2540 5232 pervenissent
2584 5155 2650 5210 ad
2702 5154 2911 5216 locutu,
2970 5146 3271 5203 aedilicabat
3326 5143 3498 5196 Abra-

1950 5252 2075 5308 hatn
2116 5250 2371 5308 festinans
2400 5248 2586 5312 altare,
2644 5256 2696 5302 et
2744 5259 2867 5300 cunt
2906 5237 3315 5299 construxisset,
3351 5247 3501 5288 men·

1953 5346 2106 5399 titur.
2149 5345 2216 5398 ad
2264 5341 2429 5397 lilium
2490 5337 2840 5411 promissione
2884 5333 2996 5404 (2¹)
3059 5343 3180 5401 qua
3241 5339 3338 5398 per
3391 5323 3501 5378 liu·

1952 5448 2109 5506 guam
2151 5431 2325 5489 l'uerat
2382 5430 2542 5488 lacta.
2576 5442 2681 5484 non
2746 5434 2920 5481 tamen
2975 5436 3096 5477 eam
3150 5432 3270 5490 quae
3300 5417 3349 5470 iu
3380 5428 3504 5469 cor·

1953 5531 2021 5586 de
2094 5534 2210 5582 erat
2282 5525 2562 5582 absconsa.
2625 5520 2691 5576 Et
2749 5514 2955 5574 accedit
3019 5518 3192 5584 pater·
3232 5507 3504 5565 &brabant

2026 5711 2134 5777 (at)
2169 5705 2540 5764 Promissioue.
2564 5703 2644 5761 An
2665 5695 3048 5757 aramissianem
3068 5692 3096 5747 2.
