3692 6134
1044 359 1133 417 ms:
1170 343 1775 419 nesunltsscnonss.
1816 374 1886 389 -
1916 340 2048 398 ΠΒ.
2085 337 2150 396 n.

3059 326 3198 383 {too

320 485 366 542 is
393 483 618 541 audacia
647 480 925 555 sanguinis
956 480 1106 551 lusti.
1137 476 1202 533 Et
1235 483 1381 532 certe
1404 467 1540 526 mul·
1569 474 1613 531 Α
1644 462 1802 528 dixit,
1848 466 2144 531 negaturos
2186 465 2310 511 esse
2349 463 2559 518 omnes,
2594 447 2790 507 Petrus
2823 443 3039 510 dicebat
3071 459 3087 499 ε
3134 443 3197 499 Si

324 579 573 634 betarum
622 573 893 632 effudistis
927 572 1265 645 sanguinem,
1292 579 1349 626 et
1370 568 1536 625 babe-

319 686 380 725 1m
409 670 682 725 civitatem
709 684 723 722 :
751 675 806 721 et
840 664 1113 735 prioribus
1136 664 1422 735 prophetis
1454 662 1538 717 in·

319 758 489 815 tcnndi
535 757 844 822 veniebant,
901 768 956 813 et
994 755 1387 812 convincebant
1417 767 1531 810 voa.

320 863 413 921 rgo
445 846 731 902 multorum
766 846 1152 916 prophetarum
1183 844 1403 916 sangnis
1428 859 1532 899 non

322 938 620 1008 rophetiam
644 954 659 1005 3
688 936 847 992 unius
872 946 1072 1000 antem,
1105 943 1162 991 ut
1185 935 1388 1001 dicitis.
1413 948 1538 991 con·

319 1033 534 1089 acic-ntis
554 1032 794 1104 sanguis,
818 1033 1006 1087 statuit
1029 1030 1144 1103 (79)
1167 1044 1380 1086 omnem
1408 1045 1535 1101 pro-

319 1130 348 1180 :t
383 1124 650 1195 quomodo
677 1138 864 1178 omnes
891 1123 1160 1194 prophetat
1181 1136 1301 1178 cum
1323 1121 1533 1194 legisla-

319 1216 434 1269 ibus
458 1215 639 1284 justis,
665 1222 725 1268 et
764 1212 1014 1269 omnibns
1052 1211 1387 1268 mirabilibus
1414 1228 1535 1284 quae

320 1304 611 1375 AEgyptum
639 1304 908 1369 videntur,
938 1311 996 1359 et
1040 1303 1094 1358 in
1129 1296 1442 1370 deserto,'et
1477 1302 1532 1360 in

319 1393 697 1465 promissionis,
726 1401 781 1449 et
807 1407 929 1448 cum
966 1392 1215 1449 omnibus
1259 1393 1534 1450 beneflciis

318 1501 370 1541 tn
396 1483 1070 1541 statueruntidololatriam
1117 1499 1185 1541 ne
1201 1484 1418 1556 quidem
1463 1485 1532 1542 ab

319 1577 543 1634 ierucis
582 1587 762 1633 autem
797 1591 976 1634 sermo
1000 1586 1056 1635 et
1085 1578 1274 1634 orben»
1312 1580 1531 1635 univer-

325 1671 438 1736 rtit.
480 1679 536 1726 et
582 1669 743 1727 israel
779 1671 825 1726 si
877 1669 1010 1726 nihil
1043 1669 1211 1738 aliud,
1256 1681 1432 1729 tamen
1464 1673 1534 1729 ab

319 1761 632 1832 probibuit?
655 1760 797 1829 Quid
819 1761 924 1817 ltoc
952 1760 1272 1819 efficientius
1305 1762 1433 1818 mihi
1460 1762 1534 1818 vi·

1636 567 1814 608 omnes
1841 559 1893 606 te
1925 546 2206 619 nequount,
2236 558 2333 615 eqo
2361 558 2465 597 που
2489 550 2539 597 te
2577 539 2813 612 negabo:
2847 536 2939 594 sed
2980 544 3197 605 paratus

1635 657 1750 698 snm
1776 656 1874 711 pro
1899 648 1949 694 te
1982 637 2117 692 ntori
2141 636 2210 700 ⁸⁸,
2238 642 2293 690 et
2321 641 2519 690 antete
2539 632 2697 689 mori.
2728 630 2796 687 Et
2822 644 2943 685 cum
2972 627 3199 685 dixisset

1635 729 1763 802 quia
1799 741 1856 787 et
1892 731 2006 800 ipse
2055 736 2136 784 ter
2184 725 2547 796 abnegaturus
2582 730 2767 786 esset,
2806 734 2911 776 non
2948 718 3195 785 recessit,

1635 821 1969 877 contendens
2006 826 2064 873 et
2105 815 2315 881 dicens,
2354 813 2478 869 Non
2523 824 2574 870 te
2621 812 2835 883 maluo.
2868 808 2975 877 Qui
3015 817 3194 863 antem

1635 909 1774 966 dixit
1822 921 1986 979 saepe,
2032 905 2160 977 quia
2209 915 2319 960 non
2357 900 2584 971 negabo,
2626 906 2681 953 et
2731 896 2922 951 horum
2961 891 3195 949 habebat

1635 999 1986 1065 memoriam3
2021 995 2145 1067 quia
2177 992 2357 1064 puelia
2383 994 2626 1062 quaedam
2665 987 2930 1043 accedens
2955 986 3195 1039 interro-

1634 1090 1795 1162 gabat
1823 1103 1974 1154 eum,
2000 1101 2143 1143 nnnc
2161 1084 2415 1142 Galiiaeus
2435 1091 2536 1148 est,
2567 1095 2710 1137 nune
2736 1093 2856 1134 cnm
2881 1074 3011 1133 Jesu
3037 1084 3188 1139 erat;

1634 1180 1800 1251 coepit
1826 1188 1882 1234 et
1904 1178 2115 1249 iurare,
2145 1176 2292 1249 quod
2327 1190 2434 1231 non
2471 1182 2791 1245 poposcerat
2813 1169 3014 1242 puella,
3042 1177 3101 1224 et
3120 1167 3196 1222 di-

1632 1284 1779 1337 οπο,
1817 1269 1947 1342 quia
1988 1268 2174 1326 nescio
2216 1266 2513 1331 hominem,
2549 1278 2653 1321 nec
2710 1271 2770 1317 ut
2811 1260 3110 1323 bominem,
3157 1272 3192 1313 o

1633 1377 1832 1439 Peire!
1864 1388 1919 1439 et
1953 1382 2056 1437 hoc
2090 1378 2280 1447 semel,
2312 1386 2367 1435 et
2392 1377 2476 1434 bis
2507 1386 2563 1433 et
2589 1385 2690 1433 ter.
2720 1375 2788 1431 Et
2807 1381 2955 1430 certe
2980 1368 3196 1426 vivebat

1633 1472 1905 1544 Magister,
1940 1480 1995 1527 et
2023 1472 2292 1527 incertum
2322 1478 2443 1524 erat
2479 1468 2526 1524 si
2550 1473 2854 1523 moreretur
2902 1463 3080 1520 Petro.
3111 1460 3196 1530 lp-

1632 1562 1746 1617 sius
1773 1569 1860 1617 est
1879 1559 2025 1615 enim
2055 1573 2156 1615 vox
2180 1572 2302 1629 qnae
2328 1558 2501 1613 dixit:
2528 1554 2899 1611 Misericordia
2938 1550 3055 1617 tibi,
3091 1549 3196 1605 Do-

1633 1650 1789 1719 mine,
1813 1653 1879 1707 ab
1904 1652 1987 1706 his
2015 1651 2082 1705 ⁸⁸.
2121 1645 2584 1719 Quemadmodum
2626 1647 2731 1703 iste
2770 1658 2974 1716 negans
3015 1654 3095 1699 ter
3138 1653 3195 1698 et

1629 1739 1843 1811 jurans,
1894 1750 1949 1797 et
2003 1740 2107 1796 boc
2150 1746 2373 1811 propter
2406 1753 2596 1795 vocem
2640 1735 2827 1809 puellae
2868 1736 3029 1792 unius
3065 1741 3191 1788 ante

319 1879 322 1903 ι
381 1851 710 1904 resurrectio
761 1850 992 1907 viventis
1047 1867 1166 1922 quae
1215 1853 1318 1908 itoc
1376 1852 1526 1919 fecit,
1557 1841 1601 1898 Β
1630 1839 1896 1886 'mrtem‘
1936 1840 2063 1901 9⁰⁸⁹
2090 1844 2329 1895 crucem·
2352 1838 2699 1902 9⁰⁸⁸1>⁸⁰e⁰⁸
2730 1827 2855 1884 ”¹⁰⁸
2892 1827 3008 1883 ‘¹⁸0⁸
3047 1824 3186 1880 5⁰⁰¹·

344 1938 616 1993 sustinuit.
643 1939 703 1996 Si
731 1941 877 1995 enim
904 1939 1111 1996 affixus
1157 1949 1240 1996 est
1270 1941 1340 1997 ob
1385 1942 1533 1998 indr-

319 2037 354 2082 tt
380 2030 509 2085 dicit
529 2028 727 2086 Paulus
757 2032 827 2098 ⁸⁸,
875 2033 969 2088 sed
1016 2032 1148 2087 vivit
1177 2041 1238 2087 ut
1265 2033 1526 2089 videmus.

319 2133 395 2175 em
423 2120 570 2175 iilum
593 2135 754 2192 quem
793 2136 899 2177 non
936 2122 1178 2180 videmus
1219 2138 1327 2179 non
1366 2140 1524 2197 nega·

319 2223 437 2267 nem
477 2220 657 2269 autent
690 2228 756 2270 ex
780 2214 869 2270 bis
894 2229 1016 2286 qna·
1053 2214 1217 2272 eflicit
1259 2216 1523 2274 videmus.

345 2304 462 2358 ausi
491 2311 639 2370 sunt,
672 2304 724 2359 in
755 2319 859 2375 qua
890 2315 1021 2361 sunt
1056 2320 1219 2378 poena
1272 2306 1376 2379 ipsi
1415 2307 1530 2364 edi·

319 2394 507 2450 vivens
532 2406 587 2452 et
612 2395 755 2465 apnd
781 2411 876 2453 eos
909 2397 1186 2455 invenitur
1212 2400 1306 2472 qui
1338 2415 1530 2473 passus

319 2488 384 2540 int
415 2486 774 2545 adversantur
797 2489 850 2544 ln
883 2489 1237 2547 dissolutione
1267 2502 1395 2549 sunt
1421 2510 1436 2548 ε
1474 2501 1531 2549 et

320 2593 355 2631 n
396 2593 500 2634 non
547 2579 818 2649 gentiles:
870 2588 924 2636 et
968 2579 1136 2638 Judaei
1183 2594 1525 2655 superantur.

319 2670 397 2739 Jui
428 2671 638 2727 vincit?
671 2671 908 2728 Ecclesia
941 2673 1140 2745 quippe
1164 2676 1303 2732 unde
1324 2676 1530 2734 babens

319 2763 455 2819 enim
484 2773 569 2820 cst
601 2764 913 2831 admiratio,
939 2766 1066 2835 quia
1090 2784 1122 2821 a
1142 2765 1343 2825 Judaets
1384 2772 1530 2828 acci·

321 2866 347 2904 s
389 2852 683 2922 apostolos,
731 2868 761 2906 a
817 2854 1069 2925 gentibus
1094 2866 1274 2913 autem
1319 2857 1459 2917 illios
1494 2876 1533 2926 a

325 2942 483 3011 ibns;
519 2944 682 2999 itabet
713 2943 824 3001 illic
859 2945 1086 3003 salutem
1120 2948 1371 3020 illinunt,
1404 2951 1528 3010 istie

319 3035 481 3091 udaeis
505 3035 638 3109 (80).
672 3035 779 3092 Sed
807 3034 877 3092 ab
914 3038 1304 3109 abnegantibus
1328 3041 1529 3101 ludaeia

320 3161 322 3171 ·
350 3126 642 3195 apostolos,
681 3137 740 3181 ut
770 3126 984 3182 illorum
1036 3131 1354 3201 conspersio
1385 3137 1526 3203 apud

343 3215 579 3275 iliorum.
624 3215 759 3273 Cum
811 3219 955 3275 enim
1005 3219 1209 3278 serrum
1241 3237 1522 3296 acceptum
1549 3241 1609 3308 c·

319 3308 578 3378 ngeriebus
599 3310 855 3381 lapidum,
880 3323 971 3368 aut
1006 3330 1037 3370 a
1067 3326 1210 3372 terra
1238 3332 1305 3374 ex
1327 3335 1433 3392 qua
1469 3332 1525 3378 et

319 3398 508 3469 sulam
541 3416 647 3458 non
677 3404 922 3474 estquod
959 3415 1080 3461 erat
1106 3407 1159 3464 in
1190 3420 1371 3466 monte
1413 3428 1430 3467 z
1471 3422 1526 3471 ct

321 3491 486 3547 udaeis
510 3494 740 3563 accepti,
760 3493 872 3562 Jam
891 3511 998 3551 non
1022 3507 1148 3553 sunt
1171 3513 1236 3556 ex
1270 3500 1397 3557 iliis.
1420 3501 1526 3560 Per

319 3596 344 3634 n
398 3583 690 3651 emundati,
744 3584 890 3640 aliud
934 3602 1092 3656 quam
1141 3589 1344 3663 lapides
1396 3593 1524 3651 iacti

325 3670 433 3725 nim
475 3670 940 3731 interficiebantur
987 3688 1048 3733 ut
1087 3694 1192 3737 non
1238 3682 1529 3742 adorarent

320 3760 576 3831 pidabant
604 3762 823 3836 Moysen
871 3769 998 3838 quia
1039 3787 1144 3829 non
1197 3777 1529 3833 concedebat

326 3868 342 3908 t
373 3851 678 3923 Stephanus
703 3869 882 3915 autem
913 3862 1099 3917 statim
1130 3879 1197 3920 ex
1228 3866 1363 3936 ipsis
1389 3867 1528 3939 lapi·

350 3947 494 4018 qnod
531 3966 640 4006 non
676 3956 892 4025 negavit
921 3971 1086 4013 causa
1125 3962 1308 4015 crucis
1343 3960 1527 4016 Domi·

319 4074 324 4088 .
359 4037 522 4094 Putas
553 4040 644 4096 isti
678 4058 745 4100 ex
775 4043 977 4102 Judaeis
1005 4057 1130 4102 sunt
1152 4047 1178 4102 l
1204 4046 1399 4105 Petrus
1430 4048 1523 4120 qui

322 4128 396 4185 ite
422 4128 613 4188 affixus
649 4145 734 4189 est
761 4136 935 4205 cruci,
979 4136 1177 4194 Paulus
1212 4140 1304 4210 qul
1341 4155 1526 4212 perse-

319 4227 353 4275 tt
380 4236 595 4291 passus,
640 4234 696 4279 et
732 4226 997 4297 gloriatus
1033 4238 1119 4285 est
1157 4230 1209 4285 in
1247 4232 1523 4303 periculis.

325 4329 443 4371 mus
488 4316 636 4373 Petri
673 4330 724 4374 et
767 4317 918 4375 Pauli
942 4334 993 4377 et
1022 4321 1301 4394 Stephani.
1334 4324 1526 4382 Petrus

319 4418 342 4457 o
366 4403 614 4463 infirmus
654 4415 710 4463 et
744 4408 1002 4477 incertus,
1031 4412 1098 4478 set
1134 4421 1217 4468 ter
1249 4414 1525 4487 abnegans

319 4495 532 4563 quando
569 4494 745 4568 ma'gis
786 4502 1074 4569 oportebat
1105 4515 1230 4559 eum
1276 4509 1524 4577 negare?

1630 1917 1710 1989 pit
1735 1916 1973 1974 clamare
1997 1927 2052 1974 et
2081 1916 2149 1972 ad
2178 1917 2432 1989 populum
2469 1917 2651 1974 dicere
2685 1933 2703 1974 ι
2754 1914 2869 1971 Viri
2909 1914 3104 1985 fratres
3136 1920 3188 1969 st

1627 2016 1826 2078 patres,
1854 2003 2032 2062 audite
2051 2006 2117 2062 ⁸⁸.
2141 2005 2376 2063 Puellam
2401 2021 2510 2062 non
2530 2007 2705 2073 audis,
2734 2016 2785 2063 et
2811 2006 2960 2063 viros
2990 2002 3187 2061 fratrea

1628 2108 1683 2154 et
1713 2108 1893 2171 patres
1918 2112 2080 2155 vocas
2108 2105 2169 2154 ut
2196 2097 2524 2155 suadeantur
2555 2097 2580 2151 l
2625 2097 2683 2153 ln
2727 2104 2885 2152 nocte
2916 2108 3082 2166 negas
3123 2092 3180 2150 ln

1627 2224 1732 2281 qua
1770 2225 1959 2281 posses
1986 2219 2042 2267 et
2066 2209 2255 2277 latere,
2287 2218 2340 2265 et
2365 2208 2525 2265 tertia
2557 2209 2687 2265 bora
2714 2218 3033 2266 constanter
3062 2224 3183 2280 pro-

1627 2300 1871 2359 clamans
1899 2301 2143 2373 loqueris
2158 2299 2226 2356 ad
2250 2303 2506 2372 populum
2540 2300 2899 2356 universum?
2928 2298 3033 2357 Sed
3053 2309 3182 2371 puta

1626 2392 1751 2461 quia
1781 2390 1980 2448 Petrus
1999 2393 2372 2448 contentiosus
2398 2400 2505 2458 est,
2525 2400 2580 2448 et
2605 2390 2800 2464 omnia·
2818 2389 3027 2448 donans
3063 2389 3184 2447 bia-

1625 2481 1817 2553 gistro,
1868 2496 2032 2539 ausus
2072 2483 2173 2538 i'uit
2215 2481 2418 2540 Judaeis
2465 2492 2524 2540 et
2566 2481 2733 2566 loqui,
2759 2497 2792 2537 a
2822 2482 3019 2555 quibus
3063 2483 3179 2553 ipsa

1626 2571 1848 2630 audacia
1875 2573 2102 2630 exstitit.
2145 2571 2618 2644 Quemadmodum¹
2643 2571 2820 2632 ludaei
2857 2590 2961 2631 non
2999 2575 3181 2631 statim

1626 2662 1858 2720 fustibus
1888 2675 1944 2720 et
1987 2663 2271 2736 lapidibus,
2302 2674 2397 2722 aut
2419 2664 2663 2737 quotibet
2700 2664 2809 2720 alio
2848 2680 3048 2737 genere
3083 2668 3183 2723 ob·

1629 2767 1787 2811 ruere
1833 2768 2151 2828 arguentem
2184 2756 2209 2811 i
2239 2756 2469 2813 sienim
2497 2758 2684 2825 Deum,
2720 2759 2812 2830 qui
2839 2759 2992 2831 signa
3031 2760 3183 2830 iecit,

1625 2847 1742 2903 ausi
1785 2855 1912 2903 sunt
1960 2846 2176 2921 ailigere
2217 2848 2390 2917 cruci,
2436 2851 2890 2918 quemadmodum
2962 2852 3183 2911 Petrum

1624 2939 2037 2997 convincentem
2068 2954 2163 2997 eos
2210 2951 2332 3012 post
2371 2943 2532 3000 istam
2560 2944 2840 3001 audaciam
2866 2960 2973 3001 non
2999 2947 3183 3004 statim

1624 3029 1857 3088 fustibus
1881 3042 1974 3087 aut
1999 3032 2270 3103 lapidibus
2314 3034 2656 3112 obruerunt?
2690 3034 2845 3093 Nunc
2886 3051 3021 3109 ergo
3058 3048 3189 3096 sunt

1624 3121 1681 3178 in
1705 3122 2016 3194 captivitate
2043 3131 2098 3180 et
2120 3123 2512 3193 humiliatione.
2558 3141 2681 3183 cum
2720 3125 2876 3184 floret
2910 3129 3181 3197 Ecclesia;

1625 3226 1683 3270 et
1720 3217 1950 3273 adorant
1992 3216 2275 3275 nobiscum
2314 3228 2371 3276 et
2418 3234 2574 3291 reges
2615 3231 2672 3279 et
2710 3221 2938 3292 judices.
2974 3222 3187 3282 Audeat

1624 3310 1746 3379 quis
1781 3310 1989 3380 ingredi
2013 3325 2361 3385 synagogam,
2397 3314 2548 3371 visus
2566 3314 2693 3371 licet
2713 3315 2830 3389 (82)
2849 3315 3094 3388 alicujus,
3125 3327 3181 3374 et

1624 3403 1828 3467 dicere,
1874 3400 2031 3460 lesus
2061 3404 2353 3461 crucitixus
2395 3401 2566 3461 Filius
2610 3413 2697 3462 est
2737 3405 2852 3462 Dei.
2899 3405 2956 3461 st
2989 3407 3185 3462 exierit

1624 3492 1863 3549 exinde?
1886 3503 1943 3549 et
1972 3495 2075 3552 boc
2102 3509 2227 3551 eum
2258 3511 2363 3552 non
2396 3498 2467 3553 sit
2492 3512 2561 3553 ex
2600 3496 2823 3564 ludaeis,
2862 3499 2957 3555 sed
2988 3514 3055 3554 cx
3086 3514 3183 3554 no·

1625 3581 1752 3637 bis:
1782 3589 1906 3637 cum
1934 3593 1992 3640 et
2038 3583 2185 3655 leges
2233 3586 2529 3652 vindicant,
2559 3597 2615 3644 et
2642 3602 2796 3660 reges
2828 3591 3078 3657 adorant,
3125 3601 3182 3647 et

1626 3687 1751 3729 cum
1800 3672 2042 3732 Ecclesia
2076 3685 2219 3734 tenet
2253 3675 2390 3750 (83).
2449 3677 2509 3735 Si
2541 3689 2723 3737 autem
2768 3696 2911 3738 nunc
2953 3696 3058 3736 non
3101 3691 3185 3738 est

1625 3766 1740 3821 sine
1767 3766 2006 3837 periculo
2034 3767 2264 3841 aliquem
2290 3786 2396 3827 non
2440 3768 2684 3830 Judaeum
2718 3773 2925 3845 ingredi
2959 3774 3012 3828 in
3048 3787 3180 3845 syn-

1624 3871 1846 3928 agogam
1898 3872 2086 3915 eorum
2134 3861 2225 3931 qui
2258 3862 2310 3917 in
2332 3863 2649 3934 captivitate
2670 3863 2959 3930 habentur,
2987 3875 3044 3921 et
3076 3866 3179 3922 boc

1627 3947 1682 4002 in
1719 3951 1836 4005 vico
1860 3950 1950 4004 ubi
1985 3960 2094 4006 tres
2127 3961 2223 4008 aut
2258 3962 2492 4024 quatuor
2535 3955 2858 4028 colliguntur
2902 3955 3091 4025 iudaei,
3124 3969 3181 4017 et

1625 4041 1805 4097 dicere
1836 4045 2117 4100 veritatem
2142 4062 2159 4113 ς
2193 4047 2643 4116 quemadmodum
2672 4049 2864 4107 Petrus
2886 4066 2949 4107 ex
2978 4049 3178 4109 iudaeis

1625 4130 1877 4191 Galilaeus
1893 4136 1918 4190 l
1932 4135 2042 4193 Nec
2062 4136 2205 4192 enim
2227 4136 2331 4194 hoc
2345 4150 2431 4195 est
2447 4141 2627 4197 dicere
2646 4143 2773 4213 quia
2796 4145 3179 4214 ingenuitatem

1624 4222 1744 4293 ejus
1774 4225 2131 4293 honorarunt,
2158 4236 2215 4284 et
2244 4243 2349 4283 non
2386 4236 2509 4284 sunt
2530 4231 2646 4285 ausi
2671 4248 2687 4286 z
2717 4246 2818 4287 nec
2844 4233 2969 4301 quia
2997 4236 3181 4289 erudi·

1625 4315 1846 4380 tionem,
1882 4332 1981 4373 nec
2017 4320 2144 4388 quia
2172 4318 2412 4376 divitias.
2440 4317 2558 4376 lam
2583 4333 2763 4378 autem
2812 4340 2913 4380 nec
2945 4327 3181 4396 piscator

1624 4415 1762 4475 erat,
1792 4408 1887 4464 sed
1916 4425 2088 4481 egeno
2110 4413 2375 4483 egentior.
2423 4413 2479 4469 ln
2520 4423 2728 4469 tanttnn
2779 4422 2959 4471 autem
2996 4416 3182 4472 aderat

1622 4497 1672 4553 ei
1699 4508 1759 4555 ut
1790 4515 1894 4554 non
1919 4501 2249 4572 loqueretur,
2266 4505 2358 4574 qui
2383 4503 2509 4561 dnm
2536 4506 2941 4576 periclitaretur
2960 4508 3181 4575 animas,

330 4585 537 4641 viveret
558 4590 820 4659 magister
852 4591 876 4645 ρ
907 4601 1002 4648 am
1051 4604 1176 4650 ωηο
1213 4610 1336 4652 eum
1386 4600 1521 4656 ‘213⁸
1557 4586 1600 4640 i)
1623 4599 1680 4645 et
1707 4589 2137 4663 interrogaretur
2163 4594 2210 4649 si
2236 4594 2491 4653 Galilaeus
2538 4605 2707 4661 esset,
2757 4612 2961 4670 negans
3000 4608 3056 4655 et
3102 4601 3181 4655 di-

322 4674 448 4730 iest
502 4679 802 4735 mortuus?
853 4679 910 4735 Si
955 4694 1134 4739 autem
1182 4699 1359 4755 neque
1393 4699 1523 4745 ante

319 4774 473 4831 garet,
520 4777 665 4824 esset
704 4772 1096 4830 contentiosum
1140 4777 1321 4832 omnia
1349 4780 1522 4835 domi-

321 4866 435 4913 stro
459 4857 595 4932 (8¹).
626 4860 682 4917 Si
713 4872 891 4919 autem
920 4875 1046 4920 ante
1081 4880 1299 4923 crucem
1334 4880 1516 4941 negat,

319 4948 624 5021 impliciter.
663 4954 756 5010 sed
789 4968 885 5021 per
910 4968 1095 5011 vocem
1126 4956 1313 5026 pueilae
1337 4960 1520 5025 unius,

319 5039 404 5095 ino
435 5042 764 5112 praedicente
797 5044 870 5111 ei,
898 5054 954 5099 et
989 5054 1139 5101 certe
1176 5046 1220 5101 si
1255 5062 1361 5102 non
1399 5063 1520 5116 pro·

365 5144 584 5205 propter
647 5136 1104 5207 contemptionem
1157 5137 1522 5208 pmdictiottis

319 5234 402 5277 rus
429 5236 537 5279 non
567 5237 790 5294 negare.
839 5224 907 5282 Et
929 5235 1080 5282 certe
1110 5242 1232 5282 cum
1260 5226 1521 5285 Dominus

335 5418 457 5473 xttt,
491 5404 545 5459 4.
621 5407 664 5439 ⁸¹
696 5405 883 5463 Mattio.
921 5424 1068 5474 xxvt,
1092 5408 1280 5465 33-55.
1354 5410 1400 5441 ⁸⁸
1426 5408 1613 5467 statu».
1647 5425 1757 5475 xvi.
1780 5411 1874 5469 22.

322 5522 385 5581 ie.
414 5522 470 5579 id
498 5533 603 5590 est,
632 5526 788 5581 stitit.

319 5592 400 5648 tis.
432 5593 595 5651 Forte
629 5594 879 5654 Jsdoess.

319 5664 384 5716 tia
434 5666 781 5719 dominantis.
830 5665 992 5722 Forte
1042 5668 1220 5722 omnin
1273 5669 1517 5725 donantis

319 5730 392 5788 'sie
426 5734 586 5801 paulo
632 5746 754 5804 post
789 5754 804 5790 ε
848 5737 948 5791 Sed
991 5748 1117 5804 putea
1157 5739 1282 5805 quia
1329 5735 1514 5796 Petras

352 5814 454 5869 est,
481 5812 530 5860 ri
561 5806 735 5861 omnia
776 5808 975 5862 donans
1010 5804 1284 5877 alapiam.

1625 4694 1776 4747 cens,
1810 4697 1942 4749 non,
1971 4684 2026 4739 in
2053 4684 2167 4756 ipsa
2197 4686 2548 4759 abnegatione
2572 4689 2853 4746 convictus
2885 4700 2992 4746 est.
3044 4690 3180 4759 Quia

1623 4773 1766 4829 enim
1793 4777 2052 4831 naturalis
2076 4788 2162 4834 est
2195 4778 2388 4850 lingua·
2406 4779 2541 4852 (84),
2560 4782 2732 4853 partia
2767 4781 3181 4855 uniuscujusque

1626 4873 1784 4922 terra:
1822 4870 2171 4926 meditantem
2202 4873 2479 4930 assuefieri
2504 4875 2572 4931 ad
2589 4875 2970 4947 eloquendum,
3001 4877 3181 4933 oriens

1624 4958 1691 5013 ad
1733 4959 1894 5016 aliam
1945 4975 2154 5033 partem
2204 4966 2391 5031 utitur,
2431 4966 2694 5037 Syrorum
2738 4969 2921 5041 lingua
2978 4970 3033 5026 in
3076 4971 3179 5026 alio

1625 5049 1840 5117 clamet,
1874 5055 2143 5113 nationem
2172 5059 2385 5127 quidem
2417 5058 2587 5129 ipsam
2612 5074 2757 5125 ease,
2788 5071 3046 5117 mutatam
3084 5076 3179 5115 au-

1626 5151 1732 5198 tem
1761 5144 1813 5201 in
1844 5162 1980 5205 sono
2021 5151 2227 5209 baberi.
2261 5152 2348 5209 Fit
2380 5154 2524 5211 enim
2552 5163 2607 5210 et
2633 5155 2735 5212 boc
2772 5160 2911 5229 apud
2929 5155 3178 5214 iudaeos:

1624 5243 1682 5291 et
1699 5247 1917 5298 catera.
1970 5240 2176 5299 Gaiilaei
2228 5242 2492 5302 ilebraica
2542 5246 2757 5317 quidem
2803 5248 3176 5319 loquebantur,

1949 5411 1996 5445 ⁸⁸
2016 5411 2137 5468 Act.
2170 5428 2264 5477 νη.
2288 5414 2343 5469 2.

1702 5531 1819 5601 (82)
1856 5531 2008 5588 Visus
2029 5534 2172 5588 ticet.
2207 5534 2464 5601 Quamvis
2485 5536 2722 5609 aliquant
2753 5539 2989 5613 speciem
3006 5538 3151 5613 digni

1630 5606 1758 5658 tatia
1789 5617 1889 5659 ore
1920 5618 1984 5658 ac
2011 5607 2163 5658 vultu
2195 5607 2509 5674 preferens.

1692 5692 1808 5766 (83)
1847 5692 2026 5750 Tenet.
2060 5696 2286 5767 Κρατεϊ.

1693 5785 1807 5853 (st)
1836 5783 1937 5843 Ma.
1962 5785 2226 5845 Naturale
2254 5800 2329 5846 est
2358 5788 2571 5863 linquoe.
