3692 6134
998 340 1089 398 ot:
1126 340 1669 400 EcetssstAsTJCA
1708 342 2102 404 TquLoctA
2139 346 2270 405 LlB.
2312 347 2400 405 ill.

3145 353 3254 413 974

319 458 481 531 σοφὴν
507 457 620 524 ἒξιν
660 457 952 513 ὑπολαῦεῖν
985 458 1219 531 αδελφην
1244 457 1352 511 τῶν
1385 459 1442 511 ὲν
1468 458 1566 512 ἀν·
1594 466 1643 522 Α
1667 459 1950 531 pientiam,
1974 475 2218 518 sororem
2247 462 2395 518 dicat
2421 461 2741 519 nominatim
2770 462 3013 519 habitum
3062 478 3250 523 eorum

319 551 665 624 ’,τορθούντων
689 550 978 620 λέγεσθαι;
1004 550 1068 604 Et
1093 550 1151 604 δὲ
1177 549 1271 604 ἐπὶ
1305 549 1398 603 τὸν
1431 550 1570 622 Χρι-

319 642 400 697 εοῦ
437 643 691 706 ὲκλάὅοις
727 643 788 697 τὸ
821 642 1132 715 εἰρημένον,
1177 641 1413 715 Χριστὸς
1462 640 1571 713 γὰρ

324 755 372 802 ις
401 736 498 791 καὶ
538 735 674 790 Θεοῦ
705 736 905 806 Σοφία,
941 735 1094 790 οὐδὲν
1135 733 1384 806 ἐμποδὼν
1420 733 1571 787 ἔσται

320 869 335 894 ,
378 828 502 883 ἐπεὶ
536 829 629 883 καὶ
668 828 766 900 τὴν
797 828 935 901 πρὸς
975 830 1122 900 ἡμᾶς
1150 828 1252 881 οὐκ
1291 828 1570 882 ἀναίνεται

319 963 323 975 .
372 922 438 976 δι’
469 922 776 995 ὐπερόολὴν
824 922 1257 995 φιλανθρωπίας.
1317 922 1381 975 Et
1411 921 1469 975 δὲ
1511 922 1570 975 ἓν

319 1011 382 1085 ἦν
413 1015 444 1067 ὀ
466 1012 623 1079 Θεὸς,
662 1016 758 1069 καὶ
795 1016 828 1087 ἡ
857 1016 914 1068 ὲν
934 1017 1055 1077 ταῖς
1085 1013 1415 1085 Παροιμίαις
1457 1014 1570 1067 είσ-

319 1106 532 1177 ρίαέξις
547 1104 682 1161 οὖσα
705 1108 843 1179 σοφὴ
870 1108 929 1160 ὲν
958 1106 1106 1177 αὐτῷ
1130 1105 1414 1178 νοουμένη,
1436 1106 1570 1161 καθὸ

319 1211 383 1258 ις.
419 1196 472 1248 τί
497 1196 735 1249 ἐκώλυεν
764 1196 884 1249 ἀντὶ
927 1198 1027 1267 τῆς
1076 1195 1276 1264 Σοφίας
1320 1195 1410 1249 τὸν
1435 1194 1568 1250 Θεὸν

319 1290 413 1353 lau
430 1286 571 1341 ὥστε
582 1288 664 1355 τὸ,
697 1287 958 1357 ‘Ellopia
980 1288 1365 1357 ᾠκοδόμησεν
1383 1288 1570 1358 ἑαυτῇ

324 1379 617 1448 ὑπήρεισε
643 1381 912 1446 στύλους
939 1378 1108 1445 ἑπτὰ,
1138 1382 1232 1433 καὶ
1260 1381 1328 1434 τὰ
1362 1381 1569 1446 τούτοις

339 1473 588 1544 είρῆσθαι
622 1473 744 1527 ἀντὶ
771 1472 886 1538 τοῦ,
925 1473 976 1524 Ὀ
1007 1474 1152 1538 Θεὸς
1180 1474 1570 1544 ᾠκοδόμησεν

320 1582 374 1631 ν,
390 1566 483 1618 καὶ
505 1565 573 1617 τὰ
596 1565 724 1635 ἑξῆς
750 1582 764 1595 ·
789 1568 887 1619 καὶ
911 1563 1073 1619 πάλιν
1100 1566 1222 1619 ἀντὶ
1241 1567 1354 1620 τοῦ·
1376 1565 1569 1623 Εἶπον

319 1671 354 1708 ν
386 1656 511 1723 σὴν
540 1653 820 1724 ἀδελφὴν
849 1650 1033 1721 εἶναι,
1069 1654 1358 1728 λελέχθαι,
1379 1654 1569 1713 Εἶπον

319 1748 418 1801 ror
444 1747 714 1817 ἀδελφὸν
744 1744 918 1803 εἶναι.
973 1747 1114 1801 Ἀλλ’
1161 1751 1294 1820 ὁρᾷς
1342 1750 1419 1814 ὡς
1467 1750 1565 1823 τὴν

319 1857 417 1893 ττει
462 1842 494 1911 ὴ
536 1838 757 1911 τοιαύτη
794 1839 968 1910 φωνὴ,
1013 1841 1111 1893 ούκ
1149 1838 1350 1911 ἔχούσα
1395 1842 1566 1913 ἀρμο-

319 1933 401 1985 ἐπὶ
424 1933 516 1986 τὸν
544 1932 673 1987 Υἰὸν
697 1933 947 1998 ἐκλάὗοις
968 1932 1037 1986 τὰ
1067 1932 1246 2002 λόγια,
1272 1933 1435 1997 αὐτὸς
1453 1933 1564 2006 γὰρ

319 2063 331 2088 ,
377 2024 555 2077 πάντα
590 2041 674 2077 σοι
712 2023 990 2095 εὐροήσει,
1021 2021 1249 2094 μηδενὸς
1273 2022 1565 2086 δυσσεδοῦς

319 2115 551 2188 εμποδὼν
614 2115 901 2188 ἱσταμένου
925 2154 940 2179 ,
969 2113 1564 2187 συνεπιμαρτυροῦντος

319 2211 404 2262 λου
450 2207 686 2273 Παύλου,
730 2208 789 2272 ὃς
834 2207 925 2261 τὸν
971 2208 1199 2279 Σωτῆρα
1230 2207 1325 2262 καὶ
1360 2206 1562 2281 Κύριον

320 2302 381 2354 ῦν
410 2300 643 2373 Χριστὸν
675 2300 904 2373 λαμπρᾷ
924 2303 992 2372 τῇ
1026 2302 1177 2371 φωνῇ
1210 2298 1408 2370 Σοφίαν
1428 2299 1564 2354 ὠνό·

322 2412 368 2447 ν·
396 2392 650 2462 Χριστὸς
678 2391 824 2446 Θεοῦ
858 2391 1112 2462 δύναμις
1143 2391 1243 2446 καὶ
1278 2390 1425 2446 Θεοῦ
1456 2394 1565 2447 Σο-

319 2504 346 2539 ν
376 2478 481 2540 ὧδέ
531 2501 609 2556 πη
658 2483 1224 2554 κατασκευασμένων,
1270 2482 1563 2537 ἀκόλουθόν

319 2577 386 2631 ὧν
407 2576 845 2649 προεκτεθέντων
879 2575 1154 2639 ἀπάντων,
1182 2572 1243 2641 ἐξ
1274 2575 1439 2630 αὐτοῦ
1466 2574 1560 2629 τοῦ

319 2671 392 2725 :ai
420 2669 501 2734 τὸ,
541 2670 756 2739 Κύριος
786 2666 989 2723 ἓκτισέ
1035 2684 1112 2737 με
1153 2667 1353 2738 ἀρχὴν
1406 2663 1563 2721 ὁδῶν

319 2760 445 2831 ἔργα
473 2759 687 2823 αὐτοῦ,
717 2757 999 2828 λελέχθαι·
1045 2758 1095 2811 εί
1123 2757 1180 2811 δὲ
1212 2757 1359 2827 λέγοι
1411 2758 1561 2812 ὲκτί·

319 2853 514 2916 αυτὸν,
555 2852 655 2922 οὐχ
689 2851 766 2917 ὡς
811 2855 876 2906 ὲκ
917 2850 1012 2904 τοῦ
1067 2851 1140 2922 μὴ
1185 2850 1338 2915 ὄντος
1380 2854 1460 2916 είς
1499 2852 1562 2906 τὸ

319 2944 468 3012 ιθὼν,
501 2944 648 2999 τοῦτ’
680 2944 745 2999 ἂν
777 2944 941 3008 εἴποι,
974 2945 1084 2997 οὐδ’
1112 2944 1186 3006 ὡς
1214 2944 1412 3015 ὁμοίως
1446 2948 1559 3010 τοῖς

319 3056 494 3110 ιμασι,
530 3039 625 3091 καὶ
669 3036 832 3100 αὐτὸς
865 3038 931 3089 ὲκ
969 3036 1062 3089 τοῦ
1111 3035 1186 3107 μὴ
1218 3036 1370 3099 ὄντος
1398 3052 1560 3106 γεγο-

319 3148 331 3195 ς
355 3132 459 3187 οὐκ
480 3130 655 3204 ὀρθῶς
679 3128 1062 3201 ὑπειλήφασιν,
1078 3127 1194 3182 ἀλλ’
1214 3128 1289 3193 ὡς
1312 3126 1561 3198 ὑφεστὼς
1586 3165 1629 3225 C

319 3220 389 3288 ὃν,
436 3220 620 3292 προιὶιν
659 3236 720 3273 τε
762 3219 860 3273 καὶ
897 3219 1267 3293 προῦπὰρχων
1313 3219 1417 3292 τῆς
1458 3235 1554 3273 του

319 3331 412 3384 μου
450 3311 782 3375 συστάσεως,
811 3310 1000 3383 ἄρχειν
1032 3310 1088 3366 δὲ
1117 3310 1227 3365 τῶν
1269 3311 1407 3366 ὅλων
1449 3310 1557 3365 ὑπὸ

321 3402 484 3459 αὑτοῦ
503 3404 714 3477 Πατρὸς
736 3403 1209 3477 κατατεταγμένος
1231 3421 1245 3435 ·
1263 3403 1382 3471 τοῦ,
1401 3404 1558 3459 ἔκτι-

319 3497 378 3553 ἶία
414 3498 535 3553 ἀντὶ
562 3496 681 3563 τοῦ,
713 3496 1059 3563 κατέταξεν.
1095 3497 1130 3571 ἢ
1156 3497 1554 3568 κατέστησεν,

321 3591 624 3666 Διαρρἡδην
638 3590 769 3661 γοῦν
788 3592 916 3656 τοὺς
938 3592 1000 3645 ὲν
1027 3589 1335 3663 ἀνθρώποις
1364 3590 1557 3664 ἄρχον-

319 3684 497 3755 ;μόνας
529 3685 705 3738 κτίσιν
725 3683 1009 3755 ὠνόμασεν
1035 3685 1064 3738 ὁ
1092 3684 1263 3739 είπὼν
1295 3684 1555 3739 ’Δπόστο-

322 3775 502 3847 ἁγητε
548 3775 716 3848 πάσῃ
763 3776 959 3831 κτίσει
1006 3775 1351 3845 ἀνθρωπίνῃ
1375 3816 1393 3842 ,
1455 3775 1555 3831 διὰ

319 3886 371 3913 e·
412 3867 534 3922 εἴτε
556 3866 832 3934 βασιλεῖ,
879 3868 961 3932 ὡς
1004 3865 1388 3937 ὑπερέχοντι·
1432 3866 1554 3921 εἴτε

319 3960 392 4025 ὡς
424 3956 499 4013 δι’
522 3958 713 4013 αὑτοῦ
735 3956 1160 4029 πεμπομένοις.
1185 3956 1294 4011 Καὶ
1317 3957 1348 4009 ὀ
1382 3954 1553 4010 εἰπὼν

319 4067 347 4115 ς,
376 4046 712 4119 Ἑτοιμάζου
733 4048 839 4103 τοῦ
853 4047 1267 4103 ἐπικαλεῖσθαι
1280 4045 1391 4101 τὸν
1405 4047 1553 4101 Θεόν

320 4139 409 4208 μ·
442 4139 594 4195 διότι
643 4138 773 4195 ἰδοὺ
806 4139 1072 4209 στερεῶν
1106 4138 1399 4208 βρόντην,
1447 4136 1548 4192 καί

323 4232 463 4303 ῦμα,
496 4232 595 4287 καί
648 4230 1039 4302 ἀναγγέλλων
1064 4234 1152 4297 εὶς
1201 4228 1551 4298 ἀνθρώπους

320 4342 364 4378 ιν
403 4324 608 4379 αὐτοῦ.
641 4323 753 4378 Καὶ
781 4322 863 4389 τὸ,
896 4321 1193 4393 Γραφήτω
1235 4320 1347 4394 (65)
1394 4320 1549 4389 αὕτη

327 4415 561 4485 ἑτέραν,
586 4414 687 4470 καὶ
714 4414 866 4483 λαὸς
895 4419 928 4470 ό
958 4413 1294 4483 κτιζόμενος
1321 4411 1551 4467 αίνέσει

1671 550 1762 622 qui
1815 551 1958 609 inter
2008 552 2258 609 homiues
2329 563 2480 609 recta
2559 556 2896 625 operantur?
2927 554 3080 624 Quod
3110 558 3155 612 si
3186 558 3254 612 de

1669 644 1890 701 Cbristo
1921 646 2014 702 Dei
2057 645 2291 717 accipiat
2320 648 2444 718 quis
2485 647 2618 704 illud
2658 646 2860 703 dictum
2890 666 2905 703 ε
2930 663 3056 703 nan·
3086 645 3253 704 Curi-

1671 746 1788 791 stus
1835 735 1932 791 Dei
1986 745 2224 805 potestas
2268 744 2356 791 cst
2396 744 2453 792 et
2495 735 2795 808 Sapientia,
2847 737 2982 794 nibil
3028 739 3253 809 impedit

1672 826 1811 883 banc
1856 827 2291 899 intelligentiam,
2337 829 2775 900 quandoquidem
2821 832 2891 886 ob
2922 832 3249 887 immensum

1670 935 1828 976 suum
1865 921 1920 976 in
1964 922 2264 978 humanum
2308 937 2478 993 genus
2524 936 2762 979 amorem
2816 939 2923 979 non
2982 927 3252 981 recusavit

1669 1009 1813 1069 hanc
1860 1012 2282 1071 fraternitatem.
2331 1015 2483 1084 Quod
2531 1018 2577 1074 si
2624 1032 2788 1073 unum
2835 1027 2954 1073 erat
2994 1019 3249 1090 idemque

1669 1108 1836 1174 Dens,
1867 1119 1922 1163 et
1961 1125 2083 1180 quae
2122 1111 2176 1165 in
2220 1108 2527 1168 Proverbiis
2558 1109 2921 1168 introducitur
2946 1112 3247 1186 Sapientia,

1668 1216 1791 1270 quae
1819 1203 2036 1272 sapiens
2065 1202 2285 1275 quidam
2332 1204 2552 1260 babitus
2581 1214 2665 1261 est
2695 1205 2750 1260 in
2786 1205 2876 1261 illo
2905 1205 3248 1269 intellectus.

1668 1294 1725 1347 in
1751 1303 2016 1362 quantum
2047 1296 2192 1351 Deus
2237 1296 2476 1365 sapiens,
2510 1296 2640 1367 quid
2671 1297 2923 1365 probibet
2961 1298 3127 1353 Deum
3157 1296 3252 1354 bic

1668 1400 1765 1457 pro
1800 1384 2079 1456 Sapientia
2123 1388 2345 1444 rescribi
2376 1406 2391 1444 ι
2423 1399 2481 1444 ιιι
2519 1389 2600 1445 sic
2642 1390 2731 1445 ubi
2778 1390 2979 1445 dictum
3008 1399 3116 1457 est,
3148 1386 3253 1445 So·

1666 1476 1863 1545 pientia
1892 1477 2172 1547 aedificavit
2204 1478 2310 1533 sibi
2352 1480 2585 1545 domum,
2617 1491 2663 1535 et
2698 1481 2947 1535 solidavit
2975 1481 3250 1535 columnas

1667 1578 1878 1639 septem,
1913 1580 1966 1624 ει
1990 1585 2111 1640 quae
2131 1579 2454 1642 sequuntur,
2475 1572 2677 1627 dictum
2709 1571 2779 1626 sit
2806 1586 2926 1641 pro,
2954 1570 3094 1626 Dens
3118 1571 3252 1626 oecli·

1664 1660 1839 1731 ficooit
1885 1662 1983 1716 sibi
2008 1662 2403 1731 domum,etc.;
2438 1672 2494 1718 ει
2523 1663 2717 1719 iterum
2750 1678 2847 1734 pro
2872 1677 2957 1729 eo,
2991 1662 3115 1717 Dixi
3140 1660 3249 1719 Sn-

1667 1751 1920 1820 pientiam
1941 1769 2172 1808 sororem
2199 1764 2369 1820 tuam,
2401 1754 2635 1819 dicatur,
2676 1754 2800 1811 Dixi
2833 1755 2999 1810 Deum
3025 1754 3248 1825 [mtrem

1597 1822 1638 1878 Β
1666 1854 1834 1897 tuum.
1865 1843 1970 1899 Sed
2005 1854 2063 1898 ut
2090 1860 2251 1901 aures
2282 1847 2558 1915 percutiat
2588 1847 2686 1903 ista
2718 1847 2907 1913 dictio,
2940 1847 3092 1904 vides
3134 1855 3249 1901 tant

1650 1931 1979 2005 incongrua.
2038 1932 2191 2000 Quod
2240 1935 2286 1989 si
2337 1936 2405 1991 de
2460 1936 2599 1992 Filio
2652 1935 2987 2007 Sapientiam
3036 1936 3248 2007 capias,

1662 2024 1843 2079 omnia
1880 2025 2016 2085 bene
2049 2024 2217 2080 fluent
2244 2042 2259 2079 ι
2291 2040 2392 2081 nec
2420 2036 2675 2082 occurret
2698 2028 2793 2082 tibi
2823 2028 3121 2099 quidquam
3154 2025 3248 2081 hic

1665 2114 1978 2183 impietatis,
2009 2129 2134 2170 cum
2169 2117 2452 2187 perhibeat
2503 2117 2597 2173 tibi
2633 2119 3003 2175 testimonium
3049 2120 3248 2175 beatus

1663 2206 1861 2262 Paulus
1885 2205 2294 2282 apostolu5,qui
2313 2208 2632 2279 pronuntiat
2651 2208 2796 2265 clare
2818 2209 3167 2264 Servatorem
3190 2217 3248 2265 et

1665 2294 1949 2352 Dominum
1982 2305 2223 2353 nostrum
2255 2295 2439 2353 lesum
2463 2296 2743 2354 Christum
2786 2298 2880 2354 Dei
2910 2297 3247 2369 Sapientiam

1662 2390 2079 2456 nominandum,
2130 2389 2219 2446 ubi
2263 2390 2362 2456 ait,
2394 2388 2637 2446 Christus
2668 2390 2763 2445 Dei
2803 2391 3039 2463 potentia
3069 2401 3117 2444 et
3144 2388 3247 2445 So·

1660 2485 1860 2558 pientia
1882 2487 1949 2539 ”.
1976 2483 2073 2541 llis
2099 2485 2166 2541 ad
2196 2485 2341 2541 hunc
2369 2483 2584 2539 modum
2617 2484 2689 2538 ita
2721 2483 3020 2556 apparatis,
3048 2484 3118 2539 ad
3148 2498 3243 2539 su-

1659 2568 1845 2649 perius
1871 2576 2143 2648 proposita
2178 2591 2517 2649 consequens
2555 2586 2637 2630 est
2677 2576 2800 2642 hoc,
2825 2575 3086 2631 Dominus
3112 2591 3242 2631 con-

1661 2666 1801 2723 didit
1832 2685 1914 2724 nte
1931 2669 2249 2741 principium
2278 2670 2482 2724 viarum
2509 2684 2729 2723 sicariam
2755 2668 2826 2724 od
2848 2684 3006 2739 opera
3029 2668 3145 2739 ejus
3170 2667 3240 2738 ⁸⁸,

1662 2777 1694 2818 e
1749 2776 1981 2833 persona
2028 2760 2146 2831 ejus
2192 2761 2464 2831 usurpari.
2501 2760 2655 2830 Quod
2684 2761 2730 2817 si
2776 2761 2925 2817 dicat
2960 2762 3239 2818 conditum

1663 2852 1811 2909 illum
1840 2852 2027 2919 fuisse,
2057 2870 2161 2909 non
2191 2854 2262 2909 ita
2288 2854 2445 2923 dixit,
2468 2852 2623 2926 quasi
2653 2852 2812 2909 vellet
2837 2852 3089 2925 intelligi,
3112 2866 3239 2910 ειιιι

1661 2944 1729 3001 de
1761 2961 1870 3001 non
1901 2955 2029 3002 ente
2057 2946 2124 3001 ad
2151 2960 2272 3002 csse
2300 2945 2634 3017 processisse
2653 2964 2667 3001 ι
2685 2960 2787 3001 nec
2814 2944 2977 3015 quod,
3010 2946 3079 3001 ad
3122 2960 3240 3002 mo-

1661 3036 1789 3094 dum
1826 3049 2202 3094 creaturarum
2232 3037 2587 3111 reliquarum,
2625 3038 2691 3094 de
2740 3051 2847 3093 non
2878 3048 3004 3095 ente
3032 3039 3237 3109 produ-

1662 3128 1909 3195 cebatur,
1935 3128 2081 3199 quod
2116 3128 2362 3185 nonnulli
2398 3126 2579 3185 minus
2609 3142 2755 3185 recte
2783 3136 2909 3184 sunt
2937 3128 3189 3184 arbitrati
3219 3147 3236 3184 ι

1661 3217 1756 3273 sed
1786 3218 1929 3290 quod
1958 3219 2261 3276 subsistens
2306 3228 2365 3275 et
2402 3220 2610 3286 vivens,
2657 3220 2753 3275 sed
2794 3219 2938 3289 quod
2980 3222 3240 3290 praeexsi·

1661 3319 1834 3376 stens,
1863 3318 1919 3365 et
1948 3311 2390 3380 praesubsistens‚
2430 3319 2561 3368 ante
2592 3325 2808 3366 ornnem
2843 3311 3025 3366 mundi
3051 3313 3239 3368 condi·

1664 3399 1864 3457 tionem
1892 3413 2050 3459 erat:
2081 3408 2141 3469 ιζ(
2168 3403 2424 3475 quodque
2455 3418 2485 3458 a
2527 3402 2753 3460 Domino
2779 3417 2879 3459 suo
2911 3403 3071 3461 Patre
3103 3419 3238 3460 con·

1659 3493 1882 3549 stitutus
1925 3503 2010 3550 est
2036 3495 2279 3551 omnium
2316 3494 2644 3561 dominator,
2673 3494 2852 3566 posito
2894 3495 3005 3562 illo,
3052 3497 3238 3552 concli-

1659 3585 1757 3652 dit‚
1812 3583 1921 3642 boc
1968 3587 2026 3642 in
2072 3585 2213 3651 loco,
2260 3601 2357 3658 pro
2401 3587 2694 3653 constituit,
2725 3586 2809 3643 vel
2842 3587 3125 3643 ordinavit.
3150 3588 3238 3643 Di·

1658 3678 1820 3734 sertis
1845 3678 2025 3735 verbis
2051 3678 2323 3749 principes
2348 3689 2404 3735 et
2429 3679 2595 3736 duces
2617 3679 2761 3735 inter
2781 3678 3050 3744 homines,
3081 3694 3238 3737 crea-

1661 3779 1835 3826 turam
1868 3769 2159 3841 Apostolus
2197 3769 2521 3837 nominavit,
2550 3771 2640 3827 ubi
2664 3772 2778 3827 ait:
2810 3770 3045 3841 SubJ'eeti
3071 3782 3236 3828 estote

1658 3860 1800 3914 omni
1833 3860 2082 3915 Ιιιιηιαηω
2122 3869 2380 3917 creatura·
2411 3870 2625 3934 propter
2660 3859 2967 3929 Dominum,
2992 3863 3099 3918 sive
3126 3863 3238 3935 regi

1657 3960 1715 4005 ιιι
1744 3950 2040 4021 excellenti,
2062 3952 2170 4009 sive
2189 3954 2512 4025 principibus
2551 3963 2608 4008 ιιι
2643 3953 2708 4008 ab
2741 3950 2838 4008 illo
2864 3953 3040 4009 missis
3053 3953 3120 4009 ⁸⁸.
3165 3954 3237 4008 Ει

1657 4042 1921 4113 propbeta
1954 4046 2045 4114 qui
2079 4045 2214 4101 dixit
2244 4062 2259 4100 ι
2291 4043 2632 4116 Proeparare,
2661 4053 2719 4098 ιιι
2750 4054 2958 4100 vocetur
2990 4061 3147 4116 super
3182 4052 3236 4100 te

1657 4131 1799 4188 Deus
1821 4134 1848 4188 1
1857 4136 1994 4191 srael
2026 4151 2046 4191 .·
2068 4146 2344 4207 propterea
2376 4153 2493 4192 ecce
2526 4136 2709 4206 firmat
2734 4136 2955 4200 tonitru,
2979 4145 3028 4190 ει
3052 4134 3235 4190 condit

1656 4237 1853 4293 ventos,
1889 4234 1941 4281 et
1963 4228 2249 4283 annuntiat
2278 4228 2412 4284 inter
2447 4227 2685 4283 lton'tines
2708 4226 2978 4282 Christum
3002 4227 3229 4283 suttm⁰⁸.

1659 4316 1724 4372 Et
1759 4318 1906 4383 illud,
1938 4319 2219 4375 Sci-ibatur
2247 4320 2339 4374 illo
2372 4320 2429 4375 in
2457 4319 2851 4391 qenes-ationem
2891 4319 3140 4385 alteram,
3170 4326 3233 4374 ιιι

1654 4409 1880 4479 populus
1901 4411 1993 4481 qui
2008 4411 2255 4465 conditur
2271 4410 2444 4466 laudet
2459 4410 2816 4467 Dominunt⁸⁸.
2837 4409 2970 4466 titud
2994 4410 3232 4465 condidit

322 4525 336 4539 ·
356 4507 437 4571 τὸ,
460 4506 798 4571 κτίζων,ὲπὶ
813 4503 909 4560 τοῦ
924 4504 1206 4576 γεγονότος
1225 4503 1284 4569 ἐξ
1299 4504 1545 4576 ἀνυπαρ-
1578 4527 1624 4584 D
1657 4515 1753 4570 pro
1784 4515 1849 4557 eo
1882 4503 2025 4572 quod
2063 4500 2168 4557 l'uit
2192 4512 2467 4575 sumptum
2501 4511 2608 4569 est,
2632 4504 2894 4574 quiajam
2939 4512 3068 4557 ante
3088 4512 3229 4558 erat.

319 4614 469 4669 ηφεν.
490 4599 566 4652 Οὐ
582 4597 690 4670 γὰρ
722 4597 842 4652 τότε
865 4596 1079 4652 ἔκτισεν
1093 4597 1123 4650 ὁ
1142 4594 1272 4660 Θεὸς
1302 4595 1363 4648 τὸ
1384 4592 1548 4648 πνεῦ-

319 4688 545 4761 Χριστὸν
576 4688 741 4744 αὐτοῦ
769 4688 835 4742 δι’
851 4686 1016 4743 αὐτοῦ
1047 4687 1211 4741 πᾶσιν
1239 4684 1545 4758 ἀνθρώποις

319 4797 355 4827 ι·
383 4779 535 4835 οὐδὲν
584 4779 692 4852 γὰρ
742 4778 1052 4850 πρόσφατον
1091 4776 1196 4831 ὑπὸ
1234 4777 1326 4829 τὸν
1372 4774 1543 4846 ἥλιον.

319 4891 358 4937 ι,
381 4872 476 4926 καὶ
495 4872 871 4944 προϋπῆρχεν,
892 4868 1249 4922 ἀπεστέλλετο
1267 4867 1325 4922 δὲ
1345 4866 1465 4921 καθ’
1481 4866 1543 4921 ὃν

319 4982 342 5018 ν
379 4966 432 5017 οἱ
476 4962 765 5018 ἀπόστολοι
813 4959 1141 5032 συνηγμένοι
1169 4977 1182 4990 ·
1235 4960 1323 5014 ὅτε
1375 4958 1538 5028 δίκην

319 5057 458 5110 ἐνετο
475 5052 608 5127 ἦχος
634 5057 699 5109 ὲκ
724 5052 817 5107 τοῦ
844 5051 1073 5125 ούρανοῦ
1089 5093 1105 5119 ,
1159 5050 1348 5123 ὥσπερ
1376 5066 1541 5122 ‹pepo-

325 5165 352 5210 ς
405 5147 585 5218 βιαίας
605 5186 620 5212 ,
670 5142 1068 5217 ἐπληρώθησαν
1112 5160 1172 5196 τε
1223 5141 1542 5213 Πνεύμίιτος

319 5237 475 5302 »ὖτως
499 5240 580 5300 είς
604 5238 811 5300 πάντας
837 5233 1158 5307 ἀνθρώπους
1182 5234 1275 5289 τὸν
1305 5233 1540 5308 Χριστὸν

319 5329 633 5402 τήγγειλαν,
658 5326 965 5391 ἀκολούθως
996 5329 1064 5399 τῇ
1095 5324 1403 5398 προφητεία
1432 5340 1539 5394 φη·-

319 5512 457 5576 ιιίε..
487 5524 609 5582 pag.
643 5509 765 5563 151.
843 5509 888 5541 ”
920 5508 944 5561 l
971 5506 1099 5564 Cor.
1125 5522 1166 5572 ι,
1199 5504 1290 5561 24.

319 5584 400 5637 19.

319 5780 349 5890 g
384 5764 598 5890 σοφόίαν,
630 5764 744 5833 ἓξιν
769 5773 822 5821 ct
855 5777 980 5822 mox
1010 5760 1250 5819 ἐκλάᾶοι.

374 5852 478 5890 αυτ
509 5855 558 5891 ν.

1393 5503 1612 5563 ⁸⁸Prov.
1639 5521 1760 5575 vm,
1777 5506 1871 5562 22.

1650 4592 1836 4665 Neque
1864 4598 2008 4652 enim
2042 4606 2154 4652 tum
2183 4596 2423 4654 condidit
2445 4596 2586 4653 Deus
2609 4598 2881 4670 spiritum,
2912 4612 3039 4653 cum
3071 4595 3234 4653 Cbri·

1650 4699 1792 4743 stum
1825 4705 1983 4745 suum
2015 4705 2113 4761 per
2154 4689 2307 4746 illum
2358 4690 2625 4746 universis
2670 4689 2983 4747 bominibus
3017 4704 3233 4746 annun-

1654 4780 1811 4835 tiaret
1837 4797 1852 4835 :
1883 4782 2007 4851 quia
2047 4781 2179 4838 nibil
2222 4782 2345 4837 novi
2389 4789 2475 4837 est
2523 4781 2627 4838 sub
2676 4781 2791 4838 sole
2835 4781 2977 4838 :sed
3013 4790 3131 4837 erat
3174 4790 3233 4837 et

1649 4871 1944 4927 exsistebat
1973 4882 2138 4930 ante:
2167 4872 2485 4929 mittebatur
2519 4883 2699 4931 autem
2730 4888 2798 4930 eo
2827 4882 3068 4945 tempore
3102 4888 3226 4930 cum

1650 4958 1704 5016 in
1737 4975 1902 5016 unum
1931 4962 2240 5034 congregati
2283 4961 2513 5035 apostoli
2559 4970 2715 5018 erant
2743 4980 2756 5018 ι
2784 4977 2908 5019 cum
2949 4961 3017 5017 ad
3056 4962 3229 5017 instar

1651 5054 1887 5110 tonitrus
1923 5053 2098 5111 lactus
2131 5063 2212 5110 est
2256 5054 2469 5112 sonitus
2504 5054 2696 5128 ingens
2742 5054 2809 5109 de
2852 5053 2994 5110 coelo
3022 5054 3227 5110 :veluti

1650 5143 2010 5203 descendente
2046 5146 2242 5217 spiritu
2282 5146 2707 5214 vehementiore,
2759 5155 2817 5204 et
2861 5146 3056 5218 repleti
3099 5158 3229 5202 sunt

1650 5235 1857 5309 Spiritu
1883 5249 2092 5294 sancto.
2118 5240 2294 5311 Atque
2320 5238 2394 5295 ita
2412 5238 2690 5294 Christum
2717 5237 2951 5305 Domini,
2990 5240 3042 5293 in
3070 5254 3228 5293 mun-

1650 5326 1778 5383 dum
1840 5328 2155 5385 universum
2226 5329 2617 5386 annuntiarunt
2648 5342 2667 5383 ι
2698 5327 2853 5400 juxta
2911 5328 3227 5385 vaticinium

1985 5505 2231 5564 ’‘lPetr.
2265 5522 2329 5575 ιι,
2353 5508 2444 5574 15,
2485 5509 2573 5563 ss.
2663 5507 2988 5572 ⁸⁸Autosrv,
3019 5505 3108 5572 12,
3135 5505 3225 5561 15.

1716 5758 1831 5833 (63)
1872 5757 2039 5831 Volgo
2071 5759 2207 5832 αύτή
2231 5800 2247 5827 ,
2272 5768 2325 5815 ει
2354 5774 2477 5818 mox
2509 5758 2718 5829 αἱνήσε.
