3692 6134
182 338 291 395 673

1529 337 1630 424 ns·
1657 336 2120 394 mmmmm.

3312 344 3426 403 tm

180 455 412 528 λημένον
433 453 618 507 ἕνεκεν
640 452 732 506 τοῦ
750 452 849 525 τῆς
869 451 1346 524 θεοσεόείαςΙλόγου
1363 452 1609 507 θάνατον·
1628 454 1759 507 [στω
1786 459 1830 514 Α
1858 454 1970 507 vita
2010 467 2070 509 se
2120 453 2294 523 ipsum
2338 453 2581 522 privasse
2600 490 2618 518 ,
2659 467 2927 524 suamque
2967 454 3226 523 animvm,
3257 470 3421 526 qnam

180 549 211 602 ό
235 545 473 609 τοιοῦτος
520 544 622 614 τῆς
654 543 885 614 ἀληθοῦς
928 542 1073 614 ζωῆς
1115 544 1306 598 ἐαυτὸν
1343 544 1633 615 στερήσας,
1655 543 1751 597 καὶ

180 642 281 712 τὴν
309 635 501 694 ἑαυτοῦ
541 636 736 707 ψυχὴν,
780 636 847 708 ἢν
883 636 1173 707 εὑρηκέναι
1219 635 1520 706 νενόμικεν,
1559 632 1752 705 ἀληθεῖ

181 732 322 800 λόγῳ
352 727 625 800 παραδοὺς
652 726 916 798 ἀπωλείᾳ.
960 727 1146 798 Πάσης
1183 725 1289 796 γάρ
1319 724 1551 795 ὲσχάτης
1596 724 1749 777 &mu-

181 823 332 885 λείας
362 819 555 889 γένοιτ’
586 816 653 872 ἀν
699 820 875 889 χεῖρον
906 817 967 870 τὸ
994 819 1244 871 ἐκπεσεῖν
1275 814 1431 880 Θεοῦ,
1461 814 1556 869 καὶ
1583 815 1751 886 ἀρνη-

182 917 341 986 θῆναι
369 913 472 968 ὑπὸ
500 909 590 967 τοῦ
636 909 766 963 Υίοῦ
799 910 894 962 τοῦ
929 908 1086 963 Θεοῦ.
1128 908 1195 961 Τί
1221 907 1280 962 δέ
1311 906 1405 960 καὶ
1432 906 1593 959 πλέον
1620 906 1747 959 ἐπο-

191 1008 393 1080 ρίσατο,
426 1003 616 1059 ἑαυτὸν
647 1002 950 1073 ἀπατήσας,
983 1000 1078 1055 καὶ
1113 999 1404 1071 εὑρηκέναι
1428 999 1528 1069 τὴν
1555 996 1747 1051 ἑαυτοῦ

185 1097 359 1167 ψυχὴν
380 1091 683 1158 ὑπολαδὼν,
709 1094 819 1156 ὅτε,
854 1091 1068 1161 φεύγων
1102 1090 1192 1145 τὸν
1223 1088 1471 1152 θάνατον,
1497 1088 1588 1141 τὸν
1616 1087 1748 1140 Θεὸν

179 1189 424 1260 ἦρνεῖτος
451 1182 690 1255 Σμικροῦ
720 1182 827 1253 γάρ
852 1181 1005 1244 ὄντος
1032 1182 1125 1235 καὶ
1150 1179 1603 1266 ἐπικαίρουβίου,
1631 1179 1747 1251 μετ’

104 1285 122 1317 ⁴.-
180 1278 241 1330 ού
271 1277 403 1331 πολὺ
428 1276 526 1348 τῆς
549 1274 747 1345 θνητῆς
776 1273 868 1326 καὶ
885 1271 1246 1345 ὀλιγοχρονίου
1273 1270 1418 1342 ζωῆς
1443 1270 1745 1342 στερηθεὶς,

181 1367 274 1421 καὶ
302 1366 380 1438 τῷ
407 1365 621 1437 θανάτῳ
664 1365 722 1418 ὃν
755 1363 970 1433 φεύγων
995 1363 1086 1418 τὸν
1113 1363 1246 1417 Θεὸν
1276 1363 1491 1435 ἠρνεῖτο
1513 1360 1750 1432 ύποὸλη-

180 1459 314 1523 θεὶς,
346 1461 413 1529 τῇ
447 1458 582 1529 μετὰ
611 1456 700 1511 τὸν
723 1454 949 1510 θάνατον
980 1453 1173 1525 αίωνίᾳ
1197 1452 1415 1507 κολάσει
1440 1450 1750 1523 παραδοθή-

182 1567 350 1614 σεται,
374 1549 641 1611 ἀπολέσας
673 1546 887 1615 ἀληθῶς
915 1543 1013 1616 τὴν
1036 1543 1229 1599 ἑαυτοῦ
1259 1542 1457 1614 ψυχὴν,
1484 1540 1552 1613 ἦν
1580 1541 1747 1614 εὑρη-

179 1642 332 1697 κέναι
372 1640 658 1711 ύπειλήφει
677 1654 690 1667 ·
747 1638 823 1701 ώς
862 1636 1129 1691 ἀνάπαλιν
1170 1635 1201 1688 ό
1232 1634 1321 1687 διὰ
1353 1632 1452 1703 τὴν
1489 1631 1568 1694 είς
1611 1631 1747 1685 Θεὸν

181 1733 373 1787 ἐλπίδα
401 1730 588 1786 ἑαυτὸν
614 1729 902 1799 ἀπογνοὺς,
927 1728 1021 1781 καὶ
1047 1726 1144 1798 τὴν
1168 1723 1362 1780 ἑαυτοῦ
1401 1722 1542 1793 ζωὴν
1570 1722 1746 1793 ἀπαρ-

1857 543 1959 599 sibi
1988 543 2257 598 invenisse
2279 542 2585 609 videbatur,
2618 545 2904 614 perditioni
2937 545 3244 604 tradidisse.
3269 546 3419 615 Quo-

1855 632 1938 687 vis
1972 631 2119 686 enim
2157 645 2374 687 summo
2415 631 2589 687 exitio
2636 632 2880 690 deterius
2923 643 3010 691 est
3045 633 3143 692 Dei
3185 639 3416 706 gratiani

1853 722 2108 778 amittere
2131 732 2189 777 et
2214 738 2244 778 a
2283 723 2421 780 Filio
2450 723 2547 779 Dei
2582 723 2795 796 negari.
2820 726 2959 794 Quid
2993 742 3125 784 vero
3153 729 3416 800 quispiam

1854 813 2091 883 proiicit,
2119 814 2245 870 dnm
2274 830 2335 871 se
2362 815 2585 886 decipit,
2611 828 2667 873 et
2690 818 2928 874 animam
2974 834 3127 875 suam
3172 821 3418 879 invenire

1854 904 2175 970 arbitratur,
2204 919 2328 960 eum
2359 917 2587 963 mortem
2620 907 2818 974 vitans,
2850 908 3019 966 Deum
3052 913 3250 984 negati
3278 913 3414 970 Nam

1855 1009 1986 1050 cum
2030 994 2106 1051 sit
2145 1004 2354 1051 aretum
2384 1005 2446 1051 et·
2471 1000 2768 1066 temporale
2811 1000 2914 1054 lioe
2961 1009 3158 1068 aevutn.
3183 1013 3416 1074 quanto·

1856 1086 1975 1141 eius
2017 1084 2235 1141 mortali
2287 1086 2550 1157 brevique
2593 1089 2705 1144 vita
2741 1091 2985 1155 orbatus,
3036 1103 3243 1150 eterno
3295 1107 3419 1165 post

1856 1186 2084 1231 mortem
2121 1176 2386 1247 supplicio
2424 1179 2692 1248 tradetur,
2733 1182 2944 1252 perdita
2979 1184 3257 1239 enimvero
3292 1199 3420 1255 pro-

1855 1267 1975 1338 pria
2035 1268 2238 1335 anima,
2267 1285 2431 1340 quam
2499 1284 2558 1326 se
2627 1271 2901 1328 invenisse
2943 1273 3193 1344 putabat.
3248 1274 3418 1331 Sicuti

1855 1372 2012 1414 versa
2037 1360 2157 1415 vice
2182 1361 2272 1431 qui
2304 1362 2375 1417 ob
2405 1376 2555 1432 spem
2600 1363 2657 1419 in
2713 1364 2883 1421 Deum
2931 1367 3276 1438 semetipsum
3326 1384 3423 1423 ne·

1853 1446 2025 1518 gligit,
2058 1463 2322 1520 suamque
2351 1451 2519 1506 vitam
2549 1451 2805 1524 abnegat,
2839 1462 2895 1509 et
2916 1463 3177 1524 quantum
3228 1458 3422 1513 attii-et

1854 1538 1922 1594 ad
1975 1552 2132 1593 suum
2181 1539 2540 1608 propositum,
2600 1541 2838 1598 animam
2893 1544 3174 1614 proprian
3207 1547 3414 1618 perdit,

1852 1638 2047 1684 cuncta
2079 1628 2194 1684 iiaec
2221 1629 2478 1688 alacriter
2508 1642 2733 1703 propter
2757 1631 2921 1690 iidem
2957 1646 3089 1704 erga
3133 1633 3302 1692 Deum
3337 1648 3422 1692 to·

1853 1718 2073 1786 lerans;
2106 1721 2194 1776 liic
2222 1721 2439 1791 inquam
2467 1732 2659 1780 erecta
2708 1723 2906 1779 fiducia
2944 1723 3038 1790 sit,
3087 1727 3245 1795 quasi
3281 1727 3419 1784 nihil

179 1825 382 1897 νηθεὶς,
417 1826 539 1878 ὅσον
575 1839 635 1876 τε
676 1820 770 1875 ἐπὶ
796 1823 862 1892 τῇ
892 1818 1085 1873 ἑαυτοῦ
1119 1816 1375 1889 προθέσει
1416 1812 1515 1883 τὴν
1553 1812 1747 1867 ἑαυτοῦ
1779 1811 1819 1866 Β
1849 1809 2169 1879 perdiderit.
2187 1812 2307 1867 Non
2324 1814 2466 1868 enim
2482 1814 3148 1885 ipseamisinsedinvenit
3179 1819 3420 1876 animuin

178 1917 353 1988 ψυχὴν
385 1912 761 1977 ἀπολωλεκὼς,
798 1912 974 1966 πάντα
1014 1926 1074 1962 τε
1109 1908 1280 1962 ταῦτα
1310 1903 1593 1976 εὐθαρσῶς
1622 1904 1750 1957 §vro-

182 2007 371 2077 μείνας
407 2004 494 2058 διά
527 2003 624 2074 τὴν
664 2004 743 2065 είς
786 2000 876 2053 τὸν
920 1997 1052 2052 Θεὸν
1097 1998 1304 2060 πίστιν,
1358 1992 1631 2065 θαρρείτω
1673 1989 1750 2055 ὡς

184 2096 408 2167 μηδενὸς
427 2092 765 2155 ἀπολωλότος
790 2091 940 2162 αὐτῷ
962 2106 976 2120 ·
1011 2090 1073 2143 ού
1101 2088 1210 2161 γὰρ
1235 2085 1510 2141 ἀπόλωλεν
1530 2084 1559 2136 ό
1576 2079 1751 2136 τοιοῦ-

178 2205 289 2250 τος,
321 2186 434 2239 ἀλλ’
461 2177 586 2257 εὗρε
619 2184 720 2254 τὴν
747 2182 938 2238 ἑαυτοῦ
964 2183 1162 2252 ψυχὴν.
1189 2180 1252 2233 Εἰ
1274 2176 1405 2247 γοῦν
1428 2176 1504 2239 ὡς
1531 2176 1590 2228 ἐν
1619 2174 1754 2226 ὑπο-

181 2279 323 2331 θέσει
354 2278 508 2345 λόγου
545 2275 710 2347 θνητὴ
738 2272 875 2329 οὖσα
900 2273 1183 2344 ἐτύγχανε,
1212 2270 1308 2324 καὶ
1332 2269 1418 2322 οἵα
1446 2284 1505 2320 τε
1537 2263 1753 2336 ἀληθῶς

182 2370 261 2430 εἰς
290 2368 352 2420 τὸ
379 2367 452 2438 μὴ
478 2366 535 2419 ὃν
561 2367 777 2437 χωρεῖν,
803 2364 897 2418 καὶ
923 2362 973 2416 εί
1002 2360 1286 2415 ἀπώλλυτο
1311 2357 1416 2412 ὑπὸ
1441 2352 1751 2425 ἀνθρώπων

183 2458 565 2527 ἀναιρουμένη,
595 2458 743 2526 ὅμως
773 2457 872 2510 οὐκ
904 2455 983 2518 είς
1011 2453 1330 2508 ἀνέλπιστον
1356 2447 1462 2521 χρὴ
1492 2446 1582 2499 τὸν
1613 2443 1752 2513 ὑπὲρ

184 2547 461 2609 εὐσεδείας
506 2546 692 2616 ἀγῶνα
744 2545 1145 2616 διακαρτερεῖν·
1181 2540 1369 2610 ἐπειδὴ
1405 2536 1484 2608 τῷ
1509 2533 1628 2605 Θεῷ
1656 2533 1751 2588 καὶ

183 2639 251 2692 τά
287 2640 598 2693 ἀπολωλότα
622 2639 715 2691 καὶ
750 2637 821 2690 τά
880 2633 1103 2708 μηδαμῆ
1140 2630 1404 2704 μηδαμῶς
1445 2630 1576 2683 ὄντα
1607 2643 1751 2698 παρ-

1853 1915 2027 1956 snam.
2051 1900 2109 1957 Si
2139 1916 2270 1973 ergo
2292 1917 2390 1973 per
2415 1903 2757 1975 hypothesim
2775 1907 3023 1967 mortalis
3047 1922 3196 1970 esset
3213 1912 3419 1975 anima.

1855 2006 1918 2047 ac
1951 2008 2078 2048 vere
2100 1993 2152 2047 in
2174 1993 2405 2049 nihilum
2439 2007 2623 2064 posset
2658 1997 2900 2066 dissolvi,
2940 2011 2996 2055 et
3025 2003 3071 2059 si
3085 2005 3309 2074 periret
3351 2004 3422 2058 ab

1857 2083 2166 2139 bominibus
2189 2085 2451 2149 extincta,
2480 2085 2833 2143 nihilominus
2861 2089 3004 2147 haud
3025 2095 3256 2164 sinespe
3280 2094 3421 2150 foret

1855 2186 1954 2241 pro
1980 2170 2239 2242 religione
2264 2170 2710 2241 depugnandum3
2737 2175 2862 2244 quia
2902 2176 3014 2234 Deo
3029 2185 3088 2234 et
3115 2178 3328 2248 perdita
3365 2188 3423 2236 et

1859 2276 2125 2331 nusquam
2159 2261 2457 2325 exstantia,
2490 2261 2556 2317 ad
2602 2263 2980 2320 exsistentium
3027 2275 3193 2338 atque
3218 2267 3287 2324 ad
3335 2269 3420 2324 vi-

1853 2358 1964 2405 tam
1992 2351 2286 2420 perducere
2316 2360 2518 2407 nonest
2535 2354 2789 2410 arduum.
2807 2354 3148 2429 Quapropter
3169 2371 3235 2416 en
3255 2360 3418 2416 etiam

1853 2456 1975 2511 quae
2000 2444 2265 2498 exsistere
2287 2458 2393 2500 non
2423 2445 2738 2511 creduntur,
2761 2449 2855 2502 sed
2883 2447 3006 2520 ejus
3031 2464 3196 2508 cansa
3217 2466 3286 2510 ex
3315 2451 3420 2510 lto-

1858 2534 2095 2590 mimbus
2117 2544 2491 2600 excesserunt,
2518 2550 2621 2593 non
2649 2537 2757 2593 erit
2786 2539 2835 2594 ei
2858 2538 3192 2612 impossibiie
3232 2557 3420 2602 rursus

1858 2624 2188 2690 instaurare,
2233 2636 2290 2682 et
2331 2628 2555 2697 perditae
2588 2627 2783 2686 animae
2821 2630 3193 2690 inventionem
3219 2634 3294 2703 ei,
3327 2639 3420 2708 qui

183 2730 335 2798 άγειν
364 2730 422 2794 ἐξ
445 2731 544 2783 οὐκ
564 2730 731 2783 όντων
760 2729 855 2781 καὶ
871 2727 1154 2792 ζωοποιεῖν
1173 2724 1415 2779 δυνατόν.
1432 2722 1523 2776 Διὸ
1548 2720 1755 2776 καὶτὸν
1861 2716 2033 2785 ipsius
2064 2731 2224 2772 causa
2254 2719 2545 2782 amisisset.
2571 2722 2890 2778 concedere.

178 2823 496 2894 νομισθέντα
520 2821 714 2894 μηκέτι
735 2818 895 2885 εἶναι,
924 2819 1061 2874 ἀλλά
1079 2819 1148 2872 δι’
1174 2817 1337 2872 αὐτὸν
1359 2816 1418 2882 ἐξ
1445 2812 1744 2885 ἀνθρώπων
1780 2809 2114 2872 ἀπολωλότα,
2172 2811 2272 2864 οὐκ
2328 2810 2396 2866 ἂν
2418 2812 2569 2882 αὐτῷ
2587 2813 2794 2882 γένοιτο
2816 2813 3076 2871 ἀδύνατον
3101 2812 3258 2884 αὖθις
3281 2818 3418 2876 ὑπω-

183 2918 498 2989 στήσασθαι,
544 2918 638 2971 καὶ
669 2917 768 2988 τὴν
801 2914 1014 2987 εὕρεσιν
1062 2914 1163 2984 τῆς
1201 2910 1540 2973 ἀπολωλυίας
1571 2907 1745 2980 ψυχῆς
1777 2905 1858 2976 τῷ
1882 2905 1948 2957 δι’
1977 2904 2139 2960 αὐτὸν
2169 2904 2337 2960 αὐτὴν
2367 2905 2734 2961 ἅπῦλωλεδῶτῑ
2769 2911 3092 2980 παρασχεῖν.

853 3007 932 3060 ΙΖ’
967 3006 1065 3077 (6).

248 3102 433 3165 Οὐδεὶς
466 3100 646 3172 μέντοι
678 3098 893 3152 πώποτε
923 3094 1216 3168 προφητῶν
1247 3094 1307 3146 τὸ
1341 3094 1601 3164 κήρυγμα
1647 3092 1746 3162 τῆς

178 3193 287 3246 τῶν
318 3187 561 3263 ούρανῶν
595 3189 869 3261 βασιλείας
905 3186 1125 3257 γυμνῶς
1155 3186 1235 3248 είς
1278 3182 1486 3246 πάντας
1515 3182 1746 3251 εὐηγγέ-

181 3284 355 3337 λιστο·
401 3282 513 3336 ἀλλ’
559 3282 756 3352 ᾔδεσαν
804 3279 903 3349 μὲν
940 3277 1069 3331 αὐτὸ
1114 3274 1388 3346 προφῆται
1428 3274 1650 3338 πάντες,
1680 3274 1747 3332 οὐ,

187 3373 293 3443 μὴν
329 3374 424 3426 καὶ
451 3370 529 3442 τῷ
578 3369 845 3425 Ἰουδαίων
882 3365 999 3439 λαῷ
1040 3363 1416 3437 παρεδίδοσαν,
1448 3363 1537 3419 διὰ
1564 3362 1627 3418 τὸ
1651 3381 1747 3436 νη-

184 3462 397 3527 πιάζειν
421 3462 518 3526 τάς
544 3462 763 3533 φρένας,
796 3459 892 3516 καὶ
928 3456 1232 3524 ἐξασθενεῖν
1264 3456 1401 3529 πρὸς
1428 3456 1493 3511 τὸ
1522 3456 1746 3529 μέγεθος

183 3554 276 3607 τοῦ
303 3552 648 3625 κηρύγματος
666 3567 680 3582 ·
712 3551 928 3625 πρώτου
964 3550 1023 3604 δὲ
1062 3547 1307 3603 Ἰωάννου
1330 3547 1616 3620 τηλαυγῶς
1639 3564 1743 3620 κη-

189 3646 444 3718 ρύξαντος
472 3644 755 3714 ὴγγικέναι
777 3642 872 3715 τὴν
893 3640 1002 3696 τῶν
1027 3639 1271 3713 οὐρανῶν
1296 3638 1589 3711 βασιλείαν,
1610 3637 1745 3709 &qs-

180 3738 271 3791 σίν
295 3754 353 3789 τε
386 3734 666 3807 ἀμαρτιιῖιν
700 3732 788 3787 διά
827 3731 1052 3804 λουτροῦ
1084 3729 1501 3801 παλιγγενεσίας
1534 3745 1745 3798 καταγ-

183 3828 460 3898 γείλαντος
483 3823 806 3897 ἀνθρώποις,
836 3824 888 3878 οί
917 3821 995 3895 τῷ
1021 3822 1341 3894 κηρύγματι
1366 3820 1591 3884 ἑαυτοὺς
1625 3820 1746 3874 ἐπι-

182 3917 360 3981 δόντες
404 3916 803 3988 περιάρπαστον
848 3914 1019 3985 αὐτὴν
1064 3912 1379 3984 ἐσχήκασιν,
1421 3910 1481 3977 ἐξ
1523 3909 1744 3964 ἐκείνων

182 4009 291 4061 τῶν
328 4005 549 4079 ἡμερῶν
585 4005 899 4079 ἀρξάμενοι,
940 4002 1001 4070 ἐξ
1032 3996 1110 4058 ὧν
1146 4005 1177 4058 ό
1219 4004 1467 4074 Ἰωάννης
1495 4001 1587 4056 τὸν
1616 4001 1745 4074 περὶΙ

183 4100 350 4170 αὐτῆς
390 4097 712 4169 κατήγγειλε
748 4096 926 4165 λόγον.
960 4096 1041 4152 Τὰ
1075 4096 1172 4167 μὲν
1207 4094 1317 4168 γάρ
1357 4093 1632 4158 Μωῦσέως
1658 4093 1745 4148 νό-

187 4206 326 4261 μιμα
348 4189 443 4242 καὶ
467 4189 565 4259 τὴν
605 4186 895 4257 Ἰουδαῖκὴν
915 4186 1166 4259 λατρείαν
1189 4185 1377 4257 καιρόν
1395 4202 1557 4256 φησιν
1581 4186 1744 4256 ἐσχη-

186 4280 334 4333 κέναι
380 4280 608 4332 οἰκεῖον·
641 4276 826 4331 τοῦτον
868 4277 925 4331 δὲ
966 4275 1398 4350 περιγράφεσθαι
1439 4276 1599 4350 μέχρι
1644 4275 1744 4347 τῆς

1921 3086 2093 3144 Nemo
2143 3101 2384 3159 unquam
2423 3102 2494 3146 ex
2547 3089 2831 3162 prophetis
2870 3093 3202 3163 pmeoninm
3261 3100 3413 3170 regni

1853 3179 2118 3237 coetorum
2145 3188 2336 3251 aperte
2383 3193 2565 3237 eoram
2612 3182 2810 3252 populo
2839 3181 3130 3242 secitzsed
3166 3185 3414 3246 sciebant

1851 3270 2071 3342 quidem
2114 3270 2170 3327 id
2212 3270 2492 3343 propheta:
2519 3287 2733 3339 omnes.
2768 3288 2947 3345 neque
2977 3284 3158 3334 tamen
3194 3276 3414 3338 ‹ludeo-

1852 3377 1972 3419 rum
1995 3361 2193 3433 populo
2217 3363 2543 3432 prodebant,
2564 3373 2787 3436 propter
2829 3366 3030 3423 mentis
3056 3366 3276 3428 illorum
3321 3374 3412 3429 in·

1853 3454 2096 3522 fantiam.
2123 3463 2180 3511 et
2207 3453 2535 3512 sustinenda
2568 3455 2825 3526 praeconii
2851 3460 3234 3530 magnitudinis
3260 3463 3414 3520 intir-

1852 3545 2117 3602 mitatem.
2144 3543 2280 3601 Cum
2327 3552 2511 3601 autem
2540 3546 2751 3616 primus
2768 3545 3009 3606 «ioannes
3031 3550 3182 3608 elare
3212 3557 3409 3625 pradi-

1848 3636 1997 3693 eavit
2021 3636 2455 3709 appropinquare
2497 3652 2722 3710 regnum
2767 3640 3056 3710 coelorum,
3077 3653 3138 3700 et
3165 3658 3411 3715 peceato·

1848 3744 1972 3786 rum
2027 3730 2408 3786 remissionem
2472 3744 2569 3800 per
2633 3732 3061 3803 regenerationis
3129 3733 3404 3794 lavacrum

1848 3820 2160 3880 hominibus
2185 3821 2475 3887 nuntiavit,
2505 3822 2544 3880 ii
2585 3823 2680 3893 qni
2720 3823 3094 3893 praedicationi
3121 3840 3407 3886 assensum

1846 3928 2008 3971 suum
2041 3914 2407 3985 praebuerunt,
2440 3929 2668 3986 regnum
2710 3916 2844 3973 illud
2885 3932 2986 3974 eeu
3013 3933 3079 3976 ex
3117 3929 3278 3992 rapto
3299 3922 3408 3980 sibi

1846 4007 2173 4074 habuerunt,
2202 4022 2273 4064 ex
2302 4019 2370 4062 eo
2405 4014 2649 4077 tempore
2673 4008 3013 4078 incipientes,
3041 4026 3152 4084 quo
3169 4010 3408 4072 'munes

1846 4101 1918 4158 tle
1955 4101 2077 4172 ipso
2110 4114 2418 4157 sermonem
2461 4099 2666 4156 intulit.
2708 4100 2845 4157 Nam
2889 4101 3090 4175 Hoysis
3129 4102 3326 4176 legans
3348 4115 3408 4164 et

1845 4188 2132 4249 Judaienm
2180 4191 2386 4248 cultum
2430 4191 2710 4263 proprium
2757 4201 2965 4264 tempus
3003 4195 3254 4253 habuisse
3287 4197 3403 4265 εἰη

1847 4284 1990 4355 quoti
2015 4281 2243 4340 «ioannis
2287 4282 2577 4354 prasentia
2617 4282 2801 4339 ttnitnr
2828 4299 2845 4350 ;
2869 4285 3165 4354 prophetas
3188 4302 3406 4358 quoqne

200 4367 440 4422 Ἰωάννου
472 4366 798 4438 παρουσίας·
830 4365 926 4420 καὶ
953 4366 1081 4431 τοὺς
1123 4367 1405 4438 προφήτας
1447 4366 1505 4421 δὲ
1549 4366 1741 4438 μέχρις
1769 4362 1814 4416 D
1844 4386 2015 4443 usque
2046 4373 2114 4428 ad
2139 4369 2408 4429 ioannem
2435 4371 2638 4430 iudaeis
2658 4382 2910 4430 auctores
2929 4372 3096 4431 inisse
3119 4386 3175 4432 ut
3204 4376 3403 4450 Hoysis

197 4460 439 4512 Ἰωάννου
501 4454 771 4521 Ἰουδαίοις
829 4455 1155 4526 πεποιῆσθαι
1209 4454 1310 4520 τάς
1366 4458 1738 4528 παραγγελίας

185 4550 320 4619 πρὸς
348 4549 409 4602 τὸ
439 4548 723 4618 φυλάττειν
753 4547 823 4601 τά
852 4547 1126 4611 Μωῦσέως
1165 4547 1371 4619 νόμιμα
1389 4564 1404 4579 ·
1437 4547 1650 4619 πρῶτον
1679 4550 1738 4605 δὲ

195 4643 444 4713 Ἰωάννην
479 4641 716 4714 ἀρχηγὸν
751 4639 1033 4709 γεγονέναι.
1069 4640 1166 4711 τῆς
1194 4639 1400 4711 Καινῆς
1443 4638 1736 4712 Διαθηκης,

184 4734 280 4788 ἀτε
321 4733 618 4803 πρόδρομον
663 4730 827 4785 αὐτοῦ
874 4730 1177 4801 γενόμενον.
1212 4729 1385 4783 Αὐτοῦ
1420 4747 1481 4783 τε
1521 4729 1735 4801 πρώτου

181 4824 277 4879 καὶ
304 4823 363 4888 ἐξ
390 4822 550 4876 αὐτοῦ
587 4822 684 4894 τὴν
715 4821 986 4892 βασιλείαν
1012 4819 1119 4873 τῶν
1146 4819 1386 4891 οὐρανῶν
1413 4820 1615 4875 ἅπασιν
1642 4822 1739 4876 ἀν-

183 4914 418 4986 θρώποις
436 4913 911 4986 εύηγγελισμένου,
930 4913 1055 4974 τοὺς
1071 4911 1252 4979 ἀξίους
1275 4912 1444 4985 αὐτῆς
1469 4914 1548 4977 είς
1568 4912 1737 4987 αὐτὴν

185 5003 460 5075 βιάζεσθαι
508 5004 790 5075 νοήσομεν,
827 5004 1232 5074 ἐπιστήσαντες,
1263 5002 1339 5067 ὡς
1376 5006 1547 5075 μέγας
1587 5006 1736 5076 ἀγὼν

179 5091 436 5168 τυγχάνει
467 5099 576 5159 τοῖς
607 5096 700 5149 ἐπὶ
734 5095 837 5166 γῆς
856 5094 1161 5167 ἀνθρώποις
1181 5095 1317 5168 πρὸς
1352 5096 1450 5169 τὴν
1478 5099 1539 5152 ἐν
1569 5100 1735 5169 ούρα-

178 5184 289 5254 vot<
315 5190 516 5245 άνοδον.
545 5189 618 5242 Τὸ
640 5187 747 5260 γάρ
771 5186 1087 5260 ἀνθρώπους
1111 5188 1271 5252 ὄντας
1296 5188 1390 5243 καὶ
1412 5189 1588 5261 σάρκα
1610 5190 1737 5263 θνη-

176 5283 275 5355 τὴν
310 5281 820 5354 περιόεὸλημένους,
867 5279 975 5333 τῶν
1015 5278 1255 5350 φυσικῶν
1293 5280 1523 5353 ὀρέξεων
1554 5284 1735 5355 κρείτ-

178 5393 302 5440 τους
332 5375 595 5444 γίνεσθαι.
623 5374 814 5445 ἡδονῆς
841 5389 899 5426 τε
926 5375 1147 5445 κρατεῖν
1177 5373 1269 5426 καὶ
1301 5372 1481 5442 πάσης
1507 5375 1735 5445 αἰσχρᾶς

179 5465 495 5538 ἐπιθυμίας,
535 5467 627 5520 καὶ
677 5464 739 5519 τὸ
781 5462 1027 5520 ἐντεῦθεν
1056 5461 1160 5535 ῆδη
1204 5462 1598 5533 ἀπομιμεῖσθαι
1639 5463 1732 5518 τὸν

250 5647 493 5718 (omnic
524 5665 737 5721 quoque
784 5649 1084 5718 fragmento
1119 5647 1173 5701 in
1219 5643 1404 5699 codiee
1426 5643 1490 5699 Α.
1522 5643 1558 5698 i'.
1599 5642 1726 5704 218.

177 5720 592 5789 superscribitur
641 5719 827 5778 titulus
875 5718 1168 5774 Εὐσεὸἰυυ
1219 5713 1437 5782 ‚samso
1480 5714 1731 5783 τετάρτῳ

1843 4462 2033 4531 tegatis
2081 4471 2386 4520 servarent.
2437 4462 2545 4521 Sed
2591 4464 2826 4534 primum
2870 4463 3134 4521 ioannem
3186 4466 3400 4525 initium

1843 4556 1980 4612 Novi
2027 4554 2362 4613 Testamenti
2407 4554 2624 4623 secisse,
2652 4566 2840 4627 utpote
2884 4557 3056 4626 ipsius
3104 4573 3401 4629 proeeurso-

1842 4658 1984 4701 rem.
2024 4643 2142 4714 lpso
2177 4653 2356 4699 antem
2396 4645 2594 4714 primo,
2633 4654 2794 4700 aetate
2833 4644 2944 4713 illa,
2980 4661 3202 4715 regnum
3233 4648 3401 4705 (κείο-

1844 4751 1963 4791 rum
2012 4736 2219 4792 eunetis
2266 4736 2572 4792 hominibus
2625 4736 2931 4800 nuntiante,
2960 4738 3151 4808 dignos
3179 4738 3271 4794 illo
3301 4740 3402 4795 ho·

1841 4813 2017 4885 mines
2048 4827 2101 4884 in
2129 4828 2303 4899 ipsum
2344 4830 2396 4883 vi
2431 4829 2736 4898 irrumpere
2783 4828 3114 4897 putabimus,
3145 4831 3190 4886 si
3218 4833 3397 4887 eonsi-

1835 4922 2087 4979 deremus
2115 4935 2277 4991 quam
2316 4921 2500 4992 gravis
2529 4922 2601 4978 sit
2644 4931 2871 4977 conatus
2908 4920 3395 4980 hominibnsterrae

1836 5010 2034 5068 incolis
2066 5012 2168 5067 iter
2211 5011 2279 5068 ad
2318 5011 2517 5067 coelum
2567 5011 2808 5068 tendere.
2858 5010 3102 5082 Namque
3147 5014 3393 5070 homines

1836 5112 2017 5168 natos,
2045 5113 2102 5158 et
2155 5102 2372 5159 mortali
2418 5117 2586 5159 earne
2630 5103 3018 5171 circumdatos,
3054 5105 3392 5161 naturalibus

1838 5193 2162 5265 appetitibus
2189 5193 2304 5249 lieri
2326 5194 2655 5262 superiores,
2695 5203 2749 5248 et
2786 5193 3113 5263 voluptatem
3149 5209 3392 5250 omnem·

1839 5299 1944 5355 que
1970 5294 2181 5356 turpem
2215 5287 2560 5355 cupiditatem
2604 5285 2880 5350 cohibere,
2909 5287 3187 5356 vita-qne
3223 5300 3391 5357 ango-

1838 5373 1999 5429 licam
2052 5376 2191 5431 velie
2245 5377 2297 5432 in
2367 5377 2528 5432 terris
2579 5376 2818 5442 imitari:
2881 5380 2955 5432 ita
3014 5386 3075 5432 ut
3125 5391 3275 5444 aeqne
3323 5394 3389 5432 ae

1836 5461 2038 5522 Paulus
2060 5466 2242 5523 dicere
2266 5469 2472 5538 possint
2499 5482 2514 5518 ι
2547 5464 2747 5521 Nostra
2777 5478 2953 5522 autem
2985 5466 3305 5521 conversatio
3333 5467 3386 5519 in

1834 5644 2215 5770 Ιθεοςεωτίας,
2251 5657 2372 5702 cum
2406 5642 2557 5715 siglis
2604 5655 2764 5713 supra
2811 5643 3100 5698 secundum
3153 5644 3384 5698 vocabu-

1857 5733 1964 5772 utu.

2337 5949 2356 5981 Ι
