3692 6134
121 316 220 368 'tat

1258 313 1545 372 CONTRA
1575 315 2009 376 MARCELLUM
2045 319 2175 377 LIB.
2215 323 2257 382 l.

3262 333 3362 387 ‘222

120 429 239 503 Θεῷ
272 423 411 482 εἶναι
437 425 898 498 φανταζομένους.
929 428 1173 500 Πνεῦμα
1203 430 1312 502 γὰρ
1349 433 1384 486 ὀ
1418 431 1561 499 Θεὸς
1598 433 1697 487 καὶ
1726 437 1775 495 A
1802 449 1967 489 unum
1993 439 2370 507 eumdemque,
2398 439 2444 493 is
2473 439 2711 509 profecto
2742 439 3037 499 sabellium
3067 450 3236 500 totum
3261 446 3361 502 sibi

119 523 261 590 τοὺς
298 520 795 590 προσκυνοῦντας
832 517 991 587 αὐτῷ
1018 521 1088 575 ὲν
1113 524 1405 593 πνεύματι
1427 526 1525 578 καὶ
1550 526 1696 593 άλη-

118 614 249 683 θείᾳ
293 611 391 668 δεῖ
427 612 818 681 προσκυνεῖν,
860 610 1023 677 αὐτὸς
1060 612 1345 679 ἐδίδαξενό
1368 616 1582 687 Σωτήρ.
1630 617 1694 671 Et

114 706 175 761 δὲ
213 704 449 774 πνεῦμα,
479 701 636 775 δῆλον
663 703 744 757 ὅτι
781 701 943 769 θεῖον,
980 705 1222 776 κρεῖττον
1255 706 1456 769 παντὸς
1505 706 1696 777 αἰσθη-

115 814 213 851 του
239 794 336 851 καὶ
367 793 618 849 συνθέτου
648 793 916 867 σώματος·
952 794 1029 859 ὡς
1064 798 1201 868 μήτε
1221 798 1417 868 Λόγον
1440 798 1694 870 αἰσθητὸν

118 890 265 962 ἔχειν
294 884 658 959 ὑπὸγλώττης
686 884 800 957 (42)
827 885 1206 959 ὲξηχούμενον,
1242 888 1337 942 καὶ
1378 888 1465 942 διὰ
1492 906 1696 961 προφο-

122 983 224 1055 ρᾶς
245 980 460 1052 θνητοῖς
492 978 626 1033 ὠσὶν
652 978 1061 1050 ὲξακουόμενον,
1097 981 1234 1051 μήτε
1265 978 1530 1048 γλῶτταν,
1557 982 1693 1052 μήτε

121 1072 325 1145 φωνὴν,
354 1071 492 1143 μήτε
506 1069 831 1149 πρόσωπον,
861 1071 998 1141 μήτε
1013 1069 1142 1124 ἄλλο
1164 1069 1343 1142 θνητῷ
1364 1072 1459 1125 καὶ
1482 1070 1693 1143 ἅνθρω-

119 1164 261 1237 πίνῳ
290 1162 536 1235 λογισμῷ
580 1162 1080 1235 παραὸαλλόμενον.
1126 1164 1190 1218 Et
1243 1163 1352 1235 γάρ
1387 1181 1440 1218 τι
1477 1164 1626 1229 ἄλλο,
1659 1163 1693 1218 δ

117 1254 425 1327 ὀφθαλμὸς
455 1257 567 1310 οὐκ
585 1250 768 1318 εἶδεν,
801 1253 944 1309 οὐδὲ
969 1250 1081 1322 οὖς
1101 1254 1391 1324 ἤκουσεν,
1416 1255 1560 1311 οὐδὲ
1593 1256 1694 1311 ἐπὶ

116 1347 234 1417 τὴν
285 1345 397 1419 (45)
431 1346 685 1416 καρδίαν
715 1345 1028 1415 ἀνθρώπου
1079 1349 1191 1402 οὐκ
1229 1347 1434 1417 arsen·
1467 1347 1692 1421 (τοιαῦτ’

114 1433 275 1503 εἶναι,
291 1439 331 1494 d
353 1438 680 1510 ἡτοίμασεν
710 1440 745 1493 ὀ
771 1438 915 1504 Θεὸς
945 1438 1260 1510 ἀγαπῶσιν
1279 1439 1487 1507 αὑτὸν,
1508 1441 1695 1507 ὁθεῖος

116 1529 353 1599 ἐδίδαξεν
393 1531 757 1606 Ἀπόστολος·)
789 1532 994 1588 τούτων
1019 1535 1275 1589 ἁπάντων
1303 1532 1484 1598 αὑτὸς,
1513 1534 1542 1586 ὁ
1571 1532 1696 1588 τού-

113 1639 225 1677 των
252 1621 415 1695 δοτὴρ
437 1624 690 1695 ἀρρήτων
719 1623 785 1679 ἂν
808 1624 896 1696 εἴη
919 1625 1303 1700 άῤῥητότερος·
1329 1625 1390 1690 ὃς
1425 1624 1539 1697 (44)
1574 1624 1696 1679 πολ-

115 1713 195 1788 λῷ
234 1714 431 1786 μᾶλλον
482 1714 843 1789 ἀληθέστερον
889 1717 1023 1790 φαίη
1067 1716 1134 1772 ἂν
1181 1720 1238 1772 ὲν
1265 1720 1332 1790 τῇ
1364 1717 1493 1790 περ)ι
1525 1717 1691 1773 αὐτοῦ

1797 510 2009 581 ἰηᾱιιίι’;
2042 529 2110 580 ab
2144 526 2231 581 illa
2272 527 2443 599 gratia
2476 536 2531 583 et
2563 531 2870 600 cognitione
2904 531 3115 588 alienus
3141 534 3361 602 excidit,

1794 629 1916 686 quae
1942 630 2041 687 per
2071 615 2345 673 Christum
2387 629 2487 674 cst.
2521 618 2836 691 Disquirere
2877 637 2983 678 non
3022 623 3229 693 patitur
3256 623 3361 680 Ee-
3395 689 3401 698 Ι

1795 703 1974 762 clesiae
1991 705 2099 772 lex,
2124 707 2318 762 nedum
2340 707 2690 766 subdubitare
2721 726 2839 778 nos,
2860 721 2954 767 aut
2988 727 3184 769 vocare
3205 712 3359 769 inter·

1796 793 2038 866 rogando
2064 796 2117 851 in
2147 798 2518 868 quaestionem,
2564 810 2742 857 utrum
2788 802 2880 859 Dei
2911 802 3079 860 Filius
3121 804 3360 876 unigeni-

1797 895 1906 951 tus,
1939 895 2051 941 erae
2070 926 2087 953 ,
2113 896 2171 943 et
2198 899 2326 947 ante
2356 893 2537 948 omnia
2553 894 2962 964 proeeoesistehat.
2990 895 3159 952 Docet
3182 906 3359 952 autem

1796 976 1905 1033 nde
1931 977 2242 1046 ratihabita,
2284 989 2341 1038 et
2385 998 2509 1038 cum
2535 999 2743 1039 summa
2785 985 3109 1043 confidentia
3138 987 3358 1058 prolite-

1797 1074 1907 1134 tur,
1966 1067 2132 1124 Deum
2188 1071 2271 1128 sui
2319 1070 2438 1127 Filii
2483 1074 2742 1146 unigeniti
2790 1091 2913 1131 esse
2958 1077 3206 1147 Patrem,
3254 1094 3360 1136 non

1794 1167 1980 1217 autem
2012 1160 2228 1217 Patrem
2255 1178 2376 1219 esse
2403 1161 2621 1232 Filium,
2653 1165 2734 1221 vel
2767 1166 2956 1222 Filium
2982 1183 3106 1227 esse
3126 1170 3361 1228 Patrem.

1794 1252 1949 1310 llunc
2007 1267 2127 1311 esse
2186 1255 2522 1326 ingenitum,
2568 1264 2867 1324 aeternutn,
2909 1258 3028 1316 sine
3076 1262 3365 1333 principio,

1793 1346 2026 1419 primum
2087 1356 2145 1404 et
2192 1347 2405 1414 solunt,
2461 1346 2676 1403 Patrem
2726 1347 3084 1406 adorandum.
3143 1350 3298 1408 lilum
3334 1369 3369 1408 a

1794 1436 1958 1494 Patre
1990 1453 2090 1495 suo
2118 1440 2385 1510 genitum,
2415 1439 2823 1506 subsistentem,
2852 1439 3028 1498 solum
3053 1441 3282 1512 Filium,
3313 1453 3371 1501 et

1794 1527 2148 1596 unigenitum.
2179 1527 2346 1584 Deum
2374 1528 2519 1584 bunc
2547 1531 2791 1602 agnoscit
2816 1545 3067 1589 veracem
3105 1548 3249 1606 esse,
3279 1545 3370 1594 ut-

1794 1626 1918 1689 pote
1941 1634 2065 1676 cum
2104 1618 2198 1675 Dei
2224 1619 2448 1676 exsistat
2483 1620 2676 1678 Filius.
2721 1620 2823 1677 Cui
2857 1624 2904 1677 si
2943 1624 3064 1694 quis
3093 1626 3371 1684 contradi-

1796 1728 1922 1769 cere
1976 1714 2255 1770 sententiae
2316 1725 2644 1785 praesumat,
2714 1723 2770 1771 et
2839 1715 2932 1771 Dei
2988 1715 3230 1776 Verbum
3290 1716 3369 1775 illi

116 1806 383 1881 θεολογία·
407 1807 716 1879 ὀφθαλμὸν
745 1808 832 1879 μὴ
861 1808 1199 1878 ἑωρακέναι,
1236 1807 1392 1879 μηδὲ
1418 1803 1528 1877 οὖς
1556 1809 1695 1878 ἀκη-
1720 1778 1765 1835 B
1791 1805 1958 1861 verbo
1987 1818 2083 1875 per
2105 1803 2282 1860 omnia
2325 1804 2728 1875 assimilaverit,
2771 1807 2914 1876 quod
2963 1806 3017 1861 in
3063 1807 3372 1866 hominibus

116 1898 339 1965 κοέναι,
359 1899 514 1970 μηδὲ
542 1901 641 1955 ἐπὶ
670 1900 921 1972 καρδίαν
929 1901 1254 1971 ἀνθρώπων
1269 1899 1696 1970 erassem-§raa

114 1990 217 2063 τῆς
243 1992 371 2064 περὶ
404 1992 567 2047 αὐτοῦ
607 1994 962 2066 καταλήψεως
997 1994 1097 2065 τὴν
1125 1995 1349 2064 γνῶσιν.
1388 1992 1447 2048 'O
1466 1993 1512 2048 δ’
1534 1992 1697 2057 αὐτὸς

114 2083 184 2137 ἂν
227 2086 311 2157 εἴη
353 2084 507 2153 λόγος
533 2086 628 2139 καὶ
667 2087 799 2159 περὶ
829 2085 932 2158 τῆς
971 2085 1065 2140 τοῦ
1098 2085 1233 2140 rto&
1262 2085 1693 2159 γενεσιουργίας.

116 2172 336 2230 Τούτων
367 2175 413 2229 δ’
441 2175 604 2241 αὐτὸς
627 2179 656 2230 ὀ
680 2176 872 2249 Σωτὴρ
926 2174 1223 2251 ἀξιόχρεως
1253 2178 1451 2247 γένοιτ’
1472 2177 1539 2233 ἂν
1566 2178 1698 2249 ἡμῖν

118 2263 464 2337 ἱεροφάντης,
503 2260 607 2321 ὧδέ
633 2284 711 2339 πη
760 2267 1005 2338 φάσκων·
1042 2270 1247 2326 Πάντα
1267 2288 1372 2341 μοι
1400 2268 1698 2339 παρεδόθη

117 2356 238 2410 ὑπὸ
260 2357 366 2412 τοῦ
402 2360 629 2430 Πατρός
646 2378 786 2431 μου·
816 2365 909 2419 καὶ
945 2363 1157 2431 Οὐδεὶς
1186 2364 1567 2435 ἐπιγινώσκει
1595 2362 1700 2417 τὸν

127 2447 267 2501 Υίὸν
288 2450 342 2501 εί
354 2448 440 2519 μὴ
493 2453 527 2505 ὀ
559 2453 785 2523 Πατὴρ,
818 2454 962 2509 οὐδὲ
1002 2455 1107 2509 τὸν
1133 2453 1368 2523 Πατέρα
1398 2472 1487 2522 τις
1512 2455 1698 2523 ἐπιγι-

116 2541 405 2599 νώσκειεί
429 2542 515 2613 μὴ
566 2546 600 2598 ὀ
648 2545 798 2611 Υἱός.
835 2546 899 2599 Εἰ
946 2544 1012 2617 δὴ
1059 2539 1154 2600 οὖν
1183 2545 1394 2610 τούτοις
1422 2546 1520 2617 μὲν
1545 2548 1698 2600 άντι-

118 2630 410 2702 φθέγγοιτό
441 2648 547 2696 τις,
583 2632 677 2686 καὶ
726 2631 800 2704 μὴ
832 2631 924 2685 τὸν
952 2631 1106 2696 Υίὸν,
1162 2624 1208 2700 ᾧ
1246 2632 1420 2687 πάντα
1455 2630 1701 2704 παρέδω-

116 2737 215 2777 κεν
239 2723 268 2774 ὀ
299 2721 488 2794 Πατὴρ
518 2721 813 2792 ὑφεστάναι
843 2721 955 2792 (45)
981 2720 1160 2791 λέγειν
1176 2720 1417 2793 τολμῴη,
1445 2723 1618 2792 Λόγον
1642 2724 1700 2779 δὲ

92 2812 282 2886 ..αὐτὸν
318 2813 551 2885 ὁρίζοιτο
591 2813 770 2884 μόνον,
801 2814 984 2885 ὅμοιον
1019 2811 1097 2885 τῷ
1128 2815 1186 2868 ἐν
1212 2811 1540 2885 ἀνθρώποις,
1571 2818 1701 2870 ποτὲ

118 2905 222 2978 μὲν
247 2906 305 2958 ὲν
336 2903 413 2977 τῷ
436 2903 555 2976 Θεῷ
610 2904 972 2977 ἡσυχάζοντα,
1017 2906 1220 2978 ὁμοίως
1268 2905 1347 2977 τῷ
1391 2911 1521 2979 παρ’
1572 2910 1701 2980 ἡμῖν

119 2996 415 3061 σιωπῶντι,
458 2998 586 3050 ποτὲ
616 2997 672 3050 δὲ
701 2996 1047 3070 ἐνεργοῦντα,
1075 2996 1152 3068 τῷ
1181 3000 1311 3069 παρ’
1335 3000 1491 3070 ἡμῖν,
1518 3002 1574 3053 ὲν
1623 3001 1700 3072 τῷ

1796 1898 2104 1969 reperitur:
2136 1898 2181 1953 si
2223 1911 2320 1953 nec
2367 1898 2569 1967 cogitet
2599 1911 2806 1966 secum,
2837 1914 2937 1955 nec
2971 1900 3164 1980 animo·
3198 1899 3373 1972 revol-

1795 1998 1918 2056 vat,
1965 1987 2099 2043 nihil
2145 1986 2282 2057 Deo,
2331 2002 2586 2059 supremo
2617 2003 2799 2044 rerum
2838 1989 3078 2045 omnium
3107 1987 3368 2064 principi,

1795 2094 1917 2137 esse
1963 2080 2324 2151 aflngendum
2369 2079 2510 2150 qnod
2554 2078 2624 2134 sit
2664 2080 2893 2136 mortale
2942 2092 2998 2138 et
3029 2081 3370 2138 humanum:

1796 2170 1908 2226 imo
1933 2186 2002 2227 ne
2041 2170 2258 2240 quidem
2290 2168 2581 2224 illiusmodi
2629 2168 2829 2240 aliquid
2860 2185 2980 2241 quae
3011 2185 3112 2229 nos
3138 2172 3375 2231 solemus

1796 2263 1980 2319 animo
2003 2271 2058 2319 et
2095 2260 2423 2331 cogitatione
2452 2262 2935 2329 comprehendere,
2977 2270 3252 2334 utcunque
3294 2265 3377 2322 in·

1799 2357 2011 2413 terdum
2055 2352 2349 2425 Scripturae
2397 2366 2606 2420 sacrae,
2653 2355 2782 2409 dum
2832 2362 3088 2428 tanquam
3127 2354 3378 2427 puerulos

1797 2448 2030 2506 lectores
2061 2446 2335 2514 erudiunt,
2370 2445 2679 2502 humanitus
2708 2447 2775 2502 de
2814 2446 2924 2504 Deo
2955 2446 3108 2519 loqui
3140 2446 3375 2515 soleant,

1797 2538 1926 2594 dum
1975 2551 2167 2592 manus
2201 2534 2298 2601 iili,
2334 2534 2553 2601 oculos,
2589 2535 2774 2607 pedes,
2823 2551 3034 2603 vocem,
3070 2537 3258 2604 verba,
3290 2551 3375 2604 os,

1800 2631 2028 2697 vultum,
2058 2638 2112 2686 et
2141 2637 2397 2686 sexcenta
2429 2627 2656 2699 hujusce
2689 2627 2909 2702 generis
2932 2637 3130 2688 caetera
3161 2629 3374 2688 soleant

1800 2725 2081 2795 adaptare,
2131 2737 2251 2791 qnae
2302 2735 2399 2776 nos
2456 2720 2637 2775 omnia
2694 2728 2912 2791 oportet
2952 2723 3024 2778 ad
3077 2720 3375 2780 diviniores

1803 2816 2098 2871 transferre
2142 2813 2519 2884 cogitationes,
2549 2827 2649 2870 nec
2677 2813 2944 2870 ullatenus
2987 2811 3274 2885 imaginari
3317 2814 3375 2870 in

1803 2908 1910 2963 Deo
1944 2907 2164 2961 tnnnani
2213 2906 2506 2976 quidquam
2545 2903 2628 2962 vel
2661 2905 2824 2961 etiam
2856 2904 3087 2962 mortale
3116 2905 3371 2963 residere.

1801 2999 1939 3053 Deus
1971 2999 2172 3054 etenim
2202 2998 2418 3069 spiritus
2445 3007 2559 3064 est,
2600 3005 2650 3051 et
2685 2999 2773 3069 qui
2821 2997 3048 3052 adorant
3081 2995 3284 3064 Deum,
3319 2999 3374 3053 in

115 3089 319 3155 λαλεῖν,
345 3089 700 3161 φθεγγομένῳ
733 3090 1152 3163 παραπλησίως·
1184 3085 1304 3142 εἶτα
1325 3090 1512 3144 τοῦτον
1536 3093 1698 3146 αὑτὸν
1725 3116 1771 3176 C
1800 3093 1989 3160 spiritu
2038 3091 2193 3146 illum
2217 3100 2266 3146 et
2299 3090 2523 3146 veritate
2553 3089 2783 3144 adorare
2821 3088 3007 3144 debent
3029 3089 3074 3158 ',
3116 3090 3374 3161 quemad·

116 3179 296 3253 καιρῷ
318 3196 448 3245 τινι,
476 3180 588 3235 οὐδ’
619 3177 731 3250 (46)
766 3178 904 3233 ὅλων
944 3178 1081 3233 ἐτῶν
1107 3178 1417 3251 ἔμπροσθεν
1435 3197 1695 3253 τετρακο-

121 3271 274 3334 σίων,
312 3272 490 3343 σάρκα
535 3271 699 3344 φησὶν
742 3267 863 3341 (οὐκ
886 3265 980 3324 οἷδ’
1008 3271 1179 3342 ὅπως)
1207 3271 1575 3344 ἀνειληφέναι,
1605 3276 1699 3330 καὶ

117 3361 188 3417 δι’
215 3361 383 3434 αὑτῆς
402 3361 518 3431 τὴν
538 3350 655 3418 κατ’
679 3361 963 3433 ἄνθρωπον
991 3363 1339 3434 οἰκονομίαν
1352 3363 1466 3437 (47)
1487 3366 1699 3421 τετελε-

120 3454 297 3519 κέναι,
317 3455 412 3510 καὶ
431 3454 545 3527 (48)
582 3455 704 3509 τότε
757 3454 894 3511 Υίὸν
929 3454 1076 3511 Θεοῦ
1105 3455 1413 3525 γεγονέναι,
1445 3459 1540 3513 καὶ
1586 3459 1698 3528 Ἰη-

120 3550 275 3605 σοῦν
301 3549 559 3621 Χριστὸν
591 3548 946 3621 χρηματίσαι,
977 3550 1247 3616 ,βασιλέα
1272 3565 1335 3605 τε
1358 3549 1472 3623 (49)
1495 3552 1695 3623 ἀναγο-

125 3642 369 3717 ρεῦσθαι,
386 3643 590 3698 εἰκόνα
607 3659 672 3697 τε
701 3642 807 3697 τοῦ
829 3641 978 3698 Θεοῦ
1004 3641 1112 3698 τοῦ
1132 3641 1409 3712 ἀοράτου,
1436 3644 1534 3699 καί
1549 3659 1703 3715 πρω-

121 3735 374 3790 τότοκον
415 3734 619 3804 πάσης
658 3736 951 3804 uticenses
981 3733 1056 3806 μὴ
1086 3732 1215 3789 ὅντα
1252 3735 1518 3810 πρότερόν
1547 3753 1699 3801 ποτε,

120 3824 516 3897 ἀποδεδεῖχθαι·
558 3820 656 3879 εἴτ’
701 3826 795 3881 ἐπὶ
840 3828 908 3900 τῇ
946 3826 1183 3901 τοσαύτῃ
1212 3827 1430 3901 ἀτοπίᾳ,
1475 3829 1598 3899 μηδ’
1643 3828 1703 3897 ἐξ

120 3910 297 3991 οὗπερ
328 3916 443 3986 (50)
480 3917 713 3972 ὑπέθετο
741 3916 934 3989 χρόνου
959 3917 1058 3990 τὴν
1086 3918 1167 3981 εἰς
1195 3918 1422 3993 ἄπειρον
1454 3921 1548 3975 καὶ
1579 3923 1704 3976 ἀτε-

121 4006 379 4081 λεύτητον
394 4006 538 4079 ζωήν
551 4024 611 4061 τε
627 4008 720 4062 καὶ
734 4007 1007 4078 βασιλείαν
1019 4006 1100 4078 τῷ
1113 4008 1329 4081 Χριστῷ
1345 4008 1537 4075 διδούς·
1550 4010 1702 4075 τέλος

120 4099 184 4156 δὲ
197 4099 345 4172 αὐτῷ
366 4099 487 4171 μηδ’
504 4100 680 4155 αἴσιον
695 4098 913 4168 ἐπάγοι,
936 4099 1055 4171 μηδ’
1072 4094 1183 4154 οἷον
1194 4102 1308 4166 τοῖς
1325 4101 1394 4155 δι’
1407 4102 1574 4157 αὐτοῦ
1589 4101 1700 4157 τῶν

123 4189 466 4259 ἐπαγγελιῶν
514 4189 1113 4262 καταξιωθησομένοις,
1147 4184 1223 4248 ὧν
1254 4193 1416 4259 αὐτὸς
1446 4196 1475 4247 ὀ
1508 4195 1698 4268 Σωτὴρ

122 4280 479 4354 ἐπήγγελται,
497 4282 641 4355 ζωήν
653 4298 714 4336 τε
727 4280 944 4337 αἰώνιον
965 4283 1059 4338 καὶ
1078 4283 1384 4356 ἀφθαρσίαν
1400 4285 1699 4342 ἀθανασίαν

120 4388 187 4426 τε
210 4372 305 4426 καὶ
337 4371 614 4443 βασιλείαν
660 4371 935 4445 οὐρανῶν,
982 4373 1107 4442 τοῖς
1160 4374 1474 4446 ἀγαπῶσιν
1512 4378 1698 4433 αὑτὸν

1804 3185 2026 3242 niodum
2069 3183 2332 3242 servator
2376 3197 2479 3239 noa
2509 3183 2689 3238 docet.
2730 3180 2885 3250 Quod
2934 3180 2983 3236 si
3024 3190 3206 3238 autem
3231 3181 3374 3239 Deus

1802 3277 2028 3348 spiritus
2055 3276 2144 3340 sit,
2171 3276 2393 3333 omnino
2421 3284 2634 3331 constat
2659 3289 2780 3331 esse
2817 3288 2941 3330 eum
2985 3272 3152 3329 inuito
3183 3272 3373 3330 melio-

1802 3381 1918 3424 rent
1959 3377 2013 3424 ct
2047 3363 2519 3437 praestantiorem,
2567 3377 2890 3434 quacunque
2934 3376 2993 3416 re
3038 3361 3284 3418 sensibili
3317 3371 3374 3418 et

1801 3469 2094 3516 concreta:
2125 3458 2267 3514 unde
2296 3458 2411 3523 ttet,
2439 3467 2500 3512 ut
2545 3470 2644 3512 nec
2687 3454 2915 3511 Verbum
2956 3454 3152 3511 babeat
3178 3456 3376 3527 linguas

1802 3565 1938 3606 sono
1962 3547 2314 3620 prolatitium,
2336 3554 2394 3603 et
2420 3561 2516 3617 per
2541 3546 2739 3617 lingum
2761 3546 3118 3616 prolationem
3144 3545 3374 3603 aliorum

1804 3646 2027 3703 auribus
2056 3646 2382 3701 insinuatum
2410 3664 2423 3699 :
2454 3643 2547 3700 sed
2583 3655 2682 3697 nec
2711 3640 2984 3713 linguam,
3015 3654 3227 3706 vocem,
3255 3640 3376 3696 vnl-

1807 3746 1953 3800 tum,
1998 3745 2093 3791 aut
2138 3734 2283 3792 aliud
2320 3735 2643 3805 quidquam.
2694 3734 2839 3802 quod
2885 3731 3120 3786 bumana
3161 3731 3376 3787 ratione

1804 3826 2187 3884 constituatur.
2242 3825 2521 3896 Siquidem
2575 3823 2722 3879 aliud
2770 3823 3060 3894 quidquam
3110 3823 3372 3887 exsistat.

1806 3920 1948 3991 quod
1981 3934 2080 3975 nec
2109 3918 2297 3974 oculus
2322 3918 2475 3985 vidit,
2509 3933 2609 3973 nec
2639 3916 2850 3972 audivit
2873 3916 3043 3982 auris,
3071 3929 3173 3972 nec
3201 3913 3256 3972 in
3279 3929 3375 3970 cor

1808 4011 2103 4068 humanum
2148 4009 2391 4066 ascendit
2420 4010 2537 4082 ejus
2576 4008 2875 4080 cogitatio:
2907 4006 3208 4079 cujusmodi
3249 4020 3376 4063 esse

1806 4103 1897 4161 illa
1932 4104 2088 4160 docet
2128 4117 2228 4158 nos
2267 4101 2578 4171 Apostolus,
2635 4114 2756 4170 quae
2787 4097 3121 4170 diligentibus
3158 4113 3218 4154 u
3259 4096 3371 4152 Do-

1806 4198 1979 4253 ιιιίιιιιι
2007 4195 2323 4266 proeparavit
2344 4194 2398 4249 ⁸:
2424 4203 2536 4248 tum
2564 4203 2712 4248 certe
2738 4193 2929 4247 borum
2957 4189 3196 4246 omnium
3218 4189 3374 4246 dator

1806 4289 1982 4355 Deus,
2030 4285 2484 4344 inenarrabilibus
2516 4294 2601 4342 est
2654 4283 3115 4342 inenarrabilior:
3149 4287 3209 4347 ›1‹
3238 4281 3376 4336 adeo

1803 4391 1866 4439 ut
1889 4383 1945 4438 iu
1979 4381 2190 4437 ratione
2222 4380 2290 4435 de
2322 4380 2430 4434 Deo
2485 4377 2788 4448 theologica
2824 4374 3174 4439 instituenda,
3207 4371 3376 4427 multo

125 4463 513 4536 ὑποσχόμενος·
537 4465 835 4566 τηνικαῦτα
863 4466 920 4520 δὲ
946 4468 1088 4521 κατὰ
1112 4467 1213 4539 τὴν
1241 4469 1699 4546 προσδοκωμένην
1729 4490 1776 4547 1)
1804 4483 1952 4533 certe
1982 4475 2182 4532 rectius
2228 4470 2562 4544 pronuntiari
2603 4477 2800 4541 queat,
2839 4466 3045 4523 oculum
3087 4480 3250 4537 nequ
3291 4465 3374 4520 ai-

201 4604 261 4664 >1⁴
288 4600 387 4667 Ed.
418 4600 618 4668 PariS.,
653 4618 776 4673 pag.
807 4606 862 4658 6.

199 4671 221 4703 '¹
254 4669 412 4729 «ioan.
439 4688 513 4739 ιν,
538 4673 629 4729 24.
707 4673 730 4705 ⁸
763 4670 928 4730 {Cor-
955 4690 1015 4743 ιι,
1040 4675 1094 4733 9.

221 4835 295 4893 4ἳ
348 4837 456 4909 Hp.
482 4836 680 4911 ὲξηγου
733 4877 749 4894 .

198 4837 293 5105 {45
342 4909 471 4966 Dcle
500 4910 623 4982 τήν.
645 4857 767 4966 Lssx
789 4908 950 4982 vulgo
975 4911 1177 4985 δωτήρ.

123 5069 207 5125 φα

223 4979 295 5035 44
342 4978 516 5051 Vulgo
564 4980 660 5045 ὡς.
717 4978 844 5036 Hox
908 4982 1066 5052 vulgo
1121 4982 1328 5052 φάναι;
1375 4979 1485 5050 up.
1543 4984 1704 5109 φῗὲἒ-

228 5067 316 5124 νῃ.
350 5049 494 5134 tntjra
537 5051 700 5123 vulgo
721 5067 941 5123 γεννησ.
981 5061 1034 5104 ει
1060 5054 1328 5108 omittitur
1355 5052 1401 5107 δ’
1435 5064 1557 5124 post.

119 5119 1562 5278 &sasantina-..1133massata...;

126 5261 502 5407 υηρἒῖιςῠῗδῖ
564 5265 691 5387 52⁴»-
715 5332 867 5387 ἑτῶν
885 5333 1309 5401 τετρακοσίων.
1343 5330 1470 5389 liaec
1502 5334 1698 5389 iteruin

124 5407 348 5474 repetit,
383 5413 441 5458 ut
471 5410 526 5457 et
558 5404 863 5471 sequentia,
914 5419 1036 5473 quae
1080 5405 1233 5474 quasi
1270 5402 1491 5474 σύνοψιν
1521 5404 1699 5459 conti-

125 5483 266 5531 nent
290 5472 565 5545 opinionis
592 5473 856 5529 Marcelli.
891 5471 1038 5528 Laxe
1067 5487 1246 5528 antem
1272 5472 1511 5542 loquitur
1536 5475 1603 5529 de
1632 5488 1698 5529 cn

128 5547 315 5626 annis,
344 5557 469 5599 nant
495 5554 625 5600 ante
653 5558 854 5598 annum
894 5557 1008 5598 ccci
1071 5543 1282 5599 obierat
1332 5543 1561 5614 ipsemet
1586 5542 1698 5599 Eu·

129 5613 335 5752 ωῧυἹε).
357 5612 530 5756 ῪΜιιοΙεο
555 5683 806 5755 τετεληκ.

210 5751 323 5826 (48)
356 5754 493 5810 Τότε
522 5753 659 5811 rior
692 5754 841 5812 Θεοῦ
874 5752 1199 5827 γεγονέναι.
1228 5751 1364 5812 Cum
1405 5751 1581 5813 sactus
1623 5768 1702 5812 es·

1805 4852 1888 4897 set
1911 4841 2082 4911 Λόγος
2108 4835 2459 4912 προφορικός.
2488 4833 2620 4890 Nam
2656 4834 2806 4903 prius
2832 4841 2949 4890 erat
2966 4840 3173 4888 tantum
3198 4832 3373 4888 ἐνδιά-

1804 4912 1982 4978 θετος,
2034 4910 2128 4967 sed
2184 4910 2253 4964 ab
2305 4917 2535 4962 aeterno.
2584 4902 2811 4959 Videtur
2846 4913 3026 4959 autem
3087 4900 3373 4958 Marcellus

1804 4983 1936 5038 illud
1954 4980 2219 5052 posuisse,
2242 4977 2415 5047 Λόγον
2432 4973 2740 5039 DeiPatt-is,
2756 4983 3040 5035 aeternnm,
3061 4971 3369 5043 ὑφεστῶτα,

1803 5052 1899 5108 sed
1932 5050 2269 5114 ὲνδιαθέτως,
2303 5062 2410 5103 uon
2453 5054 2701 5100 vocaturn
2744 5044 2834 5099 Dei
2868 5042 3066 5098 Filium
3108 5054 3234 5099 ante
3284 5045 3373 5099 in·

1820 5123 2209 5178 cat-nationem.
2256 5118 2408 5186 Quod
2448 5117 2527 5171 sic
2579 5114 2775 5185 accipit
2817 5113 3104 5180 Eusebius,
3139 5129 3201 5168 ac
3236 5112 3376 5167 εἰτὸ

1800 5188 1941 5248 εἶναι
1967 5191 2061 5247 τοῦ
2088 5190 2226 5257 υἱοῦ,
2241 5196 2510 5260 negasset.
2549 5183 2623 5240 tt.
3337 5250 3362 5261 -

1873 5262 1986 5345 (49)
2017 5260 2185 5331 Vulgo
2215 5261 2316 5331 ἁνη
2388 5254 2659 5331 ρεύεσθαι.
2690 5253 2813 5310 Mox
2840 5254 2959 5311 dele
2974 5253 3069 5310 τοῦ
3085 5260 3210 5309 ante
3228 5250 3365 5304 Θεου

1800 5343 1856 5389 et
1881 5332 2023 5388 infra
2048 5330 2151 5400 Hp.
2189 5331 2262 5386 τσ.
2285 5347 2316 5384 τ
2370 5346 2430 5383 τε
2471 5331 2591 5383 loco
2617 5325 2769 5381 πότε.

1874 5401 1986 5474 (50)
2036 5399 2303 5455 ’Υπέθετο
2335 5400 2577 5471 χρόνον.
2617 5394 3083 5450 Immortalitatem
3122 5402 3188 5473 et·
3216 5401 3374 5447 aeter-

1800 5473 2026 5528 nitatem
2079 5472 2347 5527 ademisse
2399 5467 2707 5524 Marcellum
2759 5465 2853 5522 Dei
2909 5464 3067 5530 Filio,
3110 5473 3283 5543 ‘ettam
3340 5476 3371 5514 a

1806 5551 1959 5612 parte
1984 5551 2104 5612 post
2134 5558 2150 5597 ι
2184 5556 2344 5608 quam
2375 5549 2430 5594 et
2459 5538 2683 5608 angelis,
2721 5544 2778 5592 et.
2802 5534 3373 5613 animabus-justorum

1804 5613 2155 5669 concedebat.
2188 5611 2360 5678 Quam
2383 5623 2534 5673 vere,
2564 5609 2616 5662 in
2647 5607 2754 5662 tlne
2778 5604 2901 5662 libri
2928 5603 3127 5674 quinti,
3150 5601 3238 5656 ubi
3272 5610 3376 5657 ista

1808 5682 2180 5756 exagitantur,
2214 5680 2518 5754 apparebit.
2553 5676 2603 5733 hl
