3692 6134
401 328 510 384 ωδ

1054 324 1317 384 EUSEBll
1356 322 1824 381 cAEssntENsls
1859 324 2008 382 01‘1‘.
2050 324 2225 381 PARS
2261 324 2346 382 lll.
2381 355 2451 366 —
2487 321 2897 381 EXEGETICA.

3515 320 3624 377 tos

405 449 508 510 est,
538 450 752 499 centum
784 441 1119 512 longitudine
1148 442 1449 497 cubitorum
1485 448 1636 509 erat,
1684 441 1964 496 latitudine
1991 456 2032 505 Α
2061 461 2118 498 τε
2167 444 2258 497 καὶ
2295 442 2515 508 πλάτος.
2560 442 2625 496 Ἠ
2661 441 2760 513 μὲν
2805 439 2913 514 γὰρ
2970 438 3074 494 ὑπὸ
3110 439 3387 504 Μωῦσέως
3444 455 3617 494 κατα-

405 551 538 592 vero
573 535 982 606 quinquaginta.
1024 532 1123 590 llic
1162 547 1289 588 vero
1336 532 1447 599 ait,
1490 531 1567 587 Ne
1593 547 1756 603 parce
1795 547 1959 602 agas,

408 626 582 701 nieque
610 638 663 683 te
689 628 740 682 in
765 637 1043 697 angustam
1074 640 1382 680 mensuram
1411 624 1650 695 redigas.
1685 625 1780 680 sed
1807 623 1964 693 longe

407 722 625 791 lateque
664 728 716 773 te
743 719 1001 774 extendas
1051 732 1117 774 ac
1172 727 1478 782 construas,
1508 726 1563 772 et
1583 726 1799 774 caetera.
1828 715 1963 772 Novi

407 827 566 884 porro
599 813 820 883 hujusce
854 809 1222 878 tabernaculi,
1260 808 1403 881 quod
1456 809 1574 863 lixit
1622 808 1881 864 Dominus
1909 817 1965 862 et

408 918 513 959 non
546 904 733 968 bomo,
774 900 1198 973 longitudinem,
1252 900 1585 957 latitudinem
1627 907 1683 954 et
1710 887 1966 972 amplitu-

406 993 585 1050 dinem
639 991 927 1063 intelligas,
971 992 1016 1047 si
1065 992 1392 1063 perpendas,
1430 1001 1693 1062 quantum
1725 1004 1872 1049 esset
1897 992 1964 1047 il-

405 1084 495 1142 lud
533 1086 632 1142 sub
661 1084 847 1156 Moyse
877 1095 1247 1141 constructum
1289 1084 1726 1152 tabernaculum;
1759 1094 1962 1155 quanta

405 1185 548 1235 esset
584 1175 881 1233 Jerusalem
931 1175 1187 1247 templum
1213 1176 1435 1232 liabens
1472 1177 1810 1248 longitudine
1835 1178 1961 1247 qui-

405 1270 526 1327 dem
548 1269 904 1341 quadraginta
925 1268 1254 1335 cubitorum,
1279 1267 1562 1324 latitudine
1580 1267 1786 1340 viginti.
1808 1266 1964 1337 Quod

404 1362 450 1419 si
480 1360 736 1433 tempium
764 1359 892 1415 illud
924 1360 979 1415 in
1000 1375 1104 1415 una
1132 1359 1432 1416 Palaestinae
1457 1358 1588 1417 urbe
1600 1358 1964 1417 admiratione

406 1454 621 1527 dignum
650 1460 807 1521 erat,
839 1461 1042 1524 quanto
1071 1452 1242 1523 magis
1282 1450 1552 1509 mirabilis
1580 1450 1670 1507 iila
1710 1450 1962 1523 frequen-

403 1548 497 1611 tia,
527 1543 837 1617 magnitudo
883 1556 939 1599 et
990 1543 1328 1615 pulchritudo
1386 1542 1737 1601 ecclesiarum
1774 1542 1872 1600 Dei
1905 1542 1960 1599 in

400 1636 551 1693 omni
604 1634 722 1693 loco
758 1634 1157 1693 excitatas-um!
1221 1650 1347 1693 nam
1392 1642 1539 1693 totus
1580 1635 1731 1695 orbis
1770 1635 1959 1708 plenus

400 1726 644 1785 ecclesiis
670 1735 776 1784 est.

471 1816 635 1875 Vns.
663 1818 721 1875 5.
751 1834 774 1871 ι
803 1816 993 1875 Adbuc
1025 1832 1055 1873 a
1087 1818 1294 1875 dextris
1327 1824 1385 1876 et
1418 1833 1453 1874 a
1492 1816 1730 1876 sinistris
1756 1816 1956 1886 dilata,

400 1916 458 1963 et
480 1922 665 1965 senten
704 1916 853 1964 tuum
880 1906 1179 1979 pooeldebit
1212 1916 1419 1979 gentes,
1446 1917 1502 1964 et
1526 1908 1689 1964 urbes
1716 1908 1960 1964 desertas

400 1998 691 2056 babitsbls.
719 2015 741 2051 ι
774 1996 973 2054 Semen
996 2008 1177 2055 autem
1214 1996 1467 2053 Ecclesia
1496 1998 1590 2054 Dei
1616 1996 1781 2053 suerit
1801 2015 1960 2055 evan-

398 2092 603 2163 gelicus
630 2103 845 2156 serino,
874 2090 943 2146 de
984 2103 1094 2160 quo
1140 2090 1361 2155 dicitur,
1397 2106 1419 2141 ι
1460 2088 1605 2145 Exiit
1651 2090 1742 2159 qui
1795 2092 1960 2147 semi-

400 2188 491 2237 nat
505 2180 824 2245 sentinare⁸‚
856 2197 878 2233 ι
901 2187 976 2244 et.
1010 2199 1031 2234 ι
1064 2180 1255 2239 Nonne
1280 2180 1484 2239 bonum
1508 2196 1693 2239 semen
1722 2186 1961 2240 semina-

398 2274 467 2328 sti
516 2273 568 2328 in
604 2286 733 2343 agro
756 2270 823 2325 'l
860 2289 882 2326 s
915 2270 1101 2329 Potest
1142 2273 1271 2331 item
1318 2288 1505 2330 senten
1552 2274 1801 2331 Ecclesiae
1836 2291 1959 2333 esse

398 2365 763 2439 apostolorum
807 2373 863 2421 et
920 2362 1305 2435 discipuloru-
1367 2364 1581 2422 Domini
1640 2368 1810 2423 nostri
1860 2370 1957 2423 do-

397 2459 571 2514 ctrina
592 2499 609 2523 ,
651 2471 883 2529 qnorum
913 2470 1076 2526 opera
1122 2458 1209 2527 pia
1254 2456 1443 2531 religio
1474 2463 1527 2513 in
1560 2458 1667 2516 illis
1693 2459 1820 2516 olim
1857 2462 1953 2517 de—

413 2551 623 2607 vastatis
652 2548 870 2617 Deoque
893 2547 1080 2604 vacuis
1104 2546 1491 2605 solitudinibus
1517 2552 1815 2607 constituta
1845 2562 1951 2608 est.

468 2725 631 2783 Vns.
655 2725 711 2781 4.
750 2743 771 2779 ι
804 2724 922 2781 Noli
966 2724 1180 2789 timere.
1209 2724 1335 2797 quia
1378 2724 1603 2783 contusa
1649 2740 1751 2785 es:
1781 2742 1956 2799 neque

403 2819 707 2882 erubescas,
732 2816 859 2889 quia
899 2817 1285 2889 exprobratum
1308 2818 1405 2875 tibi
1441 2828 1526 2876 est
1551 2836 1568 2873 ι
1605 2819 1729 2893 qula
1756 2820 1956 2877 conl'u-

396 2912 567 2970 slouls
588 2920 858 2983 perpetuae
892 2909 1270 2977 oblivisceris,
1311 2918 1369 2966 et
1410 2913 1685 2983 opprobrii
1716 2912 1952 2968 viduita-

384 3006 472 3063 -tls
496 3014 602 3061 tuae
630 3020 740 3061 non
768 3002 1144 3061 recordaberis
1170 3001 1422 3074 amplius.
1458 3021 1479 3056 ι
1517 3002 1651 3060 Nam
1688 3018 1811 3061 cunt
1841 3014 1954 3061 ste-

2063 534 2439 600 σκευασθεῖσα,
2461 535 2676 606 πηχέων
2691 528 2760 606 ἦν
2780 540 2826 605 ρ’
2858 532 3058 604 μῆκος·
3098 530 3297 593 πλάτος
3324 529 3383 583 δὲ
3416 536 3479 583 ν’.
3507 531 3624 585 Ἐν-

2060 628 2231 682 ταῦθα
2254 629 2312 682 δέ
2334 645 2488 700 φησι,
2513 629 2604 703 Μὴ
2629 627 2791 700 φείσῃ
2814 624 3024 688 τούτου,
3055 623 3190 695 μηδὲ
3215 625 3626 699 στενοχωρήσῃς

2062 719 2290 792 σεαυτὴν
2335 722 2446 783 τοῖς
2487 719 2733 791 μέτροις·
2757 717 2870 771 ἀλλ’
2902 716 3186 770 ὲκτείνασα
3236 715 3477 786 μακρὰν,
3532 717 3625 770 καὶ

2061 809 2311 873 κτίσασα,
2343 806 2535 861 καὶτὰ
2580 806 2724 878 ἑξῆς.
2767 806 2996 878 Νοήσεις
3024 803 3083 856 δὲ
3121 803 3182 857 τὸ
3227 805 3401 876 μῆκος
3442 806 3539 858 καὶ
3565 807 3626 860 τὸ

2062 897 2279 961 πλάτος,
2314 897 2409 952 καὶ
2435 896 2497 951 τὸ
2525 896 2753 967 μέγεθος
2781 895 2880 967 τῆς
2915 894 3042 957 νέας
3068 893 3270 964 ταύτης
3300 894 3527 966 σκηνῆς,
3559 896 3626 967 ήν

2059 987 2258 1061 Ιπηξεν
2287 988 2319 1041 ό
2341 985 2546 1058 Κύριος
2573 987 2666 1040 καὶ
2689 986 2789 1039 οὐκ
2819 984 3121 1056 ἄνθρωπος,
3151 985 3243 1036 ἐπὶ
3270 984 3394 1038 νοῦν
3421 985 3624 1052 λαόὼν,

2059 1080 2158 1155 δη
2189 1078 2289 1153 μὲν
2320 1080 2531 1152 ὑπῆρχε
2574 1080 2684 1142 τοῖς
2713 1077 2930 1150 μέτροις
2967 1079 3002 1148 ή
3032 1077 3125 1130 ἐπὶ
3155 1078 3433 1142 Μωῦσέως
3462 1097 3628 1134 κατα-

2059 1171 2438 1236 σκευασθεῖσα,
2478 1172 2578 1244 ὅση
2616 1164 2686 1243 ἦν
2733 1168 3080 1242 Ἰερουσαλὴμ
3113 1168 3204 1222 τὸν
3237 1168 3372 1222 νεὼν
3408 1169 3622 1240 ἔχουσα,

2061 1266 2267 1339 μήκους
2279 1259 2348 1336 ἦν
2364 1261 2551 1334 πηχῶν
2566 1260 2683 1334 (sic)
2706 1267 2777 1333 μ’,
2795 1260 3025 1325 πλάτους
3041 1266 3108 1314 κ’.
3138 1260 3225 1325 Ὦς
3241 1260 3398 1331 είπερ
3412 1257 3479 1334 ἦν
3496 1262 3625 1316 θαύ·

2061 1373 2231 1429 ματος
2262 1355 2410 1421 ἄξιος
2440 1356 2469 1409 ὃ
2490 1371 2548 1408 τε
2575 1351 2711 1417 νεὼς
2740 1355 2798 1407 ὲν
2828 1354 2926 1425 μιᾷ
2953 1351 3104 1407 πόλει
3129 1353 3228 1424 τῆς
3260 1353 3625 1426 Παλαιστίνης

2058 1445 2358 1519 ἱδρυμένος,
2409 1445 2562 1517 πόσῳ
2602 1444 2800 1517 μᾶλλον
2829 1443 2890 1498 τὸ
2931 1443 3133 1515 πλῆθος
3163 1444 3356 1499 καὶτὰ
3396 1447 3622 1517 μεγέθη,

2056 1538 2152 1594 καὶ
2175 1537 2244 1592 τὰ
2273 1538 2441 1610 κάλλη
2464 1537 2575 1593 τῶν
2601 1537 2741 1592 κατὰ
2770 1537 2948 1592 πάντα
2974 1536 3136 1591 τόπον
3171 1537 3626 1610 ἀνεγηγερμένων

2055 1630 2357 1703 ὲκκλησιῶν
2390 1630 2485 1685 τοῦ
2530 1629 2699 1685 Θεοῦ·
2750 1629 2920 1702 μεστὴ
2956 1627 3066 1701 γὰρ
3105 1629 3410 1684 ἐκκλησιῶν
3454 1632 3488 1703 ή
3533 1631 3624 1685 ὑπ’

2054 1722 2300 1794 οὐρανόν.

2133 1833 2153 1866 ι
2177 1814 2297 1868 'Ex-t
2337 1814 2417 1879 είς
2459 1814 2528 1869 τὰ
2569 1813 2716 1879 δεξιὰ
2745 1813 2841 1867 καὶ
2867 1811 2937 1867 τὰ
2967 1800 3230 1884 ἀριστερά
3262 1829 3352 1866 σου
3381 1813 3620 1868 ἐκπέτα-

2062 1922 2172 1972 σσν,
2206 1905 2302 1959 καὶ
2331 1904 2393 1959 τὸ
2426 1904 2642 1976 σπέρμα
2675 1921 2768 1959 σου
2793 1904 2918 1976 ἔθνη
2953 1904 3363 1977 κληρονομήσει,
3397 1905 3488 1958 καὶ
3518 1906 3620 1959 πό-

2059 1999 2547 2071 λειςὴρεμωμένας
2565 1998 2875 2061 κατοικιεῖς.
2900 2015 2919 2048 »
2944 1996 3170 2068 Σπέρμα
3185 1995 3242 2048 δὲ
3261 1996 3357 2066 τῆς
3388 1997 3616 2068 Ἐκκλη-

2061 2093 2180 2159 σίας
2210 2091 2304 2147 τοῦ
2335 2091 2470 2147 Θεοῦ
2502 2094 2586 2165 εἴη
2621 2093 2688 2147 ἂν
2727 2091 2822 2146 καὶ
2847 2091 2877 2143 ό
2913 2089 3264 2160 εὐαγγελικδς
3287 2090 3458 2161 λόγος,
3488 2081 3618 2164 περὶ

2057 2179 2120 2239 οῦ
2152 2185 2394 2256 λέγεται·
2417 2205 2438 2239 ι
2470 2184 2720 2256 Ἐξῆλθεν
2737 2185 2767 2238 ό
2787 2183 3023 2258 σπείρων
3046 2184 3140 2238 τοῦ
3165 2187 3411 2256 σπεῖραι,
3445 2203 3462 2236 ι
3501 2186 3618 2249 καὶ,

2063 2295 2083 2328 ι
2107 2278 2239 2351 Οὐχὶ
2271 2277 2434 2332 καλὸν
2471 2277 2691 2351 σπέρμα
2723 2276 2980 2349 ἔσπειρας
3013 2279 3072 2332 ὲν
3104 2276 3184 2350 τῷ
3215 2278 3411 2350 ἁγριῖη
3446 2299 3465 2332 ι
3510 2281 3622 2334 Kal.

2057 2367 2220 2424 πάλιν
2250 2369 2470 2424 δύναται
2492 2368 2549 2422 δὲ
2582 2368 2798 2442 σπέρμα
2821 2363 2959 2422 εἶναι
2979 2369 3080 2439 τῆς
3116 2368 3443 2440 Ἐκκλησίας
3470 2372 3563 2425 καὶ
3587 2373 3620 2444 ή

2055 2459 2165 2513 τῶν
2194 2459 2501 2515 ἀποστόλων
2520 2460 2614 2514 καὶ
2639 2457 2892 2531 μαθητῶν
2906 2458 2999 2513 τοῦ
3015 2460 3221 2532 Κυρίου
3238 2462 3273 2531 ή
3280 2461 3395 2532 μῶν
3410 2461 3618 2533 διδαχή·

2054 2551 2122 2606 δι’
2148 2545 2223 2605 ὧν
2259 2554 2296 2624 ή
2326 2550 2579 2622 θεοσεδής
2605 2551 2846 2607 πολιτεία
2886 2553 2945 2606 ὲν
2980 2553 3097 2615 ταῖς
3123 2551 3292 2605 πάλαι
3320 2554 3622 2627 ἠφανισμέ-

2055 2660 2174 2707 ναις
2200 2642 2295 2697 καὶ
2320 2642 2455 2697 Θεοῦ
2491 2644 2717 2717 ἐρήμοις
2742 2644 3055 2716 ἐκκλησίαις
3086 2645 3364 2721 συνίστην

2129 2753 2146 2785 ι
2174 2735 2265 2807 Μὴ
2299 2734 2486 2804 eosne,
2511 2732 2595 2789 δτι
2626 2736 3024 2811 κατῃσχύνθης,
3057 2736 3192 2811 μηδὲ
3219 2739 3504 2812 &vepna-355,
3530 2741 3611 2794 ὅτι

2049 2824 2392 2899 ὠνειδίσθης·
2423 2824 2508 2879 ότι
2537 2825 2795 2899 αἰσχύνην
2819 2825 3038 2884 αἰώνιον
3074 2831 3324 2904 ἐπιλήσῃ,
3348 2832 3438 2886 καὶ
3463 2832 3605 2886 ὀνει-

2051 2917 2257 2991 δοςτῆς
2284 2916 2512 2992 χηρείας
2542 2934 2636 2973 σου
2663 2920 2726 2973 οὐ
2759 2919 2835 2993 μὴ
2861 2921 3148 2997 μνησθήσῃ
3173 2922 3270 2979 ἔτι.
3296 2942 3316 2976 ι
3353 2925 3477 2978 Ὅτε
3503 2925 3605 2996 μὲν

2051 3010 2162 3085 γὰρ
2184 3006 2254 3084 ἦν
2281 3009 2490 3084 στείρα,
2519 3010 2613 3065 καὶ
2634 3011 2696 3065 οὐ
2721 3009 2998 3078 τίκτουσα,
3023 3013 3141 3068 οὐδὲ
3166 3012 3438 3082 ὠδίνουσα,
3469 3017 3605 3087 μηδὲ

382 3098 519 3157 sut·
536 3108 703 3163 esset.
732 3110 902 3168 neque
933 3103 1171 3166 pareret,
1201 3108 1379 3165 nsque
1416 3095 1736 3166 pannum,
1776 3110 1952 3169 neque
1975 3119 2020 3180 c
2048 3104 2141 3163 τὸν
2183 3104 2354 3177 ἄνδρα
2403 3101 2622 3175 ιχουσα,
2673 3103 3036 3169 smmum<
3087 3099 3157 3178 ἦν
3209 3107 3302 3161 καὶ
3348 3106 3606 3178 αἰσχύνης

397 3192 573 3249 virum
622 3189 861 3255 haberet,
900 3186 1243 3245 contumeliis
1284 3186 1518 3243 obnoxia
1549 3194 1605 3243 et
1634 3186 1952 3246 confusione
2050 3194 2309 3269 ῑμπλεος·
2344 3195 2480 3250 ἀλλὰ
2518 3193 2613 3249 νῦν
2645 3211 2777 3265 φησι
2821 3195 2957 3267 πρὸς
2987 3197 3181 3269 αὐτήν·
3211 3198 3273 3253 Et
3309 3200 3402 3253 mi.
3441 3201 3610 3254 πάλαι

395 3282 554 3359 phua
591 3290 747 3348 erat;
787 3289 846 3336 at
883 3294 1024 3335 nunc
1092 3279 1174 3335 sic
1214 3292 1334 3334 eam
1374 3276 1657 3348 compellat
1683 3277 1952 3335 :Etiamsi
2051 3285 2180 3341 ποτὶ
2208 3283 2467 3360 αἰσχύνης
2503 3285 2598 3340 καὶ
2630 3285 2861 3350 ὀνείδους
2894 3285 3161 3358 ἔπραττες
3204 3287 3351 3356 ἀξια,
3386 3288 3606 3360 θάρσει·

394 3376 526 3436 oiim
555 3374 869 3431 confusione
901 3380 957 3427 et
988 3369 1279 3443 opprobrio
1306 3369 1468 3442 digua
1498 3378 1650 3440 gesta
1676 3371 1945 3439 ediderim
2056 3396 2077 3430 e
2113 3378 2232 3432 Ὅτι
2269 3376 2529 3449 αἰσχύνην
2575 3374 2790 3431 αἰώνιον
2831 3375 3083 3450 ἐπιλήσῃ,
3133 3379 3227 3433 καὶ
3272 3379 3469 3445 ὄνειδος
3513 3382 3611 3452 τῆς

395 3467 626 3537 confide,
662 3486 683 3521 ι
722 3466 856 3535 Quia
914 3462 1250 3520 confusionis
1276 3470 1546 3534 perpetuae
1588 3462 1948 3529 oblivisceris,
2048 3471 2273 3542 χηρείας
2304 3486 2399 3523 σου
2423 3470 2484 3523 ού
2518 3469 2593 3541 μή
2629 3468 2932 3542 μνησθήσῃ.
2958 3487 2977 3522 ι
3017 3470 3259 3542 Χηρείαν
3299 3471 3357 3526 δὲ
3398 3473 3610 3527 ἀποκα-

395 3572 452 3620 et
476 3560 747 3632 opprobrii
780 3555 1060 3613 viduitatis
1092 3563 1195 3609 tuae
1236 3569 1340 3609 non
1375 3553 1762 3609 recordaberis.
1802 3573 1822 3607 ι
1860 3555 1951 3613 Yi-

395 3655 656 3712 duitatem
701 3660 877 3706 autem
932 3648 1023 3704 liic
1063 3658 1221 3703 vocat
1262 3647 1423 3704 Verbi
1473 3648 1652 3717 sponsi
1689 3648 1947 3718 privatio·

397 3762 563 3804 nem:
607 3743 782 3811 cnjus,
816 3740 1013 3813 inquit,
1043 3756 1148 3795 non
1182 3738 1575 3806 recordaberis,

470 3839 635 3893 vus.
663 3837 717 3892 5.
752 3856 771 3888 ι
811 3834 945 3903 Quia
978 3834 1241 3889 Dominus
1270 3835 1528 3887 virtutum
1559 3840 1667 3899 est,
1704 3832 1793 3904 qni
1818 3832 1949 3891 l'ecit

398 3940 471 3998 te,
512 3929 768 3983 Dominus
798 3941 989 3982 nomen
1020 3926 1116 3992 illi,
1159 3934 1213 3979 et
1237 3925 1327 3995 qui
1349 3927 1491 3979 eruit
1535 3935 1614 3994 te;
1658 3927 1773 3996 ipse
1803 3925 1946 3982 Deus

396 4019 560 4077 lsrael
595 4028 703 4074 tota
744 4028 884 4074 terra
920 4019 1218 4074 vocabitur.
1273 4035 1293 4069 ι
1338 4015 1454 4072 Non
1486 4019 1631 4073 enim
1671 4033 1739 4074 ex
1773 4019 1948 4074 bomi-

395 4113 577 4177 nibus,
623 4125 797 4182 neque
844 4126 941 4181 per
982 4109 1259 4164 bominem
1302 4107 1414 4165 ltaec
1452 4110 1745 4165 constituta
1780 4122 1939 4178 sunt,

394 4204 489 4263 sed
515 4219 613 4275 per
637 4203 809 4273 ipsum
840 4202 1148 4256 Dominum.

464 4320 629 4375 Vens.
661 4317 813 4373 6-10.
850 4334 870 4368 ι
902 4315 1017 4371 Non
1043 4314 1197 4385 quasi
1228 4314 1508 4371 mulierem
1547 4315 1860 4372 derelictam
1888 4328 1938 4373 et

389 4412 786 4486 pusillanimem
812 4408 1022 4464 vocavit
1055 4416 1108 4463 te
1145 4407 1422 4475 Dominus„
1452 4422 1624 4478 neque
1662 4419 1719 4463 ut
1757 4412 1944 4466 mulie-

391 4518 508 4561 rem
544 4519 607 4558 ex
641 4505 924 4573 juventute
951 4499 1076 4555 odio
1118 4499 1375 4554 habitam.
1416 4501 1560 4554 Dixit
1611 4500 1749 4557 Dens
1793 4511 1939 4566 tuus,

391 4593 657 4665 Tempore
703 4594 915 4650 modico
955 4592 1141 4661 reliqui
1195 4600 1275 4658 te,
1319 4601 1526 4647 etcum
1575 4594 1940 4649 misericordia

393 4702 582 4756 magna
614 4687 911 4742 miserebor
940 4685 1040 4750 tui,
1087 4685 1222 4738 dixit
1255 4685 1346 4753 qui
1392 4685 1534 4740 eruit
1564 4695 1615 4740 te
1660 4686 1939 4741 Dominus.

392 4779 476 4834 Ab
504 4794 638 4848 aqua
671 4794 789 4847 quae
816 4782 919 4833 sub
945 4775 1058 4832 Noe
1096 4774 1215 4843 luit,
1243 4776 1347 4832 hoc
1375 4776 1505 4832 milii
1551 4786 1656 4842 cst,
1686 4778 1944 4848 quemad·

393 4872 608 4928 modum
648 4871 827 4942 juravi
869 4871 918 4926 ei
970 4870 1023 4924 in
1069 4878 1308 4938 tempore
1347 4869 1460 4934 illo,
1509 4880 1668 4925 terrae
1711 4884 1794 4925 me
1837 4886 1942 4926 non

388 4977 773 5023 succensurum
822 4977 983 5034 super
1019 4972 1071 5018 tc
1111 4963 1363 5033 amplius,
1414 4976 1587 5032 neque
1628 4962 1681 5017 in
1726 4962 1945 5018 commi·

389 5058 609 5114 natione
642 5065 731 5112 tua
769 5064 977 5111 montes
1007 5054 1413 5111 transferendos
1453 5070 1592 5122 esse,
1623 5070 1797 5124 neque
1829 5056 1942 5111 col·

388 5149 466 5205 les
494 5153 661 5210 ‚meos
706 5147 1186 5204 transmovendos:
1226 5148 1307 5204 sic
1356 5161 1530 5218 neque
1572 5148 1940 5204 misericordia

388 5258 508 5300 mea
555 5242 649 5298 tibi
688 5243 938 5308 deliciet,
988 5258 1163 5314 neque
1210 5250 1586 5298 testamentum
1617 5242 1764 5313 pacis
1808 5256 1941 5299 meae

387 5335 662 5392 auferetur
683 5335 848 5391 :dixit
873 5337 1018 5390 enim
1043 5355 1061 5393 ι
1087 5336 1353 5406 Propitius
1368 5343 1451 5389 est
1478 5335 1569 5389 tibi
1603 5333 1880 5389 Dominus.
1915 5354 1932 5387 ι

384 5426 506 5484 Cito
543 5428 686 5482 enim
733 5439 942 5483 montes
979 5443 1007 5482 a
1060 5428 1290 5498 propriis
1337 5428 1472 5483 locis
1507 5424 1938 5494 transferentur,

384 5528 442 5578 et
473 5520 641 5577 colles
696 5506 1054 5576 turbabuntur
1089 5520 1300 5591 potius,
1358 5534 1520 5590 qnam
1566 5518 1938 5577 misericordia

445 5718 466 5749 ⁸
523 5715 712 5774 Manu.
747 5736 863 5787 xm,
887 5722 940 5779 5.
1014 5722 1033 5753 ⁷
1062 5716 1195 5776 ibid.
1225 5710 1315 5767 27.

2047 3562 2129 3616 λεῖ
2158 3563 2251 3617 καὶ
2294 3560 2526 3617 ἐνταῦθα
2554 3562 2652 3636 τήν
2697 3562 2948 3636 στέρησιν
2989 3562 3080 3617 τοῦ
3126 3564 3357 3637 νυμφίου
3397 3566 3568 3636 Λόγου
3588 3580 3605 3598 ·

2044 3652 2115 3729 ἧς
2136 3655 2195 3710 οὐ
2230 3653 2534 3728 maeotim,
2564 3652 2747 3725 φησὶν.

2120 3852 2140 3885 ι
2177 3835 2299 3889 Ὅτι
2343 3834 2547 3907 Κύριος
2589 3832 2698 3887 τῶν
2743 3832 3024 3906 δυνάμεών
3073 3836 3217 3889 ἐστιν
3246 3837 3275 3889 ὁ
3314 3837 3488 3892 ποιῶν
3522 3854 3601 3903 σε,

2046 3926 2245 3998 Κύριος
2278 3926 2450 3998 ὄνομα
2482 3925 2651 3997 αὐτῷ,
2691 3926 2784 3980 καὶ
2828 3926 3124 3999 ρυσάμενός
3158 3943 3248 3981 σε·
3279 3929 3443 3994 αὐτὸς
3475 3929 3606 3996 Θεὸς

2057 4018 2268 4091 Ἰσραὴλ
2295 4020 2442 4092 πάσῃ
2464 4021 2530 4091 τῇ
2562 4021 2633 4090 γῇ
2662 4017 3040 4089 κληθήσεται.»
3073 4019 3144 4074 Οὐ
3175 4019 3285 4092 γὰρ
3313 4023 3373 4089 ἐξ
3397 4021 3607 4095 ἀνθρώ-

2044 4131 2181 4178 πων,
2209 4114 2329 4168 οὐδὲ
2364 4113 2430 4167 δι’
2458 4112 2744 4185 ἀνθρώπου
2785 4112 2852 4167 τὰ
2881 4112 2979 4185 τῆς
3027 4111 3336 4177 συστάσεως
3359 4116 3600 4183 γέγονεν,

2040 4206 2178 4261 ἀλλὰ
2198 4206 2263 4260 δι’
2293 4206 2455 4261 αὐτοῦ
2486 4206 2580 4261 τοῦ
2611 4208 2834 4279 Κυρίου.

2118 4341 2136 4373 ι
2167 4321 2278 4393 Οὐχ
2304 4321 2378 4386 ὡς
2401 4325 2633 4392 γυναῖκα
2653 4323 3149 4396 καταλελειμμένην
3171 4326 3264 4381 καὶ
3284 4325 3600 4397 ὀλιγόψυχον

2043 4409 2277 4481 κέκληκέ
2318 4428 2378 4464 σε
2419 4412 2448 4464 ὁ
2474 4411 2695 4484 Κύριος,
2729 4413 2837 4466 οὐδ’
2870 4414 2946 4479 ὡς
2983 4417 3216 4484 γυναῖκα
3249 4415 3312 4467 ἐκ
3352 4414 3600 4485 νεότητος

2047 4504 2441 4576 μεμισημένην.
2473 4498 2637 4556 Εἶπεν
2668 4508 2696 4557 ὁ
2715 4503 2847 4569 Θεός
2877 4522 2988 4559 σου·
3012 4506 3215 4577 Χρόνον
3249 4506 3440 4579 μικρὸν
3470 4526 3603 4561 κατ-

2044 4594 2226 4647 έλιπόν
2253 4611 2333 4661 σε,
2372 4594 2466 4647 καὶ
2492 4594 2606 4664 μετ’
2640 4595 2819 4662 ὲλέους
2845 4598 3079 4669 μεγάλου
3105 4599 3311 4672 ὲλεήσω
3342 4618 3419 4665 σε,
3449 4598 3600 4655 εἶπεν

2043 4690 2072 4741 ὁ
2106 4687 2404 4760 ρυσάμενός
2452 4705 2510 4742 σε
2557 4688 2776 4760 Κύριος.
2833 4692 2965 4745 Ἀπὸ
3008 4690 3102 4746 τοῦ
3146 4692 3333 4757 ὓδατος
3369 4694 3460 4748 τοῦ
3509 4697 3600 4748 ἐπὶ

2045 4781 2166 4833 Νῶε
2197 4779 2354 4834 τοῦτό
2381 4783 2471 4852 μοί
2502 4783 2638 4847 ἐστι,
2666 4781 2853 4836 καθότι
2871 4782 3060 4854 ὤμοσα
3078 4783 3224 4855 αὐτῷ
3244 4786 3300 4838 ὲν
3319 4785 3398 4857 τῷ
3425 4786 3601 4857 χρόνῳ

2045 4872 2235 4944 ἐκείνῳ
2270 4876 2335 4945 τῇ
2367 4876 2436 4946 γῇ
2487 4873 2562 4945 μή
2613 4874 3027 4946 θυμωθήσεσθαι
3070 4878 3161 4931 ἐπὶ
3193 4878 3275 4931 σοὶ
3324 4878 3424 4944 ἔτι,
3468 4878 3602 4950 μηδὲ

2046 4969 2104 5021 ὲν
2135 4967 2329 5040 ἀπειλῇ
2365 4985 2457 5021 σου
2487 4969 2555 5023 τὰ
2582 4969 2683 5041 ὅρη
2728 4970 3174 5041 μεταστήσεσθαι,
3205 4972 3314 5026 οὐδ’
3342 4974 3393 5027 οἱ
3423 4972 3600 5044 βουνοί

2049 5076 2152 5132 μου
2182 5061 2714 5132 μετακινηθήσονται.
2756 5060 2941 5125 Οῦτως
2964 5062 3085 5115 οὐδὲ
3119 5063 3180 5119 τὸ
3205 5064 3334 5136 παρ’
3358 5065 3493 5136 ἐμοῦ
3521 5083 3599 5119 σοι

2046 5150 2192 5215 ἔλεος
2219 5152 2477 5222 ἐκλείψει,
2504 5152 2622 5206 οὐδὲ
2654 5155 2687 5224 ή
2715 5152 2944 5226 διαθήκη
2990 5155 3091 5226 τῆς
3136 5158 3356 5229 εἰρήνης
3402 5174 3495 5210 σου
3538 5157 3598 5211 οὐ

2049 5243 2123 5315 μὴ
2160 5246 2426 5314 μεταστῇ·
2459 5239 2579 5297 εἷπε
2614 5244 2741 5316 γάρ·
2774 5243 2958 5310 Ἵλεώς
2986 5263 3066 5298 σοι
3097 5247 3314 5318 Κύριος.
3343 5268 3362 5299 ι
3398 5248 3599 5303 Θᾶττον

2045 5334 2151 5407 γὰρ
2177 5333 2245 5388 τὰ
2280 5334 2383 5406 ὅρη
2432 5338 2849 5408 μεταστήσονται
2883 5337 2989 5391 τῶν
3033 5339 3257 5392 οἰκείων
3277 5339 3477 5406 τόπων,
3507 5342 3599 5396 καὶ

2044 5427 2093 5478 oi
2124 5423 2298 5494 βουνοὶ
2337 5425 2785 5497 ταραχθήσονται,
2833 5428 2865 5499 ἢ
2896 5428 2958 5481 τὸ
2999 5430 3129 5501 ἐμὸν
3167 5431 3313 5497 ἔλεος
3354 5433 3464 5488 ἀπὸ
3507 5432 3599 5489 σοῦ

2046 5518 2411 5589 κινηθήσεται.
2444 5521 2551 5574 Καὶ
2578 5522 2747 5575 ταῦτα
2779 5523 2832 5576 δὲ
2864 5524 2939 5595 τῷ
2967 5523 3207 5579 Osos-565?
3249 5525 3598 5593 πολιτεύματι
