3692 6134
191 315 291 375 521

1087 324 1584 385 communis
1623 331 1691 388 m
1735 332 1990 390 tSAlAM.
2032 366 2100 377 -
2135 333 2289 404 CAP.
2327 334 2510 394 val.

190 430 666 506 σωματικιῖιτερον,
694 435 790 490 καὶ
813 438 1157 510 τραυματίας
1191 439 1471 508 ὡσαύτως.
1506 444 1660 501 Ἐπεὶ
1684 445 1760 519 μὴ
1789 462 1836 517 A
1865 446 2139 503 similiter.
2174 446 2310 515 Quia
2358 448 2461 513 illi,
2511 454 2695 518 utpote
2737 447 2929 518 Judaei,
2971 468 3078 511 non
3124 455 3229 514 alio
3258 463 3421 517 modo

187 522 363 587 άλλως
402 517 471 597 ἦν
499 525 739 592 ἀκούειν,
777 527 1060 593 Ἰουδαίους
1087 529 1245 597 ὄντας
1275 532 1371 588 καὶ
1417 536 1494 608 μὴ
1525 535 1668 601 οἴους
1698 553 1759 589 τε

188 613 619 685 παρακολουθεῖν
656 619 724 689 τῇ
765 616 874 671 τῶν
914 616 1086 687 λόγων
1118 620 1346 695 διανοίᾳ.
1407 624 1469 677 ‘0
1516 624 1615 696 μὲν
1666 621 1759 681 οὗν

198 702 522 768 Ἀπόστολος
557 705 649 760 τὸν
673 705 783 760 τῶν
822 711 1199 781 προκειμένων
1232 713 1359 768 νοῦν
1392 713 1649 787 διασαφεῖ
1668 715 1758 771 λέ-

184 809 296 861 γων
315 812 328 824 ·
361 814 380 846 ι
408 795 565 851 Κατὰ
588 796 645 851 δὲ
669 798 770 869 τὴν
802 798 1144 873 σκληρότητά
1161 820 1254 858 σου
1271 805 1364 859 καὶ
1391 805 1759 881 ἀμετανόητον

185 885 412 958 καρδίαν
447 886 794 961 θησαυρίζεις
820 891 1031 964 σεαυτῷ
1079 894 1246 967 ὀργὴν
1284 897 1344 951 ἐν
1373 898 1557 971 ἡμέρᾳ
1586 900 1757 973 ὀργῆς

184 973 278 1026 καὶ
307 975 725 1047 ἀποκαλύψεως,
760 980 854 1034 καὶ
884 979 1282 1055 δικαιοκρισίας
1326 986 1485 1055 Θεοῦ,
1520 988 1581 1056 δς
1621 991 1756 1046 ἀπο-

181 1061 342 1117 δώσει
373 1064 589 1139 ἑκάστῳ
626 1067 767 1122 κατὰ
798 1069 868 1124 τά
892 1069 1029 1144 ἔργα
1059 1074 1247 1130 αὐτοῦ.
1285 1097 1306 1130 s

257 1174 279 1209 s
312 1158 374 1211 Οί
415 1159 757 1231 ἁγνιζόμενοι
794 1163 887 1216 καίΙ
917 1163 1337 1239 καθαριζόμενοι
1376 1171 1458 1236 είς
1487 1173 1614 1238 τοὺς
1645 1174 1749 1245 κή-

181 1264 337 1313 πους,
371 1250 468 1303 καὶ
508 1250 567 1303 ἐν
602 1254 716 1316 τοῖς
750 1253 1044 1325 προθύροις
1086 1257 1334 1325 ἔσθοντες
1369 1262 1537 1335 κρέας
1582 1263 1747 1332 ῦειον,

178 1342 367 1398 καὶ·τά
393 1342 733 1415 βδελύγματα
766 1347 862 1401 καὶ
890 1347 981 1401 τὸν
1011 1348 1138 1422 μῦν,
1169 1352 1263 1406 ἐπὶ
1295 1354 1355 1409 τὸ
1383 1356 1513 1410 αὐτὸ
1539 1357 1751 1412 ἀναλω-

178 1433 458 1507 θήσονται.
499 1454 518 1487 ι
562 1437 648 1503 Ὦς
675 1439 872 1510 μηκέτι
906 1440 1047 1495 κατὰ
1070 1443 1160 1497 τὸν
1186 1444 1436 1517 νόμον·δν
1463 1449 1747 1523 παρέδωκε

177 1527 417 1596 Μωῦσῆς
437 1527 897 1602 καθαριζομένους
927 1534 1106 1606 σποδῷ
1129 1535 1413 1609 δαμάλεως
1440 1542 1534 1596 καὶ
1561 1546 1746 1615 περιρ-

176 1620 487 1694 ραντηρίοις
514 1622 733 1692 ἡμερῶν
760 1625 898 1679 ἑπτὰ
923 1627 1016 1680 καὶ
1040 1631 1160 1693 ταῖς
1185 1630 1274 1686 διά
1316 1632 1519 1689 θυσιῶν
1542 1635 1746 1708 καθάρ-

177 1732 330 1770 σεσιν
349 1731 364 1746 ·
381 1715 503 1769 ἀντὶ
526 1716 587 1770 δὲ
612 1714 834 1782 τούτων,
863 1720 920 1774 ἐν
946 1721 1126 1786 αὐτοῖς
1146 1727 1651 1798 περινοστήσαντες,
1681 1728 1744 1781 τὸ

172 1806 243 1860 δι’
287 1805 478 1870 ῦδατος
525 1806 818 1877 καθάρσιον
865 1810 1130 1881 ἀπαρκεῖν
1176 1815 1358 1879 αὐτοῖς
1397 1816 1586 1888 ᾤοντο,
1631 1822 1744 1881 τοῖς
1776 1800 1820 1857 Β

169 1888 313 1954 ἰατά
341 1917 493 1963 τινας
525 1901 731 1972 κήπους
775 1899 958 1956 ὕδασιν
1003 1902 1384 1969 ἀπολούεσθαι,
1416 1906 1509 1960 καὶ
1547 1907 1742 1978 μηκέτι

174 1991 402 2063 μηδενὸς
420 1990 625 2045 δεῖσθαι
657 1991 765 2045 τῶν
788 1992 1312 2065 νενομοθετημένων.
1352 1997 1423 2048 Ἢ
1450 1995 1545 2049 καὶ
1570 1996 1742 2060 ἄλλως

168 2082 312 2155 μετὰ
345 2084 547 2156 μιαρᾶς
581 2082 675 2137 καὶ
706 2082 1048 2155 ἀκαθάρτους
1088 2085 1334 2156 πράξεις,
1361 2084 1653 2157 ἀθεμίτους
1681 2104 1742 2140 τε

166 2177 561 2249 αἰσχρουργίας
603 2174 853 2247 ἐνόμιζον
895 2175 1070 2245 ψιλοῖς
1120 2175 1274 2229 ὕδασι
1305 2175 1619 2249 κιθαρίζειν
1645 2178 1743 2242 τὰς

166 2269 379 2323 ἑαυτῶν
409 2268 605 2339 ψυχάς.

253 2466 271 2498 ι
300 2446 470 2515 Κάγὼ
502 2445 571 2501 τὰ
597 2447 733 2519 ἔργα
763 2449 966 2515 αὐτῶν,
1000 2450 1094 2504 καὶ
1136 2451 1225 2505 τὸν
1257 2449 1512 2524 λογισμὸν
1540 2450 1736 2504 αὐτῶν.

172 2539 444 2610 Ἔρχομαι
469 2544 787 2610 συναγαγεῖν
809 2542 984 2596 πάντα
1001 2542 1070 2595 τὰ
1089 2541 1216 2613 ἔθνη
1242 2542 1453 2607 καὶτὰς
1466 2542 1738 2611 γλώσσας,

167 2631 265 2684 καὶ
280 2630 467 2700 ἥξουσι
488 2633 579 2685 καὶ
599 2631 819 2701 ὄψονται
846 2634 943 2705 τὴν
959 2632 1113 2699 δόξαν
1144 2651 1297 2706 μου.»
1326 2632 1664 2706 Σαφέστερον
1684 2633 1740 2687 δὲ

164 2722 198 2776 ὀ
237 2721 426 2795 Σωτὴρ
459 2725 516 2778 ἐν
545 2728 656 2789 τοῖς
687 2725 1037 2795 Εύαγγελίοις
1074 2725 1312 2781 διδάσκει
1337 2724 1510 2780 ταῦτα
1533 2725 1734 2794 λέγων·

174 2831 196 2866 ι
227 2814 392 2869 Ὅταν
421 2816 479 2870 δὲ
504 2814 637 2889 ἔλθῃ
661 2818 690 2870 ό
715 2815 845 2880 Υίδς
866 2815 962 2870 τοῦ
992 2816 1276 2889 ἀνθρώπου
1308 2816 1366 2870 ἐν
1394 2819 1460 2888 τῇ
1484 2816 1611 2888 δόξῃ
1646 2817 1737 2868 τοῦ

166 2908 383 2982 Πατρδς
408 2909 596 2973 αὐτοῦ,
625 2908 717 2964 καὶ
751 2907 952 2974 πάντες
975 2910 1025 2962 οἱ
1068 2910 1214 2978 ἃγιοι
1242 2907 1462 2978 ἄγγελοι
1493 2909 1610 2979 μετ’
1640 2908 1738 2960 αύ-

164 2995 291 3050 τοῦ·
325 2997 418 3051 καὶ
442 2997 725 3063 συνάξουσι
751 2999 925 3052 πάντα
956 2997 1024 3053 τά
1057 2997 1183 3070 ἔθνη
1208 2997 1516 3070 ἔμπροσθεν
1548 2995 1735 3063 αὐτοῦ,

167 3088 261 3142 καὶ
289 3089 504 3161 ἀφοριεῖ
536 3092 752 3155 αὐτοὺς,
786 3091 845 3144 ὃν
874 3091 1072 3163 τρόπον
1103 3089 1350 3163 ἀφορίζει
1373 3093 1402 3145 ό
1427 3088 1630 3162 ποιμὴν
1666 3090 1734 3144 τά
1764 3128 1806 3186 C

163 3179 414 3252 πρόόατα
442 3181 551 3234 ἀπὸ
572 3181 680 3235 τῶν
714 3182 936 3253 ἐρίφων,
979 3201 997 3234 ι
1037 3181 1131 3235 καὶ
1161 3181 1229 3235 τὰ
1259 3179 1405 3251 ἑξῆς.
1437 3181 1549 3235 Καὶ
1578 3180 1735 3235 τοῦτο

160 3271 225 3326 δὲ
251 3269 413 3326 πάλιν
435 3275 546 3336 τοῖς
571 3271 776 3329 ἔθνεσιν
801 3272 1214 3341 ἐπαγγέλλεται,
1248 3271 1310 3325 τὸ
1337 3270 1734 3344 καταξιωθῆναι

163 3359 464 3415 θεάσασθαι
494 3361 594 3432 τὴν
616 3361 772 3428 δόξαν
804 3362 985 3417 αὐτοῦ.

246 3470 266 3504 ι
300 3455 409 3509 Καὶ
434 3454 742 3524 καταλείψω
769 3455 855 3508 ἐπ’
897 3455 1077 3509 αὐτῶν
1122 3459 1366 3528 σημεῖον,
1406 3454 1503 3510 καὶ
1538 3455 1736 3522 ἐξαπο-

169 3544 341 3600 στελῶ
369 3547 427 3612 ἑξ
457 3546 635 3600 αὐτῶν
669 3547 1040 3619 σεσωσμένους
1066 3550 1145 3613 είς
1175 3547 1245 3602 τά
1281 3548 1431 3621 ἔθνη,
1473 3550 1552 3614 είς
1588 3548 1734 3620 Θαρ-

169 3634 303 3697 σεῖς,
330 3633 425 3686 καὶ
455 3633 609 3698 Φοὺδ,
637 3635 730 3688 καὶ
760 3635 916 3701 Λοὺδ,
950 3637 1043 3689 καὶ
1076 3636 1279 3709 Μοσδχ,
1313 3637 1408 3691 καὶ
1434 3639 1514 3701 είς
1543 3637 1732 3700 Θοὸὲλ,

165 3723 265 3777 καὶ
286 3725 365 3787 είς
377 3723 728 3796 τὴνἙλλάδα,
758 3726 950 3794 καὶηείς
976 3726 1073 3791 τὰς
1099 3728 1294 3799 νήσους
1316 3727 1415 3794 τὰς
1445 3729 1630 3801 πόρρω
1648 3746 1661 3759 ·
1685 3729 1734 3781 οἳ

163 3816 272 3869 οὐκ
295 3815 562 3885 ἀκηκόασί
592 3835 693 3889 μου
730 3818 790 3872 τὸ
817 3819 1005 3891 ὄνομα,
1036 3819 1158 3873 οὔτε
1188 3819 1464 3892 ἐωράκασί
1511 3837 1611 3891 μου
1639 3820 1738 3892 τὴν

163 3906 348 3972 δόξαν.
377 3907 488 3962 Καὶ
516 3910 873 3979 ἀναγγελοῦσι
900 3912 999 3983 τὴν
1025 3911 1181 3979 δόξαν
1216 3929 1317 3984 μου
1356 3913 1415 3966 ἐν
1441 3914 1554 3975 τοῖς
1590 3910 1737 3964 ἔθνε-

169 4014 245 4051 σι.
280 4015 299 4049 ι
342 3999 451 4053 Καὶ
482 4000 540 4052 ὲν
577 4004 687 4064 τοῖς
713 4001 1018 4073 ἔμπροσθεν
1049 4002 1286 4071 ἐλέγετο,
1331 4004 1415 4058 ὅτι
1467 4022 1486 4054 ι
1520 3997 1616 4067 Οἷς
1636 4003 1736 4058 οὐκ

166 4087 447 4160 ἀνηγγέλη
487 4091 613 4162 περὶ
654 4090 818 4144 αὐτοῦ
863 4091 1102 4161 δψονται,
1137 4092 1186 4146 οἵ
1225 4092 1326 4146 οὐκ
1383 4091 1670 4162 ἀκηκόασι.
1712 4111 1730 4144 ι

166 4182 283 4236 Καὶ
305 4181 487 4235 πάλιν·
525 4184 842 4256 ᾰῈμφανὴς
868 4185 1132 4256 ἐγενόμην
1160 4188 1271 4250 τοῖς
1298 4184 1399 4256 ἐμὲ
1427 4185 1501 4256 μὴ
1529 4186 1736 4257 ἐπερω-

164 4273 356 4341 τῶσιν,
386 4275 612 4351 εύρέθην
627 4280 735 4341 τοῖς
765 4275 863 4348 ἐμὲ
895 4275 970 4348 μὴ
1001 4275 1370 4349 ἐπιζητοῦσιν·
1413 4272 1562 4330 εἶπα·
1605 4278 1734 4331 Ἰδού

167 4366 307 4437 εἰμι,
336 4369 449 4430 τοῖς
483 4368 557 4439 μὴ
604 4368 1046 4440 ἐπικαλουμένοις
1086 4368 1146 4422 τὸ
1176 4368 1347 4439 ὄνομά
1391 4387 1514 4442 μου.
1551 4391 1569 4424 ι
1603 4371 1737 4424 Τού-

1864 537 2163 609 intelligere
2191 548 2465 610 poterant,
2498 549 2558 595 ut
2591 540 2683 610 qui
2724 555 2830 597 non
2858 543 3103 603 valerent
3128 549 3421 607 verborum

1860 639 2093 686 mentem
2138 632 2418 704 subsequi.
2456 632 2744 704 Apostolus
2772 643 2922 691 certe
2954 636 3083 694 dicti
3133 640 3279 710 quod
3307 649 3422 698 tra-

1858 728 2069 779 ctamus
2108 737 2330 779 sensum
2364 725 2539 794 aperit
2571 723 2656 779 liis
2679 723 2879 790 verbis,
2914 743 2935 779 ι
2982 725 3291 786 Secundum
3323 745 3421 787 au·

1860 819 1965 866 tem
2016 814 2269 870 duritiem
2314 824 2461 871 tuam
2515 825 2572 872 et
2622 816 2968 886 impoenitens
3013 834 3111 876 cor
3154 821 3420 878 thesauri·

1857 917 1950 960 aas
1975 903 2072 960 tibi
2100 906 2238 962 iram
2270 906 2323 962 in
2350 907 2439 963 die
2475 907 2570 964 irae
2596 918 2651 963 et
2679 909 3047 977 revelationis,
3076 921 3130 968 et
3151 912 3285 980 iusti
3323 913 3414 983 Ju-

1855 993 1982 1051 dicii
2027 997 2145 1065 Dei,
2193 998 2288 1069 qui
2339 998 2529 1055 reddet
2579 999 2874 1071 unicuique
2916 1001 3211 1059 secundum
3248 1019 3413 1076 opera

1853 1103 1948 1145 sua
1977 1089 2045 1147 ⁸⁸.
2075 1109 2098 1145 a

1923 1181 2092 1239 Vsus.
2124 1184 2213 1239 17.
2244 1202 2265 1237 ι
2293 1184 2395 1252 Qui
2423 1186 2843 1246 sanctificantur
2864 1201 2919 1249 et
2956 1190 3311 1263 purificantur
3353 1191 3409 1247 iu

1853 1271 2046 1343 hortis,
2067 1283 2124 1332 et
2142 1275 2198 1333 in
2218 1276 2494 1334 liminibus
2509 1282 2853 1340 comedentes
2875 1299 3092 1342 carnem
3112 1284 3409 1354 porcinam,

1847 1375 1902 1421 et
1934 1365 2365 1426 abominationes
2408 1380 2466 1426 et
2505 1385 2738 1439 murem,
2771 1375 2931 1430 simul
2955 1385 3361 1431 consumentur.
3383 1392 3407 1430 s

1845 1456 1924 1512 lta
1958 1467 2019 1515 ut.
2054 1474 2162 1518 non
2198 1459 2430 1518 alterius
2461 1466 2755 1521 secundum
2784 1464 2980 1537 legem,
3003 1480 3166 1537 quam
3190 1465 3411 1523 tradidit

1846 1546 2092 1622 Moyses,
2114 1553 2304 1610 cinere
2337 1553 2519 1611 vitulae
2544 1562 2600 1611 et
2635 1556 3033 1625 aspersionibus
3072 1557 3278 1614 dierum
3323 1573 3413 1616 se-

1844 1646 2012 1708 ptem,
2043 1641 2508 1702 sacriflciorumve
2528 1646 2936 1716 purgationibus
2974 1648 3405 1705 mundarentur:

1845 1730 1940 1785 sed
1977 1731 2169 1787 borum
2202 1732 2344 1797 vice,
2379 1745 2669 1808 postquam
2716 1737 2770 1792 in
2815 1737 2902 1794 bis
2929 1739 3131 1796 versati
3163 1738 3406 1807 fueraut.

1846 1821 2224 1886 purgationem
2275 1835 2373 1889 per
2414 1839 2611 1890 aquam
2656 1826 2907 1885 sufficere
2954 1830 3058 1888 sibi
3104 1831 3405 1902 putabant.

1844 1909 2204 1976 quorumdam
2249 1910 2528 1968 hortorum
2554 1917 2709 1985 aquis
2742 1933 2802 1974 se
2825 1920 2969 1976 ablui
3009 1930 3065 1976 et
3091 1920 3407 1987 emaculari,

1846 2011 1946 2051 nec
1981 1997 2121 2051 ultra
2155 2012 2343 2053 eorum
2384 2016 2504 2069 quae
2534 2003 2590 2055 in
2637 2005 2758 2073 lege
2784 2010 3174 2079 praecipiuntur
3203 2010 3314 2065 ullo
3348 2025 3412 2067 se

1844 2099 1981 2153 opus
2011 2086 2235 2148 babere,
2260 2088 2666 2146 existimantes.
2691 2093 2826 2148 Nam
2865 2098 3002 2155 alias
3028 2108 3146 2167 post
3173 2098 3411 2157 admissa

1848 2175 2024 2245 turpia
2067 2176 2310 2231 facinora
2335 2221 2350 2243 ,
2396 2186 2451 2233 et
2493 2187 2617 2249 post
2667 2180 2884 2239 illicitas
2922 2192 3214 2256 turpesque
3240 2191 3411 2244 actio-

1846 2280 1970 2332 nes,
2004 2265 2239 2338 simplici
2284 2283 2422 2340 aqua
2468 2270 2680 2327 animas
2724 2276 2969 2330 mundari
3009 2289 3139 2332 suas
3180 2277 3409 2335 arbitra·

1842 2355 2061 2413 bantur.

1917 2445 2078 2502 Vens.
2109 2448 2196 2504 18.
2241 2468 2260 2502 ι
2297 2449 2365 2505 Et
2388 2465 2490 2523 ego
2513 2465 2677 2523 opera
2701 2467 2912 2520 eorum,
2936 2462 2994 2513 et
3019 2456 3402 2528 cogitationem

1842 2551 2028 2593 eorum
2065 2538 2268 2615 [nevil.
2308 2542 2376 2597 Et
2401 2543 2560 2598 venio
2591 2552 2653 2601 ut
2682 2559 3008 2617 congregem
3043 2561 3234 2605 omnes
3274 2564 3404 2622 gen·

1845 2638 1927 2685 tes
1969 2638 2026 2686 et
2069 2630 2319 2701 linguas:
2382 2641 2436 2689 et
2488 2634 2711 2691 venient
2761 2643 2817 2691 et
2868 2635 3131 2692 videbunt
3176 2638 3402 2709 gloriam

1841 2735 2038 2775 meam.
2081 2740 2099 2773 ι
2135 2721 2258 2780 Haec
2292 2723 2491 2782 clarius
2528 2726 2872 2782 servatoria
2909 2728 3218 2800 Evangelils
3246 2731 3406 2788 docet

1839 2812 1929 2866 his
1971 2813 2183 2868 verbis:
2215 2832 2234 2866 ι
2261 2813 2394 2870 Cum
2424 2816 2635 2872 venerit
2665 2815 2835 2872 Filius
2866 2817 3101 2876 liominis
3147 2822 3201 2878 ln
3233 2821 3403 2893 gloria

1840 2901 2024 2961 Patris
2051 2905 2156 2971 sui,
2186 2912 2243 2962 et
2271 2920 2458 2963 omnes
2478 2907 2658 2964 sancti
2686 2908 2859 2979 angeli
2891 2924 3013 2965 eum
3035 2927 3141 2972 eo:
3176 2921 3232 2969 et
3271 2927 3404 2969 con·

1840 2989 2141 3066 gregabu'nt
2175 3010 2363 3052 omnes
2392 3006 2578 3068 gentes
2610 2998 2665 3053 in
2707 3009 2997 3070 conspectu
3036 3003 3190 3070 ejus,
3226 3012 3284 3058 et
3315 3017 3404 3058 se-

1840 3088 2087 3157 gregabit
2112 3102 2226 3154 eos,
2258 3089 2707 3160 quemadmodum
2754 3099 3003 3162 segregat
3038 3102 3223 3162 pastor
3263 3107 3393 3150 oves

1839 3178 1908 3232 al)
1941 3178 2125 3245 liaedis,
2163 3196 2184 3231 ι
2210 3185 2266 3234 et
2290 3186 2506 3233 caetcra.
2537 3179 2604 3233 Et
2631 3177 2737 3234 lioc
2769 3178 2964 3235 iterum
2997 3181 3252 3252 gentibus
3279 3182 3394 3252 pol·

1839 3268 2061 3338 licetur,
2093 3268 2235 3340 quod
2269 3283 2465 3339 nempe
2494 3268 2736 3325 futurum
2780 3270 2852 3326 sit
2882 3279 2940 3325 ut
2974 3270 3199 3342 gloriam
3229 3272 3398 3344 ipsius

1839 3360 2023 3417 videre
2064 3361 2235 3431 dignae
2267 3360 2586 3416 habeantur.

1907 3451 2072 3509 Vens.
2112 3451 2201 3508 19.
2236 3469 2257 3504 ι
2287 3450 2356 3505 Ει
2391 3450 2691 3522 relinquam
2721 3466 2886 3521 super
2926 3466 3021 3508 eos
3057 3453 3266 3523 signum
3289 3471 3310 3510 ε
3340 3463 3401 3513 et

1837 3544 2083 3600 emittam
2116 3559 2184 3599 ex
2232 3541 2338 3598 illis
2375 3556 2471 3598 eos
2494 3543 2586 3612 qui
2622 3542 2813 3598 salvati
2864 3543 3070 3600 fuerint
3093 3544 3161 3600 ad
3188 3555 3398 3617 gentes,

1837 3635 1893 3690 in
1926 3635 2168 3702 marsis,
2213 3642 2267 3691 et
2294 3631 2470 3701 Pbud,
2506 3641 2563 3688 et
2602 3632 2744 3700 Lud,
2787 3643 2845 3691 et
2883 3633 2940 3690 iu
2980 3633 3221 3700 nomeu.
3255 3644 3310 3692 et
3339 3638 3398 3693 in

1839 3725 2062 3792 Thobel,
2094 3735 2149 3782 et
2178 3725 2231 3780 in
2269 3724 2555 3789 Graeciam,
2582 3734 2637 3780 et
2664 3724 2719 3779 iu
2751 3724 2956 3781 insulas
2989 3734 3259 3793 remotasg
3299 3729 3394 3796 qui

1840 3833 1944 3873 non
1977 3818 2262 3873 audierunt
2300 3832 2494 3873 nomen
2542 3832 2745 3884 meum,
2796 3832 2970 3887 neque
3004 3818 3257 3874 viderunt
3280 3818 3399 3892 glo·

1838 3911 1976 3966 riam
2001 3925 2195 3966 meam.
2227 3909 2294 3964 Et
2317 3908 2717 3964 annuntiabunt
2738 3907 2960 3979 gloriam
2983 3922 3162 3965 meam
3187 3908 3244 3966 ln
3266 3923 3398 3981 gen-

1841 4002 2003 4058 tibus.
2046 4020 2065 4054 ι
2099 3999 2358 4072 Superius
2383 4015 2600 4072 quoque
2629 3999 2933 4067 dicebatur,
2968 4015 2990 4052 r
3020 3997 3282 4071 liquibus
3304 4014 3399 4056 an-

1838 4094 2146 4148 nuntiatum
2190 4106 2296 4147 non
2330 4103 2415 4147 est
2456 4091 2524 4147 de
2570 4089 2681 4152 illo.
2710 4090 3009 4156 videbunt,
3049 4098 3107 4145 et
3147 4089 3239 4160 qui
3287 4104 3397 4147 non

1839 4184 2142 4246 audierunt,
2186 4181 2522 4253 intelligent:
2566 4199 2586 4234 ι
2619 4181 2927 4245 etiterum,
2968 4196 2989 4232 ι
3026 4179 3264 4251 Apparui
3303 4181 3394 4246 iis,

1836 4274 1929 4344 qui
1974 4288 2061 4328 me
2095 4288 2200 4328 non
2238 4268 2682 4342 interrogabant3
2727 4270 2978 4325 iuventus
3020 4282 3141 4323 sum
3165 4267 3258 4338 {ab
3280 4268 3396 4338 iiis,

1837 4366 1929 4435 qui
1964 4381 2051 4420 me
2075 4380 2180 4419 non
2210 4363 2563 4432 quaerebant:
2596 4361 2733 4425 dixi,
2780 4361 2918 4416 Ecce
2949 4358 3157 4423 adsum,
3204 4357 3274 4413 iis
3300 4360 3395 4428 qui

164 4475 280 4513 των
307 4458 508 4528 ἀδελφὰ
550 4460 800 4530 τυγχάνει
844 4461 913 4515 τὰ
955 4460 1343 4533 προειρημένα,
1386 4461 1451 4514 δι’
1492 4455 1566 4516 ὧν
1611 4462 1738 4526 τοὺς
1768 4467 1947 4522 nunu
1989 4457 2313 4511 invocabant
2364 4468 2555 4508 nomen
2604 4468 2802 4508 meum.
2837 4469 2857 4504 ι
2900 4450 2997 4507 llis
3030 4449 3227 4506 adonia
3269 4458 3396 4504 sunt

169 4550 366 4606 ἑαυτοῦ
395 4551 722 4617 ἀποστόλους
755 4551 1143 4621 ἐπαγγέλλεται
1171 4551 1516 4606 ἀποστέλλειν
1550 4552 1643 4605 ἐπὶ
1669 4552 1736 4605 τὰ

166 4642 426 4716 ἀλλότρια
451 4642 545 4697 τοῦ
598 4643 811 4716 Ἰσραὴλ
837 4643 964 4715 ἔθνη
997 4643 1065 4697 τά
1103 4642 1437 4715 πορρωτάτω
1463 4644 1560 4714 τῆς
1606 4643 1732 4697 Ἰου-

165 4735 346 4799 δαίας.

245 4845 267 4879 ι
304 4826 413 4881 Καὶ
443 4824 627 4893 ἀξουσι
659 4826 782 4889 τοὺς
813 4824 1071 4893 ἀδελφοὺς
1101 4823 1252 4896 ὑμῶν
1282 4825 1349 4878 ἐκ
1377 4823 1593 4877 πάντων
1623 4821 1730 4876 τῶν

166 4915 361 4981 ἐθνῶν,
390 4916 561 4990 δῶρον
600 4916 805 4988 Κυρίῳ.
839 4935 859 4968 ι
895 4914 1146 4979 Ἀξουσιν
1168 4915 1384 4979 αὐτοὺς,
1423 4913 1575 4978 τέλος
1604 4914 1735 4982 ἀγα-

168 5007 262 5064 §cv
303 5009 486 5072 αὐτοῖς
517 5007 674 5062 τοῦτο
717 5007 1234 5078 παραχωρήσαντες,
1279 5006 1366 5060 ὅτε
1410 5006 1506 5059 καὶ
1538 5003 1736 5074 ἀναλη-

166 5099 466 5173 φθησονται
517 5098 716 5169 ὁμοίως
758 5097 835 5169 τῷ
891 5096 1046 5168 Ἠλία
1084 5096 1171 5166 ἐφ’
1221 5098 1426 5169 ἅρματι
1462 5093 1736 5165 ἀγγελικῷ

164 5191 473 5263 ὀχούμενοι,
507 5189 680 5260 φωτὸς
725 5189 1039 5261 ἐπουρανίου
1076 5187 1603 5261 περιαστράιέτοντος
1634 5186 1733 5240 αὑ-

164 5283 311 5348 τούς.
346 5301 366 5335 ι
401 5282 538 5339 Μεθ’
568 5283 744 5335 ἵππων
771 5282 864 5335 καὶ
886 5282 1145 5353 ἁρμάτων
1168 5282 1228 5333 ἐν
1245 5280 1553 5351 λαμπήναις
1587 5278 1738 5349 ἡμιό-

163 5392 290 5438 νων.
322 5374 462 5447 μετὰ
487 5373 737 5429 σκιαδίων
763 5375 843 5437 εἰς
861 5374 959 5445 τὴν
983 5373 1144 5442 ἀγίαν
1169 5371 1322 5425 πόλιν
1359 5370 1731 5445 Ἰερουσαλὴμ,

163 5461 286 5522 εἶπε
324 5465 548 5539 Κύριος.
591 5486 609 5517 ι
652 5466 883 5537 Νοήσεις
917 5464 976 5517 δὲ
1008 5466 1133 5528 τοὺς
1164 5463 1362 5528 ἵππους
1395 5463 1490 5519 καὶ
1530 5461 1601 5516 τὰ
1636 5462 1735 5535 ἀρ-

167 5571 314 5627 ματα
341 5555 625 5627 ἀγγελικά,
665 5556 960 5626 ἐπιστήσας
992 5552 1087 5606 τοῦ
1123 5553 1391 5624 Ζαχαρίου
1415 5555 1480 5624 τῇ
1524 5568 1733 5624 προφη-

236 5738 285 5774 ⁸⁸
307 5736 465 5794 Rom.
503 5753 564 5799 ιι,
592 5738 645 5789 5.

485 5835 755 5895 Parnoi..
789 5833 832 5894 G
846 5852 903 5893 n.
947 5834 996 5893 X
1010 5833 1093 5893 xl
1107 5834 1178 5894 V.

1839 4549 2118 4620 prwmissa
2151 4549 2339 4609 verba,
2371 4544 2523 4614 queis
2552 4542 2823 4613 apostolos
2853 4554 2979 4596 suos
3018 4539 3087 4596 ad
3112 4550 3400 4595 extraneas

1838 4639 2017 4695 israeli
2057 4647 2262 4709 gentes,
2293 4646 2347 4691 et
2374 4653 2403 4689 a
2435 4633 2617 4690 Judaea
2657 4633 3068 4696 remotissimas,
3100 4631 3416 4687 missurum·

1837 4746 1898 4787 se
1933 4729 2238 4800 pollicetur.

1911 4823 2071 4877 Vens.
2100 4820 2190 4875 ⁴20.
2223 4838 2241 4870 ι
2275 4820 2341 4874 Et
2370 4818 2637 4872 adducent
2676 4815 2870 4870 fratres
2894 4820 3106 4868 vestros
3135 4825 3203 4867 ex
3226 4812 3397 4867 omni-

1836 4913 1937 4968 bus
1962 4913 2231 4985 gentibus,
2264 4912 2462 4963 donum
2507 4908 2753 4963 Domino.
2783 4923 2802 4958 ι
2834 4905 3114 4960 Adducenl.
3138 4917 3233 4959 eos
3253 4902 3398 4958 hunc

1834 5004 1968 5072 ipsis
2003 5005 2198 5057 bouum
2223 5001 2381 5054 linem
2411 5007 2782 5068 procurantes,
2807 4995 3021 5064 quando
3033 5000 3394 5053 assumentur.

1833 5092 2058 5164 perinde
2086 5103 2251 5162 atque
2284 5090 2465 5146 Helias
2501 5104 2667 5143 curru
2706 5087 2953 5158 angelico
2993 5084 3158 5149 vecti,
3184 5081 3395 5139 coelesti

1836 5184 2040 5239 lumine
2068 5182 2197 5254 ipsis
2236 5178 2704 5249 circumfulgente.
2743 5195 2764 5231 ι
2809 5176 2943 5233 Cum
2989 5174 3147 5245 equis
3172 5183 3229 5228 et
3268 5184 3393 5225 cur-

1837 5275 2004 5338 ribus,
2038 5274 2093 5327 iu
2139 5271 2403 5341 lampenis
2439 5271 2749 5335 mulorum,
2788 5284 2912 5325 cum
2961 5262 3297 5322 umbraculis
3336 5262 3393 5317 iu

1837 5365 2109 5419 civitatem
2165 5371 2408 5417 sanctam
2455 5361 2795 5429 Jerusalem,
2854 5358 2992 5415 dixit
3043 5355 3321 5413 Dominus.
3365 5369 3389 5407 s

1840 5458 2021 5527 Equos
2060 5465 2116 5512 et
2153 5455 2430 5525 angelicas
2467 5456 2665 5512 rhedas
2696 5452 2983 5525 intelliges,
3033 5449 3079 5505 si
3118 5441 3397 5501 Zacharia·

1839 5548 2137 5618 prophetia
2158 5546 2399 5603 animum
2433 5545 2696 5618 applices,
2724 5543 2813 5602 ubi
2850 5556 3020 5613 equos
3046 5536 3281 5602 veloces.
3300 5546 3397 5591 Vn·

3004 5813 3073 5874 Π
