3692 6134
98 368 250 429 toas
1160 346 1251 406 nr:
1287 343 1883 406 assuanturtonr.
1922 376 1991 388 -
2025 340 2153 400 tta.
2193 341 2259 401 tt.
3203 342 3345 403 toas

100 491 3313 550 -—--—————-————--—····—--—---—-—-

1194 672 1556 763 LIBER
1602 664 2267 759 SECUNDUS.

176 1046 462 1106 mumm-
489 1041 704 1116 quidem
727 1037 854 1093 coeli
882 1036 952 1093 de
989 1033 1280 1092 festivitate
1309 1032 1582 1103 praesenti,
1625 1029 1679 1086 in
1710 1037 1757 1096 Α
1784 1046 1907 1102 quae
1932 1039 2059 1087 ante
2088 1044 2301 1087 crucem
2329 1028 2469 1084 facta
2502 1038 2629 1086 sunt
2660 1030 2751 1100 qui
2800 1028 2901 1086 fuit
2922 1033 3199 1090 ostendit:
3231 1045 3351 1106 post

87 1156 221 1213 :qua
245 1136 528 1194 Dominum
557 1141 841 1198 suscepere
868 1127 1124 1183 victorem
1161 1139 1177 1177 ε
1217 1124 1426 1179 iaetatur
1444 1130 1500 1177 et
1529 1135 1687 1176 exer·
1784 1133 2013 1196 mortem
2059 1133 2235 1178 autem
2290 1121 2557 1177 mirabilia
2589 1137 2709 1192 quae
2751 1138 2849 1192 per
2889 1124 3160 1195 apostolos
3206 1122 3350 1183 facta

88 1233 258 1288 citus
273 1223 584 1296 angelorum
605 1219 904 1291 suscipiens
924 1232 1046 1272 cum
1056 1214 1279 1270 victoria
1306 1227 1483 1284 regem
1504 1231 1518 1267 ε
1538 1212 1687 1266 latta-

102 1333 204 1379 tur
228 1329 285 1376 et
307 1317 396 1389 qui
419 1314 619 1388 genuit,
647 1319 701 1367 et
721 1310 869 1366 misit
895 1308 1055 1364 Pater
1073 1321 1104 1361 a
1128 1305 1332 1362 dextris
1347 1305 1458 1361 suis
1477 1303 1686 1358 habens

104 1413 494 1472 charissimum
528 1404 749 1469 Filium,
775 1418 872 1473 per
892 1415 1048 1471 quem
1074 1409 1282 1456 mortua
1306 1395 1520 1467 quidem
1542 1409 1688 1450 mors

95 1508 232 1583 ,(43)
263 1517 366 1570 est,
403 1509 654 1571 cot-rupta
677 1506 856 1552 autem
881 1503 964 1550 est
996 1492 1395 1564 corruptela,et
1414 1492 1688 1547 destructa

90 1613 198 1658 est
221 1596 418 1656 diaboli
451 1591 718 1666 tyrannia,
749 1598 802 1644 et
815 1584 1007 1644 salvati
1029 1594 1153 1640 sunt
1180 1583 1445 1651 homines,
1474 1593 1530 1640 et
1558 1597 1689 1650 gau-

100 1692 263 1749 dium
293 1691 615 1757 acceperunt
636 1679 830 1752 angeli.
864 1679 978 1735 Non
1007 1688 1090 1734 est
1106 1692 1297 1746 passus
1318 1684 1498 1731 autem
1517 1672 1690 1743 Spiri-

94 1793 202 1840 ωε
225 1787 473 1837 sanctusz
489 1773 584 1831 sed
604 1788 698 1843 per
713 1773 949 1827 omnium
972 1769 1250 1824 hominum
1266 1767 1479 1838 linguas
1498 1764 1690 1820 victori

100 1870 309 1928 obtulit
322 1863 669 1932 laudeS.Quia
681 1861 821 1918 enim
832 1860 1070 1916 omniunt
1085 1859 1384 1930 linguarum
1396 1854 1688 1920 eratsalus,

96 1958 395 2019 'ideoomni
423 1957 602 2027 lingua
626 1967 720 2024 per
735 1965 828 2006 ora
851 1949 1213 2021 apostolorum
1244 1946 1452 2001 locutus
1474 1954 1555 2001 est
1574 1943 1690 2014 Spi-

104 2054 276 2110 ritus.
301 2049 365 2104 Et
390 2047 586 2104 exinde
605 2044 716 2116 jam
743 2042 1166 2111 vocabatgentes
1190 2053 1287 2109 per
1313 2037 1686 2094 initiamenta:

106 2141 445 2214 implebatur
470 2146 648 2192 autem
689 2147 743 2191 et
763 2133 1116 2207 praecedentis
1154 2128 1459 2187 festivitatis
1484 2126 1687 2181 laetitia.

102 2231 324 2289 Pascha
368 2228 511 2283 enim
555 2225 864 2282 festivitatis
895 2221 1081 2278 mortis
1119 2225 1512 2276 sacramentum
1546 2215 1600 2270 in
1631 2227 1692 2269 se

1783 1224 1932 1280 sunt,
1964 1216 2292 1271 confirmant
2331 1216 2457 1285 quia
2489 1214 2582 1284 qui
2627 1225 2874 1272 mortuus
2914 1225 2999 1271 est
3053 1219 3352 1275 resurrexit

1784 1316 1841 1363 et
1872 1307 2022 1362 vivit.
2057 1305 2211 1364 Unde
2232 1316 2287 1361 et
2314 1304 2519 1375 maiora
2546 1316 2760 1362 servata
2788 1317 2916 1364 sunt
2937 1309 3206 1366 mirabilia
3229 1318 3351 1381 post

1786 1406 2037 1463 mortem,
2061 1411 2219 1466 quant
2243 1412 2307 1452 ea
2337 1412 2457 1468 quae
2474 1407 2601 1453 ante
2631 1408 2858 1455 mortem
2882 1408 3005 1456 sunt
3026 1401 3186 1459 facta.
3211 1401 3351 1470 Quia

1783 1490 1932 1547 enim
1964 1489 2332 1546 incredibilior
2374 1492 2702 1548 resurrectio
2729 1493 2939 1549 Domini
2988 1497 3159 1567 magis
3185 1511 3349 1567 quam

1791 1580 2061 1639 adventus
2084 1582 2201 1653 ejus
2224 1582 2277 1637 in
2313 1583 2536 1650 mundo,
2562 1583 2765 1653 majora
2800 1599 3010 1640 servata
3046 1600 3170 1644 sunt
3199 1590 3351 1644 testi·

1785 1674 1890 1731 bus
1940 1675 2353 1732 resurrectionis
2383 1675 2674 1743 mirabilia,
2720 1683 2782 1731 ut
2800 1687 3179 1745 agnosceretur
3209 1676 3349 1750 (ιδ’)

1787 1767 1913 1839 quia
1946 1777 2189 1824 mortuns
2213 1768 2432 1840 quidem
2468 1778 2572 1836 est,
2601 1767 2693 1826 sed
2726 1769 3106 1826 resurrexitob
3136 1771 3354 1842 dispen-

1787 1857 2074 1924 sationem,
2101 1859 2233 1914 vivit
2261 1869 2439 1915 autem
2482 1870 2703 1930 propter
2733 1861 3005 1917 virtutem.
3048 1860 3180 1929 Quis
3210 1862 3361 1919 enin

1788 1965 1953 2007 ansus
1979 1960 2064 2007 est
2094 1951 2298 2016 dicere,
2325 1951 2452 2021 quia
2486 1966 2596 2008 non
2628 1953 2927 2007 resurrexit
2955 1953 3231 2020 Christus,
3262 1958 3359 2012 aul

1786 2040 2157 2098 confessibiles
2170 2040 2281 2109 (47)
2304 2040 2529 2104 inimici,
2549 2051 2644 2095 aut
2666 2041 2783 2096 ficti
2813 2042 3009 2097 amici?
3040 2042 3206 2099 Putas
3221 2059 3357 2116 gen·

1790 2135 1912 2190 tiles
1938 2133 2211 2188 audebunt
2241 2130 2423 2187 dicere
2449 2130 2577 2201 quia
2611 2140 2861 2187 mortuns
2888 2140 2973 2186 est
3013 2141 3067 2186 et
3113 2148 3221 2187 non
3253 2147 3356 2190 re—

1789 2223 2064 2281 surrexit?
2090 2221 2201 2279 Non
2237 2237 2421 2293 quaero
2451 2221 2580 2292 quid
2628 2221 2835 2288 dicant,
2862 2223 2960 2277 sed
2986 2224 3116 2292 quid
3143 2225 3354 2292 patian-

112 2323 559 2384 continens‚tunc
578 2313 1258 2387 recipiebatfructum,cum
1283 2306 1691 2365 fiebatrecursio
1793 2325 1898 2372 mr,
1926 2315 1983 2371 si
2020 2315 2162 2369 enin.
2186 2322 2331 2370 stant
2350 2328 2537 2369 eorum
2568 2313 2785 2384 templa,
2812 2328 2916 2370 non
2943 2317 3258 2371 munem,
3292 2313 3352 2372 si

101 2408 328 2469 Domini
354 2409 420 2463 ad
465 2406 650 2463 coelos.
672 2404 787 2461 Non
805 2403 948 2460 enim
963 2401 1109 2456 venit
1125 2408 1180 2453 ut
1199 2397 1434 2454 moriens
1457 2409 1694 2451 morere·
1720 2384 1764 2441 Β
1792 2426 1901 2466 ῃοῃ
1930 2407 2213 2473 destruxit,
2246 2408 2292 2462 ,ᾗ
2319 2421 2424 2462 non
2448 2405 2678 2463 constan
2695 2418 2819 2462 ,um
2849 2418 3041 2465 ,orum
3065 2406 3351 2463 simulac...

100 2496 340 2561 tunscd
359 2506 415 2550 ut
431 2495 624 2564 eosqui
643 2494 837 2549 mortni
856 2489 1393 2547 fuerantvivificaret.
1410 2485 1689 2541 Laetantur
1786 2511 1910 2570 9051
1937 2515 2176 2565 crucem,
2209 2514 2314 2555 non
2343 2499 2663 2566 resurrexit,
2685 2494 2780 2571 qui
2796 2499 2978 2570 arguit
3002 2514 3065 2556 ea
3093 2515 3211 2571 quae
3241 2515 3347 2557 non

106 2591 285 2663 igitur
299 2588 476 2645 omnia
500 2606 515 2642 ι
535 2585 672 2642 forte
687 2593 865 2640 autem
889 2596 945 2639 et
973 2590 1216 2638 creatura
1233 2597 1247 2635 z
1264 2578 1462 2636 clarior
1474 2578 1617 2633 enitn
1634 2585 1690 2632 et

108 2683 206 2740 sol
244 2691 362 2747 est,
404 2677 695 2735 secundum
730 2689 964 2748 praesens
997 2675 1099 2729 itoc
1143 2683 1351 2742 tempus
1393 2669 1692 2735 :prolixior

100 2775 269 2833 onim
281 2781 336 2828 et
356 2771 534 2825 lumen
549 2756 777 2824 babetur
797 2766 908 2840 (44)
931 2780 946 2821 ε
969 2774 1024 2822 ει
1041 2766 1278 2820 omnium
1296 2764 1593 2833 completus
1606 2766 1692 2816 est

104 2867 337 2925 'fructus
368 2879 384 2918 t
411 2871 468 2918 ει
489 2860 833 2918 consentiunt
869 2856 1041 2913 officia
1075 2854 1481 2927 dispensationi.
1507 2853 1690 2911 soluta

20 2944 35 2957 ¹
88 2946 309 3016 ”tutem
337 2955 490 3011 nobis
529 2960 612 3008 est
646 2960 700 3007 et
736 2950 1002 3007 sententia
1031 2966 1049 3007 ι
1090 2956 1340 3015 revocat-a
1394 2954 1477 3001 est
1509 2952 1692 3001 nostra

109 3046 403 3109 restitutio
434 3060 453 3100 t
482 3042 786 3099 obedientia
825 3040 969 3097 enim
1002 3028 1250 3102 veniens,
1285 3032 1687 3103 praevaricatio-

118 3140 223 3199 nis
253 3152 435 3210 poenas
459 3136 659 3206 eiecit:
695 3131 897 3202 iustitia
921 3128 1323 3185 subintroducta
1354 3125 1692 3196 iniquitatem

112 3230 620 3303 *s'epulittvcniens
665 3227 775 3280 vita
825 3232 1053 3279 mortem
1111 3217 1497 3275 mortificavit:
1547 3214 1691 3271 Deus

128 3319 466 3379 descendens
507 3317 779 3375 bominem
827 3313 1076 3386 perduxit
1109 3312 1177 3365 ad
1225 3308 1413 3366 coelos.
1449 3306 1695 3377 Undique

124 3412 308 3483 luitur
348 3409 577 3483 fulgores
631 3404 937 3464 festivitatis
980 3402 1254 3458 lucescant
1296 3398 1429 3472 (ts).
1469 3397 1694 3455 Sursum

127 3505 315 3570 ebori,
378 3504 431 3560 in
485 3511 629 3557 terra
690 3498 906 3555 laetitiae.
973 3493 1213 3550 Tristant
1272 3492 1409 3546 bona
1463 3489 1694 3557 malum,

124 3596 287 3667 luget
335 3592 682 3663 semetipsum
741 3585 1024 3642 diabolus:
1071 3584 1224 3641 decet
1284 3583 1426 3638 enim
1453 3595 1577 3636 eunt
1616 3579 1699 3634 iu·

1786 2594 1998 2649 vivunt.
2027 2591 2086 2649 Si
2115 2606 2222 2648 non
2243 2591 2589 2662 increpantur
2617 2589 2838 2677 nomine
2868 2591 3045 2648 crucis
3061 2607 3249 2649 eorum
3273 2591 3351 2648 dil

1786 2695 1842 2743 et
1873 2687 2164 2752 daemones,
2210 2700 2314 2740 non
2363 2682 2661 2743 resurresl't
2693 2683 2788 2754 qui
2830 2684 2918 2740 bis
2947 2684 3037 2755 qui
3071 2699 3176 2740 non
3224 2693 3351 2741 sunt

1792 2779 2051 2835 terribilis
2106 2778 2342 2855 babetur
2355 2776 2398 2833 ’ξ’
2417 2774 2746 2834 confitentur
2793 2777 2940 2833 enim
2973 2787 3030 2833 et
3081 2779 3351 2832 daemones

1791 2889 2246 2949 resurrectionem
2275 2887 2501 2946 Christi.
2529 2888 2631 2959 Qui
2665 2890 2808 2946 enim
2850 2891 3196 2954 exorcizant,
3228 2903 3354 2945 oru-

1792 2997 1912 3040 eem
1938 2982 2149 3039 Domini
2176 2982 2481 3049 nominant,
2521 2990 2577 3038 et
2619 2982 3066 3039 resurrectionem
3108 2997 3125 3037 ε
3163 2989 3217 3036 ει
3255 2996 3352 3037 no-

1794 3075 1942 3130 mine
1970 3074 2089 3146 ejus
2116 3074 2209 3146 qui
2245 3083 2489 3128 mortuus
2522 3082 2606 3129 est
2635 3085 2694 3130 et
2737 3073 3035 3130 resurrexit
3063 3073 3351 3142 increpan-

1796 3169 1896 3227 tes,
1929 3176 2036 3216 non
2059 3168 2120 3214 ut
2149 3158 2519 3214 inobedientes
2554 3166 2647 3213 ant
2693 3157 3122 3214 contradicentes
3152 3156 3354 3212 babent

1794 3252 2092 3317 daemones,
2126 3253 2218 3309 sed
2246 3250 2596 3307 obaudientes
2628 3256 2683 3304 ει
2723 3250 3121 3306 consentientes
3172 3263 3355 3304 resur·

1792 3344 2107 3402 rectionem.
2161 3342 2268 3399 Sed
2320 3341 2488 3397 ludaei
2541 3341 2792 3396 dubitant
2839 3341 2906 3397 de
2955 3339 3354 3395 resurrectione

1794 3435 2019 3492 Christi.
2054 3433 2270 3492 Utinam
2299 3449 2408 3489 non
2448 3434 2775 3498 dubitarent.
2813 3442 2873 3488 ut
2900 3440 2956 3488 et
2982 3432 3081 3501 ipsi
3106 3446 3353 3504 resurge-

1795 3535 1978 3583 rents
2016 3525 2255 3596 peccatis
2276 3525 2411 3588 suis.
2459 3523 2514 3578 in
2545 3525 2741 3594 quibus
2780 3522 2973 3578 mortui
2999 3534 3055 3578 ει
3084 3536 3207 3578 vere
3230 3533 3355 3578 sunt

1797 3616 1995 3673 mortui
2013 3616 2029 3671 l
2050 3616 2107 3673 Si
2131 3623 2310 3671 autem
2325 3614 2599 3680 dubitant,
2617 3611 2899 3668 ostendant
2914 3610 3182 3666 civitatem
3202 3624 3352 3665 suam

123 3700 255 3746 vetus
280 3700 444 3741 suus:
479 3684 666 3752 lugent
697 3679 874 3735 adhuc
896 3687 1068 3746 usque
1089 3676 1382 3739 daemones,
1410 3680 1466 3727 et
1491 3678 1696 3727 semet-
1725 3731 1767 3789 c
1797 3714 1919 3778 pou
1944 3719 2008 3762 ea
2037 3719 2156 3776 φα,
2179 3703 2295 3759 3⁰33
2327 3712 2475 3771 sum,
2508 3710 2762 3757 mutem·
2812 3698 2879 3754 Et
2905 3711 3031 3752 ,θη
3074 3695 3166 3766 φή
3191 3709 3356 3750 mor.

131 3781 287 3853 ipsos
306 3777 602 3847 deplorant.
642 3773 873 3830 Tantum
924 3769 1068 3826 enim
1111 3775 1170 3822 ut
1215 3765 1492 3822 nominata
1535 3762 1702 3819 fuerit

131 3885 293 3937 em,
333 3874 629 3938 agnoscunt
670 3863 906 3936 plagam,
939 3870 995 3917 et
1036 3874 1146 3919 non
1175 3856 1438 3914 sufferunt
1479 3868 1696 3912 nomen.

130 3961 211 4020 tt
239 3976 309 4019 ιιε
336 3960 456 4031 quis
501 3967 651 4030 putet
690 3955 914 4013 oblitum
961 3967 1047 4008 me
1077 3951 1244 4007 fuisse
1277 3950 1541 4005 besternae
1577 3961 1701 4018 pro-

136 4051 417 4110 missionis
443 4064 600 4115 meae;
632 4047 1050 4119 promiseramus
1074 4043 1222 4097 enim
1248 4041 1311 4097 de
1343 4039 1700 4096 resurreetio·

136 4158 215 4201 ne
268 4142 446 4199 dicere
486 4140 642 4208 berh
693 4135 1017 4209 exposcebat
1067 4134 1215 4190 enim
1267 4142 1495 4204 tempus.
1547 4130 1703 4187 Sicut

134 4235 291 4294 enim
342 4234 459 4290 beri
489 4232 554 4288 de
582 4229 978 4288 resurrectione
1024 4236 1202 4284 motus
1238 4235 1325 4281 est
1360 4237 1542 4281 sermo
1571 4239 1588 4280 ε
1622 4221 1700 4278 its

19 4356 25 4370 ι
136 4328 272 4400 quia
305 4324 568 4382 festivitas
615 4333 918 4391 regressum
971 4317 1181 4374 Domini
1225 4313 1450 4386 requirit
1493 4311 1562 4369 ad
1605 4310 1706 4367 Pa-

20 4427 29 4463 i
140 4428 308 4475 uem.
340 4414 614 4471 Firmatur
653 4419 832 4466 autem
882 4406 1160 4463 hominum
1191 4402 1546 4467 resurrectio,
1581 4415 1703 4456 cum

20 4517 27 4552 ·'
134 4508 453 4582 apparuerit
501 4500 668 4559 Filiu‘s
712 4512 960 4557 reversus
1005 4498 1073 4552 ad
1120 4496 1359 4551 Patrem.
1411 4491 1483 4548 Et
1535 4492 1706 4560 maius

135 4597 450 4657 ostenditur
460 4596 601 4668 quod
614 4591 940 4665 propositum
952 4597 1055 4655 est,
1071 4604 1191 4646 cum
1207 4585 1518 4658 apparuerit
1530 4599 1710 4642 resur·

134 4690 319 4749 rectio
346 4689 458 4757 eius
478 4687 570 4759 qui
598 4685 877 4743 suscitavit
903 4682 1038 4755 (46).
1065 4680 1340 4753 Siquidem
1357 4677 1711 4750 etApostolus

135 4781 337 4840 volens
357 4780 639 4838 ostendere
675 4778 792 4849 quia
821 4785 1108 4846 resurgunt
1135 4772 1400 4838 homines,
1429 4771 1497 4827 ad
1531 4784 1711 4826 resur-

140 4875 449 4933 rectionem
484 4872 694 4928 Domini
737 4868 1038 4925 transmisit
1069 4880 1223 4921 snum
1274 4877 1612 4928 sermonem,
1655 4870 1713 4916 et

140 4965 326 5023 dixit:
355 4963 413 5019 Si
443 4963 787 5032 compatimur
809 4971 862 5014 ut
893 4970 941 5014 et
969 4957 1127 5014 simul
1165 4956 1517 5029 qlorificemttr
1535 4954 1602 5008 ³⁹.
1647 4950 1710 5010 82·

1800 3807 1925 3853 tuus
1947 3806 2032 3853 est
2058 3805 2301 3853 mortuus
2331 3802 2435 3860 est,
2474 3794 2599 3865 quia
2628 3800 2772 3848 stant
2795 3790 2887 3864 qui
2913 3785 3205 3844 alliserunt
3226 3799 3353 3841 cru-

1797 3889 1869 3944 ci.
1895 3888 1954 3944 Si
1985 3897 2165 3945 autem
2193 3887 2405 3943 deserta
2434 3896 2518 3943 est
2554 3885 2746 3942 civitas
2785 3883 2857 3939 ob
2886 3882 3167 3938 audaciam
3212 3878 3350 3933 inco-

1798 3979 1991 4043 larum,
2016 3979 2107 4050 qui
2141 3987 2263 4049 post
2297 3987 2523 4033 mortem
2549 3974 2759 4034 cruciat
2786 3988 2881 4030 eos
2908 3973 3034 4044 quia
3066 3976 3217 4034 sunt,
3258 3966 3360 4022 uti·-

1797 4083 1905 4141 que
1928 4068 2113 4123 vivens
2133 4069 2187 4123 id
2216 4067 2375 4140 gerit.
2401 4066 2587 4123 Sinon
2602 4065 2769 4122 servit
2793 4079 2980 4121 eorum
3004 4075 3160 4136 gons,
3180 4058 3223 4115 si
3246 4072 3354 4113 non

1800 4168 2204 4216 excusaverunt
2233 4174 2390 4216 suum
2426 4173 2642 4230 regem,
2686 4158 2732 4214 si
2777 4166 2867 4213 est
2897 4171 3019 4212 cum
3051 4154 3185 4224 ipsis
3230 4165 3357 4222 pro·

1801 4251 2001 4321 pheta;
2032 4264 2141 4306 uon
2169 4259 2253 4307 est
2303 4250 2477 4307 factus
2504 4249 2680 4305 exitus
2707 4245 3099 4320 praedicationis
3127 4243 3360 4314 proplie-

1803 4351 2003 4396 tarum.
2036 4340 2094 4395 Si
2128 4349 2307 4395 autem
2337 4339 2530 4396 civitas
2551 4355 2738 4397 eorum
2766 4339 2976 4395 deserta
2997 4333 3159 4399 est‚si
3191 4329 3363 4386 altare

1797 4429 1912 4502 jam
1938 4443 2046 4485 nou
2073 4439 2159 4485 est
2184 4430 2285 4495 eis,
2332 4445 2436 4486 non
2468 4428 2742 4493 sacerdos,
2778 4441 2883 4482 non
2928 4440 3045 4489 rex,
3094 4436 3199 4476 non
3234 4435 3357 4490 pro-

1805 4518 1987 4588 pheta.
2023 4532 2131 4572 uon
2157 4518 2407 4588 spiritus;
2432 4531 2530 4588 per
2551 4530 2709 4587 quem
2741 4512 2880 4570 ista?
2909 4511 2966 4567 Si
2997 4519 3179 4565 autem
3202 4518 3261 4563 et
3280 4506 3360 4562 di-

1805 4614 1957 4662 catur
1980 4612 2049 4661 ab
2078 4606 2539 4678 eis'impudenter,
2588 4605 2710 4677 quia
2737 4604 3008 4662 civitatem
3055 4614 3237 4656 eorum
3265 4597 3363 4652 ‹le-

1805 4703 2120 4752 struxerunt
2164 4697 2449 4762 hominen
2480 4703 2660 4751 utrum
2697 4692 3029 4752 concedente
3060 4689 3169 4745 Deo
3200 4697 3258 4743 et
3287 4687 3363 4742 ita

1806 4786 2170 4855 permittente,
2205 4784 2376 4857 tnagis
2405 4793 2585 4841 autem
2629 4781 3186 4854 indignantetdicant
3234 4791 3367 4833 cau·

1808 4888 1923 4929 sam
1970 4876 2195 4944 peccati.
2225 4874 2390 4932 Putas
2414 4885 2631 4946 propter
2659 4869 3059 4929 idololatriam!
3108 4876 3165 4925 et
3219 4874 3366 4923 certe
3384 4852 3404 4951 ⁸¹

1809 4981 1952 5022 nunc
1980 4967 2117 5022 idola
2145 4981 2253 5023 non
2291 4967 2492 5023 colunt.
2526 4966 2633 5022 Sed
2663 4965 2789 5036 quia
2831 4964 3121 5034 propbetas
3147 4958 3366 5016 occide·
3407 4949 3413 4955 ’

134 5057 345 5115 mortui
381 5073 482 5111 non
510 5062 806 5124 resumunt.
837 5067 997 5122 neque
1039 5048 1278 5105 Christus
1303 5047 1586 5102 resurrexit
1611 5045 1656 5079 ⁸¹
1691 5065 1706 5103 t
1742 5069 1788 5125 ῃ
1816 5064 1941 5112 mm
1994 5057 2317 5130 gnquandor
2347 5066 2403 5114 οι
2456 5067 2603 5113 cene
2650 5071 2773 5112 cum
2823 5069 2917 5111 ω,
2976 5051 3366 5109 {meg-flamm,

137 5156 214 5205 nt
242 5161 311 5203 ex
345 5146 444 5201 boc
469 5145 809 5201 manifestum
840 5144 931 5209 sit,
958 5143 1235 5197 bominum
1262 5139 1707 5196 resurrectionem
1817 5145 2130 5203 hammum
2151 5148 2426 5204 effvflmem
2466 5161 2640 5204 guam,
2668 5144 2775 5201 Sed
2796 5146 2923 5214 quia
2952 5140 3203 5214 templum
3234 5152 3368 5194 con-

138 5239 306 5311 ·equi
337 5238 546 5295 Domini
574 5236 1045 5293 resurrectionem.
1080 5233 1145 5290 Et
1197 5232 1462 5288 mirabilia
1489 5232 1707 5304 quidem
1812 5238 2143 5296 taminarunt
2163 5237 2482 5312 aliquando?
2506 5245 2562 5294 et
2581 5244 2727 5294 certe
2754 5235 3178 5291 contaminantes
3205 5226 3375 5286 babe-

223 5351 275 5385 “
306 5350 463 5408 Rom.
495 5366 613 5418 viu,
649 5350 737 5406 17.
831 5351 874 5383 ⁸¹
899 5345 919 5402 l
943 5347 1070 5404 Cor.
1093 5347 1298 5415 xv‚16.

253 5487 318 5543 ts
372 5488 474 5544 Hs.
506 5487 612 5542 Per
634 5503 785 5559 quem
810 5494 1017 5540 mortua
1038 5485 1242 5557 quidem
1274 5499 1434 5538 ntors.

249 5557 318 5613 44
392 5560 493 5614 nis.
542 5556 810 5612 Prolixins
832 5558 967 5610 enim
1021 5568 1067 5609 et
1101 5557 1275 5608 lumen
1315 5555 1556 5611 habetur.
1584 5555 1718 5612 Pro-

146 5629 381 5689 timores
405 5631 546 5685 enim
584 5640 710 5683 tunc
736 5629 851 5682 dies
878 5640 996 5682 esse
1030 5627 1309 5694 incipiunt.

248 5699 339 5771 45)
373 5699 471 5754 sis.
503 5698 808 5753 Lucesctmt.

251 5771 340 5841 ⁴6)
383 5767 682 5826 Suscitavit.
721 5767 880 5823 Forte
900 5765 1192 5821 suscitabit.

1892 5487 2026 5562 (46⁶,
2054 5487 2151 5544 Hs.
2176 5487 2242 5543 Ut
2274 5497 2677 5557 evanesceretnr.

1895 5560 2008 5629 (47)
2063 5559 2161 5614 Μς.
2206 5559 2518 5628 Corisessiles
2542 5576 2561 5614 .·
2595 5554 2762 5625 aperti
2795 5561 2850 5608 et
2880 5550 3110 5624 professi
3147 5548 3373 5615 inimici,

1821 5629 2242 5767 ἰῠιιιιῐὲιιυιιιέιειιὲ.άε
2266 5629 2580 5700 incorporali
2605 5634 2724 5698 post
2749 5625 2890 5681 med.
2930 5636 3100 5677 nonne
3124 5618 3394 5688 confes-‘v-
