3692 6134
1073 316 1163 377 DE
1199 270 1800 382 nsssuntutcttoxss'.
1838 359 1913 375 --
1948 320 2077 384 mn.
2115 322 2160 385 i.

3092 336 3230 397 totto

181 431 250 499 io,
272 446 344 489 ne
364 439 583 489 taceret.
614 430 673 488 Si
692 431 836 491 enim
877 435 1103 494 tuissent
1126 441 1338 512 utrique
1360 443 1554 498 somnii
1584 459 1631 516 Α
1662 445 1715 499 in
1768 459 2003 502 earcere.
2039 446 2156 504 Non
2183 449 2328 505 enim
2375 450 2682 508 intermittit
2727 452 2868 509 Deus
2923 465 3227 513 sanctornm

192 523 333 580 sorte
359 525 593 594 suspicio
633 524 844 594 suisset,
898 527 1022 597 quia
1081 538 1309 601 utraque
1352 531 1561 586 donans

181 624 541 685 nterpretatus
569 625 651 672 est
678 616 907 688 ioseph,
955 627 1014 675 ut
1052 635 1146 676 eos
1186 621 1561 679 consolaretur

180 752 187 771 ,
234 722 397 778 quam
446 723 630 763 veram
682 709 1180 780 interpretationem
1227 715 1559 770 somniorum

180 812 215 867 t,
242 811 295 857 ει
328 804 605 860 fortuitum
629 812 912 875 putaretur
947 810 1249 880 negotium,
1281 819 1337 865 et
1364 812 1557 867 iterum

180 895 502 950 erniciosum
553 897 763 951 viderat
815 900 1081 954 somnium
1138 904 1402 958 secundus
1451 918 1556 958 non

179 993 212 1049 t,
260 995 316 1040 et
359 999 464 1040 non
517 987 672 1042 tieret
719 987 909 1058 dupiex
969 990 1357 1048 testimonium.
1404 992 1558 1050 Nune

186 1077 400 1146 exponit
423 1079 628 1146 primus
652 1079 744 1148 qui
764 1079 1226 1146 bonum.habebat
1253 1086 1552 1140 somnium.

180 1170 287 1222 nim
326 1183 489 1239 supra
517 1171 732 1224 vineam
748 1172 911 1242 regis.
935 1183 990 1228 ει
1006 1174 1136 1230 dicit
1164 1190 1180 1230 t
1218 1172 1386 1231 Vitem
1419 1177 1555 1233 vide·

182 1259 279 1312 tin
309 1260 406 1313 vite
433 1269 536 1314 tres
565 1261 720 1330 fundi
750 1275 770 1316 .·
801 1265 988 1331 etipsa
1017 1267 1317 1336 §terminans
1361 1268 1555 1323 attate-

179 1358 332 1404 ztaros
365 1351 621 1408 botriones
646 1371 763 1410 itt-a:
786 1371 806 1410 .·
837 1367 882 1411 et
907 1356 1050 1412 catix
1080 1356 1288 1414 Pharao
1314 1360 1369 1414 in
1394 1378 1553 1417 manu

179 1451 216 1494 tt
241 1444 439 1510 sitmpsi
464 1460 617 1499 uvam
657 1459 703 1500 et
744 1449 975 1515 expressi
1019 1464 1130 1505 eam
1165 1451 1223 1506 in
1253 1451 1470 1508 calicem
1494 1456 1553 1511 in

179 1551 220 1589 ts
277 1531 486 1591 Pharao
550 1538 620 1595 ⁸¹.
694 1537 942 1599 Prudens
988 1550 1045 1598 ει
1115 1545 1552 1615 sapientissimus

184 1668 198 1692 ‚
228 1629 317 1698 qni
352 1646 380 1684 a
409 1628 518 1687 Deo
545 1632 891 1698 edocebatur.
915 1638 1096 1692 statim
1125 1640 1193 1695 ad
1229 1640 1552 1711 interpreta-

197 1719 365 1772 currit
387 1731 440 1773 et
463 1721 619 1777 dicit:
637 1720 761 1777 Tres
783 1724 938 1794 [andi
956 1735 1058 1781 tres
1081 1728 1193 1783 dies
1211 1738 1333 1784 sunt
1353 1731 1548 1798 adttuc;

1663 549 1898 600 errores,
1929 535 2154 608 diligens
2184 550 2301 598 eos.
2337 539 2396 597 Si
2426 542 2517 611 qui
2540 551 2876 608 erraverunt,
2899 546 3081 599 statim
3111 562 3229 601 eor·

1662 627 1809 697 tigit,
1836 636 1896 682 ut
1924 643 2028 682 non
2059 640 2277 685 maneat
2304 631 2465 687 eisin
2505 631 2730 701 judicio.
2784 632 2927 688 Dixit
2955 637 3097 691 enim
3129 638 3229 691 ho·

1662 718 1791 774 ruini
1827 735 1843 773 ε
1899 717 2101 775 'emor
2153 730 2267 777 esto
2294 723 2416 788 mei,
2454 733 2502 778 et
2545 725 2754 780 educito
2802 742 2882 779 me
2929 727 2993 780 de
3024 744 3229 783 earcere

1659 811 1797 876 isto,·
1819 810 2241 868 obiivisceturte
2267 815 2448 880 horno,
2487 827 2542 870 et
2569 816 2920 884 protendetur
2957 819 3048 873 tibi
3074 819 3228 874 bier.-

1660 903 1808 956 ninm
1841 912 2069 972 tempus.
2100 903 2205 959 Sed
2250 920 2356 961 non
2398 914 2480 961 est
2504 905 2704 963 obiitus
2735 906 2876 963 Dens
2905 927 2920 965 ε
2955 913 3049 964 sed
3082 915 3226 965 assi-

1657 994 1749 1049 stit
1776 992 1972 1065 loseph
2023 994 2288 1052 Pharaoni
2338 999 2511 1067 primo
2535 1008 2587 1053 et
2619 1000 2878 1055 set-itudo.
2927 999 3222 1057 Erateuim

1656 1085 1793 1142 visio
1818 1083 2115 1142 Pharaonis
2143 1088 2191 1121 ⁸⁸
2214 1090 2391 1143 omnis
2417 1089 2483 1145 de
2508 1088 2750 1158 frugibus
2769 1101 2822 1146 et
2850 1090 3082 1146 cnitnra.
3109 1092 3224 1149 iiiie

1655 1177 1797 1232 enim
1822 1179 1987 1234 boves
2022 1179 2232 1236 i'eminae
2262 1191 2449 1247 erant:
2474 1190 2682 1251 septem
2724 1185 2876 1239 boum
2900 1194 3120 1253 aspectu
3166 1193 3225 1240 et

1653 1266 1839 1324 eiectat
1866 1270 2146 1336 carnibus,
2170 1281 2225 1325 et
2250 1271 2410 1327 cuinti
2433 1287 2637 1344 septem
2663 1275 2933 1344 spicarum
2965 1293 2979 1330 t
3009 1288 3224 1345 oportet

1653 1359 1797 1414 enim
1835 1359 2086 1431 conjungi
2133 1363 2399 1418 insomnia
2451 1366 2628 1432 spicas
2658 1375 2864 1436 septem
2914 1366 3117 1435 plenas.
3166 1378 3224 1422 et

1653 1461 1857 1518 septem
1903 1460 2111 1508 tenues.
2159 1453 2298 1520 Quia
2346 1455 2490 1509 enim
2534 1454 2711 1513 cuitus
2762 1468 2917 1512 terrae
2941 1474 3036 1528 per
3058 1461 3222 1514 boves

1652 1538 1906 1607 eflicitur,
1942 1558 2037 1612 per
2062 1544 2270 1599 cnhnos
2302 1554 2482 1600 autom
2513 1548 2696 1614 spica,
2730 1547 2795 1602 de
2821 1559 3079 1614 proventu
3122 1565 3221 1602 au-

1653 1642 1760 1688 tent
1789 1642 1843 1688 et
1884 1633 2027 1691 iatne
2055 1648 2215 1692 orant
2259 1638 2528 1693 insomnia
2563 1639 2738 1710 regin
2768 1653 2862 1707 per
2890 1641 3222 1697 domesticas

1650 1726 1885 1782 visiones
1915 1727 2108 1782 dantur
2131 1739 2186 1784 et
2213 1730 2569 1797 provisiones.
2607 1732 2824 1800 Septem
2875 1724 3032 1788 erant
3060 1735 3224 1801 spicae

179 1826 235 1874 n,
286 1820 336 1865 et
383 1814 438 1866 tn
474 1823 647 1870 mente
688 1815 898 1887 nahem
949 1817 1160 1874 vim-00
1206 1821 1415 1875 ὶηξιῑηη.
1441 1822 1546 1887 μή,
1578 1816 1618 1871 Β
1647 1813 1838 1882 pienae,
1861 1823 2138 1882 etsi-ptem
2172 1831 2347 1872 vaccae
2376 1818 2630 1890 pingues:
2661 1821 3025 1877 succedebant
3043 1834 3223 1878 antem

179 1913 284 1957 tuet
303 1915 352 1959 te
374 1922 529 1975 super
555 1909 753 1962 vineant
779 1893 1022 1982 in⁸officio
1042 1922 1154 1978 tuo,
1173 1922 1222 1966 et
1249 1913 1401 1968 dabis
1421 1912 1547 1967 caii-

185 2012 373 2051 manns
398 1998 632 2056 Pharao.
664 2001 900 2058 Laetatus
918 2004 1264 2068 estaudiens‚
1287 2014 1341 2059 et
1359 2005 1543 2060 statim

184 2098 203 2143 t
221 2090 452 2145 coiorem
471 2091 536 2145 ⁸¹.
562 2091 1004 2149 iiortatusautem
1027 2106 1079 2150 et
1098 2095 1234 2152 atius
1251 2106 1335 2152 est
1348 2104 1547 2151 semet·

183 2198 198 2234 :
230 2182 460 2237 habebat
487 2193 540 2238 et
575 2185 691 2254 ipse
712 2187 945 2241 sintiiem
992 2187 1282 2243 visionem.
1330 2186 1399 2241 Et
1427 2202 1542 2257 eqo,

189 2277 295 2328 vidi
315 2279 595 2332 somnium.
617 2277 878 2334 Putabam
905 2294 985 2333 nte
1014 2280 1114 2332 tria
1132 2280 1363 2333 canistra
1378 2279 1546 2333 italice

178 2368 299 2421 itere
334 2385 490 2439 snper
519 2382 672 2439 caput
703 2388 873 2426 meum
908 2370 976 2425 ⁸⁸.
1015 2370 1168 2427 Sicut
1189 2370 1298 2426 iiiic
1330 2371 1457 2436 iris,
1491 2380 1547 2426 et

178 2459 246 2512 ia.
273 2459 339 2512 Et
362 2459 416 2513 in
446 2460 674 2515 canistro
706 2462 963 2530 superiori
982 2476 1049 2516 ex
1063 2461 1298 2516 omnibus
1340 2463 1541 2533 generi·

177 2553 207 2621 t)
239 2565 304 2603 ea:
334 2551 518 2619 quibus
552 2550 766 2606 Pharao
797 2568 888 2607 rea:
917 2551 1288 2618 manducabat,
1307 2569 1437 2622 opus
1461 2553 1545 2620 pi·

195 2657 214 2696 :
250 2651 369 2697 erat
405 2645 548 2697 euim
588 2659 746 2715 supra
770 2645 1005 2714 pistores
1042 2656 1133 2699 :et
1167 2644 1403 2701 volatitia
1429 2646 1547 2701 eoeti

182 2736 302 2787 bant
348 2751 406 2789 ea
454 2737 518 2790 de
567 2738 797 2791 canistro
830 2738 969 2807 quod
1016 2749 1129 2791 erat
1181 2752 1343 2807 supra
1391 2745 1547 2807 eaput

192 2823 389 2892 Etiam,
417 2826 609 2897 inquit,
627 2837 675 2880 et
694 2828 796 2881 tria
813 2838 903 2881 tna
920 2839 1023 2881 tres
1038 2827 1149 2883 dies
1164 2827 1463 2899 siqnificant
1475 2828 1545 2885 ⁸⁸.

178 2920 216 2969 {a
241 2933 347 2972 non
374 2918 687 2974 ministrasti
717 2919 770 2973 in
803 2935 962 2974 mauu
987 2921 1150 2989 regis,
1184 2920 1420 2976 voiatiiia
1451 2937 1549 2977 au-

178 3009 464 3065 medebant
495 3027 592 3078 ειη
621 3011 965 3067 manifestum
997 3013 1228 3083 estquis
1250 3014 1427 3071 inciso
1456 3026 1548 3070 es-

178 3112 231 3163 o,
261 3108 317 3155 et
343 3098 503 3156 affixa
556 3115 724 3158 carne
756 3100 928 3170 cruci,
969 3103 1207 3159 voiatiiia
1256 3105 1548 3160 manduca-

178 3202 491 3260 arpennas,
522 3191 633 3248 iioe
654 3194 796 3248 enim
823 3195 1109 3249 annuntiat
1126 3195 1395 3250 somnium
1422 3195 1540 3251 tibi.

177 3296 207 3333 n
252 3283 439 3337 tertius
487 3282 794 3338 advenisset
817 3281 953 3349 dies,
997 3294 1051 3338 et
1081 3284 1224 3355 regis
1259 3284 1547 3340 baberetur

182 3411 197 3436 ,
217 3387 417 3430 memor
441 3375 545 3429 i'uit
567 3390 899 3431 summorum
918 3376 1128 3430 iiiorum
1151 3375 1542 3432 ministrorum.

187 3465 398 3536 quidem
423 3467 515 3537 qui
542 3481 702 3538 supra
728 3470 939 3522 vineant
969 3476 1092 3523 erat
1117 3468 1366 3524 concedit
1390 3484 1406 3524 t
1448 3482 1544 3522 vo-

177 3556 302 3609 inim
344 3566 449 3620 est,
493 3565 550 3610 et
581 3557 730 3610 stetit
755 3565 882 3611 aute
920 3568 1267 3628 conspectum
1295 3557 1459 3628 regis,
1491 3566 1545 3612 et

176 3645 362 3701 aiieem
392 3647 445 3700 in
484 3660 700 3700 manum
725 3646 845 3717 ejus
870 3648 1169 3704 seeundum
1214 3647 1545 3718 interpreta-

202 3734 421 3806 ioseph.
460 3737 740 3807 Praepositi
777 3748 957 3794 sutem
992 3739 1215 3810 pistoris
1251 3739 1548 3796 adntonitio

190 3827 400 3885 fervere
441 3828 564 3885 i'ecit
595 3831 1012 3902 indignationem
1052 3833 1218 3902 regis,
1256 3842 1313 3888 et
1341 3833 1545 3888 incide·

199 3923 395 3991 capite,
449 3933 506 3979 et
546 3922 789 3979 volatitia
847 3925 1202 3996 perficiebant
1259 3925 1543 3982 visionem.

197 4016 317 4072 baec
384 4021 451 4072 ad
516 4017 755 4088 ioseph?
829 4021 1063 4075 maxime
1131 4018 1351 4091 quidem
1422 4018 1546 4090 quia

175 4117 285 4163 ntus
342 4117 460 4163 erat
511 4110 563 4164 in
612 4125 676 4166 eo
728 4119 785 4165 et
842 4112 1099 4167 revelatio
1147 4129 1162 4167 ε
1214 4123 1272 4167 ει
1321 4110 1443 4183 quia
1493 4119 1550 4166 ει

204 4201 293 4269 qui
352 4200 404 4254 iu
438 4217 658 4259 earcere
696 4211 853 4257 erant
897 4204 1198 4260 consolatio
1226 4204 1545 4271 habebatur,

175 4334 180 4343 .
205 4291 310 4347 iiiio
328 4293 591 4349 creditum
620 4302 704 4349 est
724 4292 796 4348 ei.
826 4292 1040 4351 Dixerat
1070 4302 1250 4350 autem
1280 4295 1388 4350 viui
1417 4310 1550 4366 prae·

178 4400 192 4438 :
227 4382 483 4439 Memento
537 4387 634 4440 inei
672 4402 767 4457 per
819 4389 1140 4456 temetipsum
1186 4402 1303 4441 cum
1335 4387 1539 4454 caperit

1649 1905 1824 1959 vaccis
1846 1906 2062 1974 quidem
2093 1909 2381 1977 pinguibus
2402 1927 2580 1967 vacca:
2601 1929 2816 1979 triuerat.
2852 1916 3017 1984 spicis
3043 1926 3228 1971 auten

1644 1994 1801 2051 bonis
1828 2008 1885 2051 et
1904 1998 2078 2066 pienis
2095 2000 2257 2068 spicae
2284 2010 2495 2055 tenues.
2536 2000 2642 2056 Pro
2676 2016 2881 2074 septem
2913 2008 3083 2077 spicis
3111 2006 3230 2079 pie·

1645 2088 1730 2142 nis
1761 2097 1969 2157 septem
1993 2089 2154 2158 spicae
2177 2099 2385 2149 tenues,
2405 2092 2672 2148 Contestae
2697 2103 2824 2148 sunt
2847 2098 3072 2166 pingues
3097 2112 3228 2154 vae·

1645 2192 1722 2232 rae
1746 2194 1775 2231 a
1802 2178 2104 2234 maeiientis
2123 2183 2324 2247 vaccis,
2349 2191 2406 2237 et
2433 2183 2596 2252 spicat
2626 2199 2655 2238 a
2678 2185 2866 2253 spicis,
2898 2196 2954 2240 et
2983 2187 3038 2241 in
3074 2186 3224 2244 tame

1647 2269 1946 2326 habebatur
1973 2270 2254 2343 Aigyptos.
2309 2283 2365 2328 et
2400 2274 2453 2328 in
2497 2273 2701 2329 turbela
2735 2274 2968 2331 i‘barso.
3019 2274 3083 2330 Et
3109 2277 3218 2332 vini

1644 2363 1961 2433 praepositus
2006 2364 2310 2419 admonitus
2356 2375 2441 2420 est
2487 2364 2673 2421 dicens
2719 2364 2886 2440 (ΖΨ-ε
2934 2365 3118 2422 Dicam
3149 2384 3218 2423 an

1647 2451 1896 2509 taceam?
1945 2454 2085 2509 tacui
2135 2462 2284 2508 tanto
2323 2463 2584 2524 tempore.
2629 2455 2742 2515 Sed
2769 2456 2820 2513 si
2857 2472 2964 2513 non
3008 2457 3216 2522 dixero.

1646 2545 1858 2617 perient
1881 2542 2143 2616 AEgyptii.
2168 2544 2368 2612 Meum,
2398 2547 2593 2618 inquit,
2614 2544 2881 2615 mrem,
2906 2562 3079 2603 meum
3099 2564 3223 2619 pet:-

1646 2646 1825 2693 catnm
1853 2640 2196 2711 admoneam.
2248 2638 2413 2696 Putas
2439 2656 2561 2696 eum
2592 2649 2864 2713 repeteret
2888 2650 2944 2696 et
2980 2642 3218 2698 diceret:

1647 2724 1780 2786 Cuu‘i
1810 2729 1980 2785 iratus
2006 2745 2159 2787 esses
2192 2734 2382 2801 nobis;
2412 2730 2710 2789 admonitio
2736 2733 2817 2788 sui
2841 2735 3076 2803 peccati:
3100 2745 3219 2789 erat

1646 2829 1822 2877 autem
1855 2823 2258 2881 taciturnitatis.
2291 2822 2434 2879 Fieri
2467 2824 2611 2879 euiut
2647 2832 2822 2894 potest
2853 2825 2977 2896 quia
2993 2835 3226 2897 utraque

1646 2914 1961 2971 admonitos
1979 2924 2085 2983 est,
2116 2927 2170 2971 et
2204 2926 2429 2986 utraque
2451 2916 2608 2972 dixit.
2642 2913 2781 2982 Quid
2808 2918 2883 2971 ait
2910 2919 2977 2972 ad
3002 2916 3227 2986 regem?

1646 3003 1886 3076 Petenti,
1919 3008 2114 3079 iuquit,
2147 3024 2347 3063 mentor
2395 3008 2478 3080 sui
2509 3009 2663 3063 hodie
2687 3022 2708 3063 .·
2737 3007 2951 3063 Pharao
2975 3011 3227 3081 indique·

1648 3109 1733 3156 tus
1753 3108 1831 3156 est
1849 3103 2026 3173 pueris
2061 3103 2194 3161 suis.
2224 3112 2275 3157 et
2310 3102 2450 3157 ntisit
2484 3116 2577 3156 tros
2612 3103 2665 3156 in
2692 3118 2987 3168 carcerem,·
3029 3104 3083 3158 in
3123 3103 3222 3158 do-

1648 3208 1790 3247 mum
1832 3194 2102 3262 proepositi
2137 3207 2421 3261 eoquorum
2465 3208 2547 3247 nte
2576 3201 2629 3246 et
2681 3192 2768 3264 qui
2799 3208 2959 3263 snpra
2997 3195 3219 3261 pistores

1644 3292 1781 3339 erat.
1814 3282 1881 3338 Et
1920 3284 2141 3340 vidimus
2187 3287 2447 3340 somnium
2481 3296 2692 3353 uterque
2725 3299 2827 3337 una
2868 3294 3048 3349 nocte:
3101 3302 3218 3355 eqo,

1644 3375 1824 3428 itidem
1856 3374 1983 3441 itte,-
2014 3376 2365 3446 unusquisque
2379 3376 2640 3431 somnium
2667 3375 2916 3430 vidimus.
2958 3374 3086 3432 Erat
3116 3395 3220 3433 att-

1647 3473 1747 3518 tent
1774 3464 1846 3519 ibi
1874 3466 2141 3519 nobiscum
2167 3465 2470 3519 adoteseens
2496 3478 2625 3534 puer
2657 3461 2912 3518 ttetroeas
2946 3465 3222 3535 pra-positi

1645 3570 1931 3629 coquorum
1961 3570 1981 3612 .·
2008 3567 2056 3609 et
2075 3557 2436 3610 enarrat-intus
2463 3554 2564 3619 itti.
2586 3566 2635 3609 et
2661 3558 3019 3625 interpretavit
3043 3560 3216 3615 nobis.

1646 3644 1716 3702 Et
1743 3648 1942 3717 [aetum
1968 3658 2067 3713 est,
2094 3648 2226 3702 sicut
2243 3649 2616 3715 interpretatus
2648 3647 2818 3716 fuerat
2846 3649 3081 3704 nobissie
3105 3669 3221 3707 ereae

1647 3740 1760 3805 nit,·
1789 3752 1871 3794 nte
1893 3741 2168 3794 restituisti
2199 3739 2257 3793 in
2278 3739 2469 3810 officio,
2499 3738 2648 3792 ilium
2682 3749 2859 3794 antem
2877 3744 3214 3811 suspendisti.

1650 3830 1869 3887 Etmisit
1899 3830 2113 3886 Pharao
2142 3832 2315 3887 vocari
2329 3829 2520 3894 tonent·
2542 3831 2632 3887 ⁸⁸⁶.
2655 3830 2912 3887 Cottvicts
2942 3835 3085 3890 euim
3103 3835 3221 3904 iarn

1649 3924 1823 3981 tuerat
1851 3925 2237 3995 sapientiorum
2273 3925 2561 3994 sapientia.
2600 3939 2721 3995 quat
2767 3928 3038 3982 somnium
3073 3930 3218 3999 regis

1650 4013 1991 4084 interpretari
2036 4027 2140 4068 non
2176 4016 2368 4084 potuit.
2405 4012 2474 4070 Et
2498 4014 2797 4070 eduxerunt
2824 4032 2946 4072 eum
2988 4017 3056 4073 de
3088 4035 3214 4074 car·

1647 4120 1793 4170 cere,
1818 4116 1871 4162 et
1907 4109 2255 4162 totonderuut
2283 4120 2432 4171 eum,
2456 4113 2510 4161 ει
2542 4116 2891 4164 mutarerunt
2926 4112 3220 4166 vestimen·

1647 4206 1758 4252 tum
1805 4196 1944 4267 ejus.
1990 4198 2185 4253 iterum
2225 4213 2257 4253 e
2299 4198 2417 4254 iacit
2461 4197 2686 4270 loseph.
2712 4201 2909 4257 itertun
2941 4216 2972 4257 ε
2998 4216 3226 4258 carcere

1647 4287 1796 4354 exiit,
1841 4295 1898 4343 et
1951 4289 2192 4343 veuitad
2234 4286 2467 4344 pharao.
2517 4290 2662 4345 Dixit
2693 4302 2875 4346 autem
2907 4289 3121 4346 Pharao
3148 4295 3222 4347 sd

1648 4374 1845 4448 loseph
1875 4394 1890 4434 ε
1920 4376 2200 4434 Somnium
2258 4380 2387 4446 vidi,
2444 4394 2491 4435 et
2538 4384 2628 4452 qui
2677 4384 3041 4449 interpretetur
3081 4385 3218 4438 ittnc.⁸

175 4493 216 4529 ,ε
263 4478 404 4545 bene,
446 4489 493 4532 et
515 4479 672 4548 facie,
702 4482 756 4534 5„
801 4496 884 4534 me
910 4481 1314 4541 „nummum
1346 4490 1395 4535 et
1436 4496 1543 4535 me-
1576 4504 1619 4561 ο
1650 4485 1754 4524 non
1784 4479 1862 4524 est
1887 4468 1955 4523 ⁸⁸.
1980 4467 2234 4525 convicta
2261 4473 2407 4526 enim
2421 4471 2531 4540 jaan
2570 4474 2745 4527 tuerat
2772 4472 3071 4545 AEgyptus:
3097 4489 3224 4531 eon-

175 4568 210 4619 is
234 4569 298 4621 de
321 4585 401 4622 nte
450 4568 717 4624 Pharaoni
748 4584 768 4624 .·
802 4582 850 4627 et
888 4574 1072 4627 educes
1105 4586 1185 4626 nte
1212 4571 1277 4625 ds
1300 4572 1405 4626 isto
1427 4588 1541 4627 car-

190 4663 436 4726 quoniam
465 4658 604 4728 [ut-to
634 4659 870 4716 sublatus
895 4676 1010 4715 snm
1035 4663 1099 4715 de
1129 4671 1271 4714 terra
1296 4658 1546 4714 Hebraeo·

176 4749 300 4802 thie
321 4751 449 4804 nihii
475 4751 599 4805 mati
615 4750 734 4821 [eci.
765 4752 854 4806 sed
883 4752 1137 4806 miserunt
1156 4767 1237 4804 me
1261 4752 1315 4806 in
1333 4749 1543 4804 domum

175 4839 263 4908 ins
305 4841 372 4894 ⁸⁸.
402 4841 536 4908 Quia
564 4844 705 4897 etnim
731 4844 830 4898 hoe
872 4843 1042 4913 ipsum
1076 4842 1304 4898 credidit
1332 4843 1388 4898 in
1442 4844 1541 4897 ho·

177 4931 416 4984 additum
467 4942 550 4987 est
575 4933 623 4988 ei
655 4934 954 4988 biennium.
1005 4933 1334 4988 Etnondatus
1362 4944 1544 4987 autern

192 5023 349 5076 istum
378 5038 678 5080 sermonem
700 5042 795 5096 per
809 5026 1081 5082 biennium
1105 5025 1301 5095 loseph
1326 5035 1384 5079 ut
1403 5034 1549 5081 esset

1651 4564 1788 4617 victa
1824 4571 1880 4618 et
1921 4565 2186 4632 sapientia
2227 4578 2347 4633 qnae
2378 4563 2729 4636 poiiicebntnr
2764 4568 2951 4621 innita.
2977 4565 3088 4639 Ego
3117 4581 3218 4620 sn·

1652 4661 1756 4708 tem
1795 4652 1976 4708 audivi
2003 4654 2070 4708 de
2115 4663 2167 4707 te
2201 4654 2468 4721 direntes,
2518 4654 2705 4709 andire
2731 4665 2784 4710 te
2812 4657 3020 4711 somnia
3054 4666 3107 4712 et
3138 4658 3218 4709 in-

1648 4746 1931 4815 terpretari
1963 4760 2046 4802 ea.
2107 4744 2380 4802 Cottnrnta
2425 4761 2557 4815 ergo
2610 4749 2769 4802 nobis
2807 4747 3002 4802 samam
3046 4758 3215 4803 tuatn.

1648 4833 1956 4908 Reiigiosus
1991 4847 2172 4894 amem
2218 4834 2417 4908 «ioseph
2459 4838 2735 4907 respondit
2772 4840 2839 4895 ad
2887 4854 3107 4911 regem,
3164 4851 3220 4895 et

1648 4928 1784 4983 dixit
1820 4946 1836 4983 ι
1866 4926 1993 4984 Sine
2014 4927 2122 4983 Deo
2147 4944 2249 4984 non
2283 4928 2679 4997 respondebitur
2705 4930 2941 4984 satutare
2979 4929 3218 4987 Pharao.

1652 5021 1748 5076 Dei
1773 5024 1912 5077 enim
1932 5032 2031 5090 est,
2059 5024 2254 5094 inquit,
2286 5024 2642 5093 interpretatio
2674 5023 2745 5079 ⁸⁸.
2780 5024 2889 5093 Ego
2930 5025 3062 5079 nibii
3094 5039 3221 5110 pos-

174 5120 541 5185 en.xt.‚9-tt.
616 5120 1021 5188 ⁸·ibio.t2‚t5.
1093 5119 1398 5178 ”thiam
1472 5117 1869 5174 “thimio-¹8.
1941 5120 1988 5152 ⁸⁸
2017 5117 2145 5174 ibid.
2171 5106 2358 5175 tt·t5'.
2433 5117 2764 5175 ⁸⁸Gen.xt.t.
2840 5115 3216 5174 ⁸⁸’ibid-944.

181 5229 194 5243 .
234 5190 316 5245 ¹5.
390 5191 439 5222 ⁸⁸
469 5189 598 5247 ibid.
631 5190 719 5246 16.

221 5286 343 5340 Tria
380 5289 612 5342 canistra
658 5287 845 5342 italice.
895 5287 1090 5343 liaiica·
1130 5300 1226 5343 seu
1269 5287 1419 5343 ulica·
1445 5302 1460 5339 t
1491 5284 1546 5339 in

174 5359 359 5425 iptura
389 5359 574 5413 Graeca
606 5358 733 5430 τρία,
761 5358 898 5412 mv&
924 5356 1233 5430 χονδριτῶν.

204 5431 280 5481 t·.·.1
307 5430 542 5481 omnibus
570 5430 861 5498 generibus.
903 5427 960 5482 tn
987 5434 1196 5496 vuigata
1228 5429 1546 5496 iuterpreta-

174 5512 343 5551 omnes
373 5501 514 5552 cibos
539 5499 628 5568 qui
650 5499 781 5568 fiunt
812 5511 926 5553 arte
949 5499 1189 5568 pistoria.

198 5569 505 5621 Admonitus
550 5579 624 5623 est
668 5569 861 5623 dicens.
898 5567 1097 5622 Locutu
1133 5568 1274 5621 butte
1301 5564 1546 5620 videmur

173 5639 383 5707 pianare
414 5653 568 5707 posse
608 5654 674 5694 ex
734 5639 1053 5708 Scriptura:
1084 5637 1413 5692 itecordatus
1461 5646 1546 5691 est

176 5712 192 5761 i
242 5712 447 5775 dicens,
496 5708 677 5762 meam
715 5711 823 5779 regi
859 5726 926 5763 an
974 5706 1198 5761 tacebo?
1246 5715 1395 5761 tanto
1425 5705 1539 5786 jaum

173 5794 222 5835 re
246 5779 386 5833 tacui
426 5797 440 5832 :
475 5777 571 5834 sed
587 5779 630 5834 si
666 5794 770 5834 nou
800 5779 1008 5844 dixero,
1034 5778 1241 5846 perient
1260 5776 1494 5845 AEgyptn
1523 5793 1536 5829 :

1649 5283 1824 5351 potius
1863 5283 2037 5352 itaque
2067 5296 2272 5345 meum,
2316 5280 2507 5351 inquit,
2536 5298 2801 5347 errorem,
2830 5297 3005 5338 meum
3026 5295 3216 5351 pecca-

1655 5362 1764 5406 tum
1791 5355 2138 5407 coniitebor:
2195 5366 2387 5419 nempe
2432 5369 2553 5407 eunt
2595 5352 2860 5407 Pharaoni
2910 5361 3217 5407 renati-aret

1651 5437 1717 5475 at:
1753 5424 1981 5487 diceret,
2028 5424 2160 5478 Cutn
2189 5423 2359 5475 iratus
2388 5438 2538 5478 esses
2586 5425 2761 5485 nohis,
2803 5424 3065 5476 confessio
3093 5431 3218 5477 erat

1648 5492 1732 5546 sui
1757 5494 1960 5561 peccati
1994 5507 2098 5564 quo
2125 5493 2256 5559 regiis
2302 5495 2433 5545 iram
2477 5502 2862 5561 provocaverat,
2903 5502 3014 5545 tunt
3049 5494 3215 5547 etiam

1649 5563 2057 5626 taciturnitatis,
2087 5565 2229 5632 quod
2263 5565 2466 5631 accepti
2504 5577 2533 5616 a
2564 5559 2797 5632 ‹iosepho
2837 5562 3081 5617 benetieii
3112 5564 3219 5616 im-

1650 5647 1858 5687 tnetnor
1907 5634 2107 5687 tamdiu
2151 5631 2427 5687 siluisset:
2463 5632 2578 5687 tieri
2608 5650 2751 5689 eutttt
2779 5639 2956 5702 potest.
2994 5641 3051 5686 ut
3096 5634 3222 5703 ejus

1647 5703 1830 5823 ῗιιίιιιο
1877 5703 2104 5759 subierit
2152 5712 2474 5771 utrunque,
2520 5712 2576 5758 et
2629 5715 2920 5771 utrumque
2961 5702 3035 5757 sit
3085 5717 3222 5758 eoo-

1669 5787 1842 5826 tessus.
