3692 6134
1154 258 1436 320 coma
1470 258 1899 322 ltAttcELLtJtt
1936 262 2067 319 ΜΒ.
2107 262 2173 319 ll.

3162 271 3271 330 8ίὸ

319 387 410 451 οὔ,
433 382 532 441 ἐπί
563 383 718 440 Σιὼν
741 385 879 455 ὅρος
905 385 971 440 τὸ
992 385 1161 456 ἄτιον
1184 386 1602 457 αὐτοῦ.Ἔτερα
1630 392 1679 449 Λ
1711 403 1731 439 t
1770 386 1885 456 ejus
1902 396 2143 441 sanetum
2159 386 2225 441 ²⁸.
2243 385 2404 442 Aliud
2430 386 2539 444 ibi:
2565 385 2819 444 Dominus
2846 389 3100 461 regnavit,
3124 392 3272 447 indi-

319 490 514 559 Κύριος
530 489 908 555 ὲὸασίλευσε,
957 488 1390 558 ὀρτιζέσθωσαν
1430 487 1592 543 λαοί.

320 598 399 645 ις·
442 582 504 635 ’0
522 582 737 650 Κύριος
762 581 1182 643 kenelmus-r,
1213 578 1595 649 ἀγαλλιάσθω

319 684 414 738 {at
459 682 598 747 ὅλως
635 682 844 754 μυρίων
893 682 1072 754 ῥητῶν
1111 681 1246 753 πρὸς
1291 678 1593 752 μαρτυρίαν

323 784 636 856 πορήσαντα
659 764 862 846 ’δεῖξαι,
905 782 987 835 ὅτι
1014 781 1188 853 ἀρχὴν
1219 778 1495 850 βασιλείας
1520 778 1596 830 εί-

362 887 645 962 ᾰνθρωπος
675 885 764 939 διὰ
805 884 898 939 τοῦ
938 884 1131 952 Λόγου.
1165 883 1227 935 Et
1256 877 1351 934 οὗν
1376 880 1596 952 εἴληφεν

319 988 581 1052 Βασιλείας
612 987 720 1059 πρὸ
758 985 895 1040 ἐτῶν
924 985 1059 1040 ὅλων
1102 983 1164 1037 οὐ
1208 981 1469 1035 πλειόνων
1507 997 1596 1034 τε-

319 1099 411 1147 ων,
468 1080 619 1135 οὐδὲν
666 1078 984 1152 παράδοξον,
1034 1078 1083 1131 εἰ
1147 1076 1236 1130 τὸν
1279 1075 1385 1147 πρὸ
1423 1074 1595 1139 οὕτως

318 1174 509 1247 χρόνου
566 1173 668 1244 τῆς
723 1170 998 1243 βασιλείας
1034 1168 1237 1240 ταύτης
1287 1167 1518 1239 τυχόντα
1562 1167 1591 1219 ό

319 1264 408 1331 λός
424 1281 576 1337 φησι,
607 1262 950 1334 παραδώσειν
972 1262 1070 1334 τὴν
1088 1258 1388 1332 βασιλείαν,
1416 1258 1596 1329 δηλον-

323 1356 440 1428 Θεῷ
464 1355 541 1427 τῷ
582 1355 979 1425 καταστήσαντι
1005 1352 1186 1417 αὐτὸν,
1230 1350 1304 1416 ὡς
1339 1352 1371 1421 ἡ
1403 1348 1592 1422 Γραφή

320 1448 531 1503 ασιλέα.
579 1467 597 1500 s
644 1446 754 1500 Kal.
803 1446 918 1518 μεθ’
964 1446 1128 1517 ἔτερα
1167 1443 1311 1498 οὕτω
1353 1443 1592 1516 γράφει·

331 1538 576 1612 ἐνεργείᾳ
609 1539 763 1610 μόνῃ,
806 1537 896 1591 διά
929 1537 1028 1611 τὴν
1069 1535 1166 1608 τῆς
1201 1534 1404 1607 σαρκὸς
1455 1533 1591 1604 πρό-

319 1656 407 1710 χρι
435 1635 688 1693 τοσούτου
719 1636 1067 1708 κεχωρῆσθαι
1101 1633 1193 1688 τοῦ
1218 1633 1432 1706 Πατρός
1467 1632 1594 1702 φαί-

319 1730 469 1801 Ξχρις
503 1722 564 1783 οὗ
612 1730 679 1783 ἂν
715 1732 744 1784 ό
790 1728 1030 1801 προσιὼν
1066 1727 1166 1797 τῆς

319 1818 478 1890 ιαιρὸς
503 1858 519 1882 ,
571 1817 658 1871 ἰ’να
702 1815 812 1871 τῶν
886 1815 1188 1889 τηνικαῦτα
1247 1814 1601 1885 ἐκκεντησάν-

319 1910 392 1963 ’.τὰ
419 1910 517 1983 τὴν
544 1909 905 1982 προφητείαν,
931 1908 1253 1983 ἑωρακότων
1282 1907 1375 1961 τὸν
1407 1908 1599 1961 ἐκκεν-

328 2053 342 2078 ,
378 2005 520 2066 οὕτω
546 2012 641 2065 καὶ
668 2011 729 2065 τὸ
749 2010 1072 2082 λειπόμενον
1101 2007 1410 2072 ἀκολούθως
1438 2007 1601 2078 γένη-

319 2132 447 2169 ντων
477 2113 586 2185 γὰρ
617 2115 676 2167 ὲν
699 2113 777 2186 τῷ
802 2111 976 2185 καιρῷ
1001 2110 1096 2165 τοῦ
1142 2109 1329 2174 τέλους
1365 2110 1601 2165 ὑποτάσ-

323 2205 625 2278 μελλόντων
661 2205 741 2277 τῷ
774 2202 1018 2277 Χριστῷ,
1070 2202 1146 2266 ὡς
1194 2202 1223 2254 ό
1281 2200 1601 2265 ’Δπόστολος

319 2299 575 2354 maxaera
597 2298 777 2364 αὐτὸς
804 2295 1247 2366 ὑποταγήσεται
1271 2291 1351 2359 τῷ
1377 2291 1598 2347 ὑποτά-

319 2390 463 2457 κύτῷ
494 2392 566 2444 τὰ
604 2390 820 2443 πάντα.
865 2389 994 2442 Ὅτε
1033 2386 1214 2441 τοίνυν
1255 2383 1599 2456 μανθάνομεν

325 2501 351 2547 ς
373 2482 718 2555 ἀνθρωπίνης
747 2480 968 2552 σαρκὸς,
1003 2479 1070 2549 ἣν
1109 2477 1176 2562 δι’
1200 2478 1349 2563 ἡμᾶς
1380 2474 1597 2546 ἀνείλη-

319 2576 456 2643 όγος,
495 2573 598 2645 πρὸ
617 2571 981 2644 τετρακοσίων
1008 2570 1106 2640 οὐχ
1131 2567 1268 2622 ὅλων
1300 2566 1458 2633 ἐτῶν,
1475 2566 1597 2621 τότε

319 2675 409 2729 καὶ
431 2675 491 2727 ὲν
522 2676 634 2737 τοῖς
667 2671 950 2743 μέλλουσιν
978 2668 1173 2723 αἰῶσιν
1209 2670 1239 2723 ό
1260 2668 1433 2737 Λόγος
1463 2666 1594 2732 ἕξει,

319 2775 473 2848 μόνου
487 2774 579 2827 τοῦ
599 2773 697 2843 τῆς
725 2771 957 2843 κρίσεως
982 2768 1195 2842 καιροῦ.
1230 2761 1464 2838 ’Δνάγκη
1487 2766 1596 2840 γὰρ

352 2865 447 2921 τοῦ
498 2865 778 2937 προφήτου
807 2862 996 2933 λεχθὲν
1024 2861 1172 2933 ἔργῳ
1207 2859 1592 2931 βεδαιωθῆναι.

319 2975 386 3013 ἀι
433 2958 566 3027 γὰρ,
627 2955 826 3027 φησὶν,
888 2956 975 3020 είς
1025 2953 1098 3007 ὃν
1147 2951 1590 3020 ἐξεκέντησαν·

1702 494 1722 529 ι
1765 488 1988 550 μινυς·
2029 478 2205 548 populi
2252 481 2323 534 ¹⁹.
2380 498 2400 531 s
2438 478 2601 535 Aliud
2640 496 2654 533 z
2694 478 2955 539 Dominus
3015 486 3269 555 regnavit,

1701 584 1721 620 t
1765 566 1989 623 exsultet
2029 578 2191 624 terro.
2239 568 2474 627 Omnino
2514 572 2787 628 sexcentis
2826 572 2955 630 licet
2985 590 3053 631 ex
3097 580 3271 631 abnn-

1702 680 1723 714 ι
1767 662 1920 718 danti
1982 664 2310 720 testimoniis
2363 665 2470 720 hoc
2525 665 2664 721 idem
2722 667 3115 736 comprobare,
3178 669 3269 726 vix

1701 772 1722 807 ι
1768 755 1918 824 regni
1964 755 2048 810 sni
2099 754 2315 811 initium
2359 757 2633 812 hominem
2680 771 2778 827 per
2819 759 3057 815 Veritum
3107 776 3267 817 acce-

1701 864 1721 899 «
1769 848 1938 918 pisse.
1971 846 2127 914 Quod
2155 848 2201 903 si
2233 850 2384 919 regni
2413 849 2627 905 initium
2665 852 2874 923 accepit
2931 852 3093 910 homo
3119 864 3268 911 ante

1701 958 1723 993 r
1767 955 1943 996 annos
1969 940 2206 996 nondum
2232 955 2361 997 cccc
2374 941 2691 1014 completos,
2715 945 2845 1000 nihil
2872 953 2955 1001 est
2979 946 3200 1003 absurdi
3219 947 3271 1006 si

1702 1051 1723 1085 ι
1759 1034 2049 1103 Apostolus
2098 1032 2345 1105 affirmet,
2394 1034 2547 1090 illum
2603 1037 2705 1106 qui,
2747 1039 2962 1108 accepit
3011 1054 3265 1111 regnum.

1701 1142 1721 1177 r
1764 1125 1927 1181 annis
1972 1124 2171 1181 abhinc
2231 1136 2339 1180 tam
2389 1127 2732 1197 paucissimis
2765 1128 3000 1198 elapsis,
3049 1144 3267 1186 sursum

1702 1234 1723 1268 r
1766 1216 2101 1273 redditurum
2133 1231 2254 1273 esse
2291 1232 2517 1289 regnum
2552 1220 2685 1285 Deo,
2711 1220 2804 1290 qui
2835 1220 3009 1289 illum,
3039 1233 3100 1278 ut
3124 1222 3273 1279 Scri-

1700 1324 1721 1359 ι
1766 1316 1922 1376 ptura
1972 1308 2089 1373 ait,
2130 1308 2414 1364 constitnit
2461 1323 2663 1380 regern.
2718 1328 2738 1363 s
2797 1309 2930 1367 Post
2974 1326 3145 1382 pauca
3190 1312 3269 1369 ita

1697 1398 1888 1454 scribit
1935 1397 2036 1472 [R.
2069 1398 2207 1472 cttt]
2238 1416 2254 1454 ι
2285 1406 2344 1465 ᾖ(
2391 1401 2607 1471 «Igitur
2644 1400 2760 1458 sola
2808 1402 3161 1472 operatione,
3213 1412 3268 1459 et

1705 1507 1726 1541 r
1770 1492 1989 1558 quidem
2022 1492 2125 1546 sub
2154 1500 2419 1562 praetextu
2441 1492 2644 1557 carnis,
2681 1493 2960 1565 hucusque
2986 1504 3269 1567 seperatus

1706 1599 1727 1633 ι
1774 1597 1803 1634 a
1853 1574 2011 1638 Patre
2071 1582 2307 1647 videtur,
2365 1597 2539 1652 usque
2586 1584 2715 1639 dum
2752 1584 3033 1642 advenerit
3075 1585 3268 1656 judicii

1704 1685 1724 1721 t
1770 1681 2004 1741 tempus,
2033 1680 2092 1726 ut
2116 1672 2347 1742 quieum
2379 1672 2835 1731 transfixerantin
2857 1689 2982 1731 eum
3015 1676 3267 1732 intuean-

1195 1726 1431 1800 aptet-:wc
1462 1727 1594 1779 ἀπ’
1627 1742 1671 1799 Β
1704 1778 1724 1814 ι
1773 1771 1860 1814 tut·
1885 1775 2045 1830 quem
2079 1760 2483 1830 transfixerunt,
2537 1772 2593 1818 et
2639 1764 2716 1819 ita
2759 1764 2973 1822 demum
3021 1766 3074 1822 id
3123 1768 3268 1838 quod

1706 1868 1728 1903 r
1771 1854 2020 1922 sequitur
2056 1853 2506 1925 complementum
2544 1871 2702 1912 suum
2746 1858 3026 1915 sortiatur.
3073 1858 3268 1916 Omnia

1705 1961 1727 1997 ι
1771 1946 1940 2010 enim,
1992 1959 2117 1999 cum
2169 1955 2293 2016 post
2335 1947 2597 2015 iudicium
2655 1948 2991 2020 subjicienda
3045 1952 3268 2009 Christo

1705 2056 1727 2089 ι
1767 2038 1899 2096 sint.
1933 2039 2389 2107 quemadmodum
2441 2043 2705 2097 asseritur
2739 2044 2818 2097 ab·
2841 2044 3120 2114 Apostolo,
3155 2055 3268 2101 tum

1707 2147 1728 2181 ι
1768 2137 1818 2183 et
1845 2130 1956 2198 ipse
1998 2128 2311 2197 subjicietur
2336 2130 2437 2199 itti,
2466 2133 2555 2201 qui
2592 2134 2694 2203 ipsi
2720 2135 2897 2189 omniu
2925 2138 3196 2206 supposuit
3219 2137 3268 2171 ⁸⁶

1703 2218 1798 2291 [cs.
1834 2233 1889 2289 p.
1928 2218 2032 2275 190
2054 2218 2158 2292 AJ.
2204 2219 2470 2287 Quocirca
2508 2237 2628 2279 cum
2663 2223 3013 2282 didicerimus
3066 2213 3279 2309 huma-2

1705 2329 1725 2363 ι
1772 2326 1896 2366 nsm
1919 2317 2167 2377 carnem,
2191 2327 2354 2383 quam
2372 2328 2472 2383 pro
2498 2314 2656 2372 nobis
2682 2319 2977 2388 assumpsit
3004 2318 3280 2391 Ἶιιώιιιιι,ι

1703 2421 1725 2456 r
1773 2414 1899 2458 ante
1945 2419 2117 2461 annos
2149 2420 2277 2461 cccc
2309 2414 2450 2463 totos
2476 2423 2582 2464 non
2617 2420 2982 2481 assumptam,
3020 2417 3268 2472 eamdem

1703 2510 1725 2546 ι
1773 2493 1948 2565 ipsum
1982 2501 2316 2550 retenturum
2349 2499 2750 2566 cognoscimus,
2787 2516 2895 2557 non
2922 2502 3063 2559 ultra
3078 2504 3268 2575 judicii

1703 2599 1725 2634 r
1774 2592 1983 2654 tempus
2002 2584 2069 2649 ‚in
2100 2584 2283 2640 tuturo
2308 2586 2527 2642 saecnlo.
2560 2586 2791 2645 Necesse
2833 2602 2916 2648 est
2956 2594 3102 2650 enim
3136 2610 3268 2653 con·

1703 2689 1725 2725 ι
1768 2674 2028 2729 summari
2070 2689 2269 2745 opere,
2313 2677 2456 2747 quod
2504 2678 2669 2734 verbo
2711 2681 3029 2747 praedictum
3073 2684 3177 2746 suit
3234 2702 3269 2745 a

1703 2781 1724 2816 r
1767 2764 2049 2834 propheta.
2094 2765 2354 2822 Videbunt
2393 2770 2552 2834 enim,
2586 2769 2782 2841 inquit,
2826 2771 2883 2827 iu
2920 2773 3072 2829 illuns
3110 2792 3267 2847 quem

1702 2871 1722 2905 ι
1768 2856 2238 2923 transfoderunt⁸¹.
2275 2857 2503 2915 Carnem
2533 2875 2662 2918 vero
2683 2864 2827 2933 quod
2853 2863 3021 2935 liquet
3048 2868 3267 2925 transil-

1702 2962 1722 2996 ι
1769 2956 1983 3002 xerunt.
2013 2966 2033 2999 s
2076 2948 2141 3003 Et
2188 2950 2383 3008 iterum
2437 2948 2539 3023 [R.
2584 2950 2720 3026 clv]
2761 2972 2831 3012 :t
2880 2954 2998 3013 Non
3039 2958 3162 3017 ideo
3206 2970 3269 3019 ut

319 3068 445 3122 qeav
460 3050 535 3114 δὲ,
562 3048 719 3119 δῆλον
748 3049 850 3112 ὅτι,
870 3046 970 3117 τὴν
1007 3047 1240 3118 σάρκα.»
1276 3045 1388 3098 Καὶ
1422 3063 1592 3117 προσ·
1619 3074 1662 3134 C
1700 3058 1720 3092 ι
1763 3056 1915 3097 suam
1962 3042 2251 3099 utilitatem
2304 3047 2653 3117 procuraret',
2700 3061 2916 3121 carnem
2973 3055 3267 3124 assumpsit

319 3146 346 3195 ‚v
376 3144 539 3213 {cepa
565 3141 737 3210 λέγων
756 3157 769 3170 -
802 3158 821 3191 c
856 3140 979 3192 ὀτι
1010 3138 1119 3209 γὰρ
1147 3139 1244 3208 οὐχ
1272 3138 1338 3191 ἵν’
1364 3141 1392 3192 ὁ
1422 3138 1595 3207 Λόγος
1703 3148 1723 3183 ι
1771 3140 2047 3198 nostram.
2076 3133 2170 3189 sed
2195 3145 2255 3189 ut
2285 3149 2385 3205 per
2411 3133 2573 3192 Verbi
2603 3139 3060 3209 communionem,
3109 3143 3267 3202 carni

319 3238 368 3305 ᾖ,
398 3236 497 3305 τὴν
525 3232 806 3304 ἡμετέραν
835 3230 1093 3301 ἀνείληφε
1127 3229 1326 3300 σάρκα,
1357 3228 1470 3282 ἀλλ’
1509 3230 1596 3283 ἵνα

319 3325 402 3380 διὰ
420 3325 517 3397 τὴν
539 3324 674 3395 πρὸς
700 3323 791 3376 τὸν
806 3322 975 3391 Λόγον
999 3320 1281 3375 κοινωνίαν
1301 3320 1597 3386 ἀθανασίας

319 3417 443 3490 ῆλόν
467 3418 583 3469 ἔστι
609 3413 704 3468 καὶ
749 3414 840 3467 ὑπ’
887 3412 1060 3484 αὐτῆς
1096 3411 1197 3483 τῆς
1223 3411 1319 3465 τοῦ
1345 3412 1598 3485 Σωτῆρος

319 3526 438 3573 εως.
464 3507 601 3581 Περὶ
627 3504 736 3579 γὰρ
772 3505 872 3577 τῆς
904 3505 1127 3577 σαρκὸς,
1152 3505 1220 3577 ἣν
1242 3505 1382 3577 ἔχων
1403 3504 1598 3577 ὡμίλει

319 3598 525 3672 θηταῖς,
553 3597 695 3651 οῦτω
719 3596 865 3666 λέγει
886 3613 901 3627 ·
938 3596 1120 3652 Τοῦτο
1151 3594 1309 3667 ὑμᾶς
1333 3596 1599 3653 σκανδα-

325 3690 435 3747 ectr
461 3685 578 3747 οὖν
626 3689 791 3759 ἴδητε
839 3686 948 3743 τὸν
974 3688 1112 3742 Υίὸν
1149 3688 1258 3744 τοῦ
1282 3688 1598 3761 ἀνθρώπου

396 3783 548 3839 ὅπου
609 3777 690 3854 ἦν
734 3780 803 3836 τὸ
851 3779 1184 3851 amem:
1240 3781 1309 3835 τὸ
1363 3781 1602 3853 πνεῦμα

319 3875 381 3943 εἴ,
410 3874 449 3944 ἡ
476 3874 633 3943 σὰρξ
664 3871 845 3928 οὐδὲν
868 3871 1104 3942 ὠφελεῖ.
1133 3872 1198 3926 Et
1224 3866 1318 3927 οὖν
1346 3872 1601 3945 ὁμολογεῖ

319 3985 404 4023 »κα
430 3966 592 4039 μηδὲν
611 3965 840 4036 ὠφελεῖν
864 3963 1050 4028 αὐτὸν,
1090 3964 1207 4029 πῶς
1235 3967 1467 4039 ἐγχωρεῖ
1499 3964 1599 4038 τὴν

324 4077 386 4114 τε
407 4055 572 4113 οὖσαν
602 4058 700 4113 καὶ
720 4055 885 4129 μηδὲν
914 4054 1229 4124 ὠφελοῦσαν
1244 4096 1260 4122 ,
1285 4057 1379 4110 καὶ
1402 4058 1461 4111 ὲν
1487 4060 1600 4119 τοῖς

319 4170 380 4207 τιν
410 4152 600 4206 αίῶσιν
624 4150 700 4214 ὡς
730 4148 877 4221 αὐτῷ
907 4148 1287 4203 λυσιτελοῦσαν
1316 4148 1426 4221 (81)
1477 4166 1602 4203 συν·

319 4244 343 4316 ἶ)
365 4244 524 4315 Λόγῳ
545 4261 560 4310 ;
579 4241 678 4295 Διὰ
702 4241 862 4295 τοῦτο
881 4238 990 4311 γάρ
1015 4256 1102 4311 μοι
1125 4240 1270 4295 δοκεῖ
1293 4240 1386 4295 καὶ
1412 4241 1442 4294 ό
1466 4258 1602 4296 παν-

319 4353 384 4407 ορ
413 4334 688 4406 Δεσπότης
717 4333 853 4406 πρὸς
885 4334 1045 4389 αὐτὸν
1072 4334 1271 4402 λέγειν·
1302 4332 1500 4388 Κάθου
1531 4332 1600 4387 ὲκ

1704 3241 1724 3276 ι
1771 3222 2060 3294 largiretur
2085 3226 2569 3285 immortalitatem.
2610 3227 2725 3284 lloe
2755 3229 2840 3286 vel
2866 3231 2935 3286 ab
2975 3233 3093 3303 ipso
3136 3232 3263 3291 Ser-

1703 3329 1724 3364 «
1770 3322 1962 3371 vatore
2009 3323 2177 3386 patet.
2231 3314 2307 3374 De
2355 3331 2520 3374 carne
2553 3320 2698 3374 enim
2741 3319 2796 3375 in
2844 3335 2951 3393 qus
2993 3339 3115 3380 cum
3150 3327 3265 3385 suis

1703 3422 1725 3458 ι
1771 3405 2051 3477 discipulis
2077 3409 2415 3476 versabatur,
2451 3411 2529 3466 ait
2557 3427 2572 3466 ι
2606 3410 2836 3469 Boeeine
2880 3430 2971 3470 vos
3000 3420 3267 3475 scandati-

1705 3514 1727 3551 ι
1769 3508 1854 3552 sut
1876 3498 1900 3552 2
1925 3497 2067 3564 Quid
2086 3501 2135 3555 si
2154 3501 2373 3556 uideatis
2386 3499 2585 3557 Filium
2618 3504 2841 3560 {taurinis
2865 3522 2927 3562 eo
2953 3513 3225 3567 abeuntem
3241 3557 3259 3584 ,

1705 3610 1728 3645 r
1773 3594 1862 3647 ubi
1891 3596 2036 3663 prius
2070 3594 2275 3663 suerat?
2295 3598 2511 3667 spiritus
2526 3600 2772 3670 vivificat,
2795 3617 2918 3658 earo
2934 3613 3108 3659 autem
3127 3604 3263 3662 ,nihil

1705 3702 1727 3738 ι
1768 3687 1977 3755 prodest
2006 3685 2051 3719 ’¹
2069 3684 2165 3759 [cs.
2189 3703 2245 3760 p.
2271 3686 2343 3744 ⁴3
2366 3687 2411 3743 1)
2440 3688 2586 3763 lln.].
2618 3692 2770 3759 Quod
2799 3694 2845 3749 si
2871 3694 3102 3751 fateatur
3128 3695 3266 3753 nihil

1705 3795 1728 3830 r
1776 3778 1911 3848 ipsis
1969 3792 2188 3835 carnem
2229 3782 2522 3852 prodesse,
2576 3785 2843 3853 quomodo
2892 3790 3262 3857 concesserit,

1706 3886 1728 3921 r
1767 3868 1916 3924 illam
1963 3885 2082 3940 quae
2105 3872 2173 3926 de
2204 3880 2349 3927 terra
2379 3871 2679 3939 oriebatur,
2724 3890 2845 3945 quae
2874 3876 3007 3932 nihil
3045 3879 3265 3948 prosue-

1705 3977 1725 4013 t
1770 3970 1874 4029 rat,
1915 3977 2036 4033 quae
2070 3962 2204 4018 nituit
2233 3963 2509 4034 proderit,
2559 3966 2613 4021 in
2654 3964 2848 4023 futuris
2885 3971 3096 4027 saeculis
3138 3987 3262 4027 cum

1705 4070 1726 4104 ι
1772 4050 1952 4108 Verbo
1985 4052 2271 4122 copulari!
2314 4053 2397 4110 ot)
2424 4054 2563 4111 hanc
2586 4065 2732 4111 certe
2765 4070 2981 4113 causam
3010 4059 3263 4132 omnipo·

1705 4160 1724 4193 ι
1766 4148 1886 4197 tens
1937 4142 2196 4199 Dominus
2239 4144 2453 4200 videtur
2510 4145 2641 4200 mibi
2694 4146 2773 4203 sic
2831 4146 3020 4205 affatus
3069 4150 3262 4210 illum:

1705 4251 1725 4286 ι
1765 4232 1900 4289 Sede
1956 4251 1990 4289 a
2041 4235 2243 4291 dextris
2275 4238 2424 4305 meis,
2452 4253 2714 4308 quousque
2758 4256 2979 4309 posuero
3017 4244 3264 4300 inimicos

1707 4342 1727 4376 r
1766 4333 1885 4379 tuos
1910 4326 2191 4381 scabellum
2220 4328 2409 4394 pedum
2437 4338 2648 4384 tuorum
2686 4330 2750 4385 ⁸⁸.
2784 4330 3011 4401 Propter
3040 4348 3264 4391 carnem

338 4445 481 4498 μου,
514 4427 624 4492 ἕως
653 4424 731 4479 ἂν
759 4424 840 4480 θῶ
868 4426 1006 4493 τοὺς
1033 4425 1288 4496 ἐχθρούς
1306 4438 1423 4478 σου
1453 4425 1602 4479 ὑπο-
1631 4428 1680 4489 0
1710 4434 1730 4468 ι
1776 4415 2069 4473 humanam
2117 4418 2330 4474 videtur
2391 4422 2523 4475 mihi
2586 4421 2697 4476 sola
2744 4423 3058 4493 operatione
3109 4424 3263 4481 illum

333 4518 450 4573 τῶν
473 4517 672 4571 ποδῶν
698 4532 834 4581 σου,
856 4517 1102 4589 ἐνεργείᾳ
1126 4516 1261 4587 μόνῃ
1281 4513 1369 4568 διὰ
1394 4514 1493 4586 τὴν
1519 4515 1614 4567 άν-

1716 4526 1739 4561 r
1777 4522 2051 4578 separare,
2078 4516 2133 4565 et
2158 4511 2445 4567 terminum
2473 4512 2546 4567 illi
2565 4511 2766 4583 lingere
2783 4515 3133 4569 constitutum
3150 4530 3266 4572 ses-

319 4629 382 4684 ην
412 4611 610 4681 σάρκα,
640 4606 1070 4680 χωρίζειναῦτὸν
1089 4604 1282 4669 δοκῶν,
1307 4603 1402 4659 καὶ
1423 4602 1611 4675 ὥσπερ
1713 4615 1736 4650 ι
1775 4598 1945 4655 sionis
1997 4616 2028 4653 a
2078 4601 2284 4657 dextris
2332 4601 2452 4667 Dei.
2509 4613 2669 4671 atque
2718 4603 2866 4659 illum
2916 4606 2993 4660 ita
3042 4604 3261 4675 affatus,

319 4719 418 4757 τινα
458 4700 647 4773 χρόνον
683 4699 878 4772 ὁρίζων
905 4697 1052 4770 αὐτῷ
1079 4697 1176 4765 τῆς
1209 4699 1267 4752 ὲν
1302 4696 1453 4767 δεξιᾷ
1473 4694 1608 4749 καθ-

1709 4708 1731 4738 ι
1776 4706 1939 4761 usque
1964 4690 2088 4745 dum
2102 4707 2322 4760 posuero
2344 4693 2585 4748 inimicos
2600 4702 2717 4748 tuos
2742 4694 3022 4751 scabellum
3047 4696 3264 4765 pedibus

337 4791 649 4862 οὖτωφησὶ
686 4789 822 4861 πρὸς
855 4788 1017 4842 αὐτόν
1039 4803 1054 4818 ·
1087 4788 1234 4853 Ἕως
1262 4785 1338 4839 ἂν
1359 4782 1442 4838 θῶ
1465 4782 1607 4850 τοὺς
1708 4799 1728 4833 ι
1775 4782 1897 4836 tuis.
1936 4780 2313 4852 Propheticum
2350 4782 2452 4839 boc
2509 4784 2726 4841 navidis
2754 4787 2972 4843 effatum
3020 4789 3261 4861 explica·

321 4906 352 4952 ς
367 4899 483 4938 σου
507 4881 836 4937 ὑποπόδιον
863 4878 981 4934 τῶν
995 4874 1521 4933 ποδῶνσου.”1”οῦτο
1543 4874 1600 4928 δὲ

319 4972 529 5047 ρητικὸν
557 4971 651 5026 τοῦ
682 4970 847 5024 Δαυῖδ
888 4968 1002 5042 (82)
1047 4968 1208 5042 ῥητὸν
1259 4965 1594 5036 σαφέστερον

323 5065 569 5139 μηνεύων
586 5066 615 5117 ό
643 5058 1292 5151 ίερδςᾌπόστολος,οὖτω
1321 5075 1438 5122 πως
1467 5058 1590 5129 ἔφη·

324 5226 492 5280 Paris.
522 5240 643 5295 pag.
669 5224 756 5280 5¹.

319 5336 328 5350 .
404 5297 450 5330 ⁸³
465 5296 737 5361 Psakon,
769 5294 822 5349 t.
898 5292 944 5326 ⁸⁸
966 5291 985 5346 l
1007 5288 1350 5358 Cor.xv,25.

319 5436 756 5493 ,υσιτελοῦσαη
811 5434 971 5490 Deest
1029 5440 1156 5488 ante
1189 5432 1331 5489 hanc
1381 5447 1593 5497 vocem,

1707 4890 1727 4926 ι
1771 4872 1876 4927 tius
1903 4873 2138 4929 elucidat
2172 4884 2394 4931 sanctus
2419 4877 2708 4946 Apostolus
2735 4879 2805 4934 ad
2831 4881 2972 4935 hune
3000 4886 3215 4938 modum
3240 4897 3261 4937 τ

1707 4982 1728 5016 r
1769 4962 1983 5034 Oportet
2015 4964 2161 5019 illum
2198 4980 2415 5034 regnare
2453 4981 2721 5036 quousque
2758 4970 2984 5039 posuerit
3022 4972 3261 5027 inimicos

1704 5075 1724 5109 ι
1770 5056 1936 5127 ipsius
1962 5056 2349 5128 suppedaneum
2374 5059 2591 5127 pedibus
2622 5060 2736 5130 ejus
2772 5059 2838 5116 ⁸⁸.
2867 5080 2887 5114 s
2925 5061 3263 5134 Dispensatio

863 5222 911 5256 ’⁸
936 5221 1079 5277 Psal.
1108 5236 1171 5286 tt,
1196 5219 1250 5276 6.
1301 5223 1351 5256 ss
1379 5219 1521 5277 Psal.
1564 5234 1724 5285 xcvt,
1772 5219 1823 5273 i.
1904 5217 2125 5277 ⁸·lCor.
2150 5233 2237 5285 xv,
2262 5216 2353 5273 28.
2429 5218 2472 5251 ⁸¹
2496 5218 2729 5276 zachar.
2750 5236 2845 5289 ιιι,
2865 5221 2954 5278 to.
3028 5223 3073 5257 ⁸⁸
3099 5222 3258 5282 ioan.

1700 5433 1795 5506 ρόν
1852 5431 2000 5498 fecit;
2026 5442 2081 5487 at
2114 5434 2228 5502 ipse
2250 5434 2501 5490 Christus
2528 5439 2840 5506 pronuntiet
2866 5454 3085 5495 carnem
3124 5438 3257 5495 nihil

319 5509 425 5563 nihil
466 5520 589 5563 -tnm
645 5505 978 5575 profuturam
1018 5518 1235 5558 carnem
1300 5503 1355 5557 in
1414 5502 1594 5559 futuro
1695 5503 1971 5571 prodesse;
2027 5504 2155 5574 quid
2207 5520 2336 5574 ergo
2387 5506 2487 5576 ipsi
2516 5516 2575 5560 'o
2614 5523 2676 5563 us
2722 5508 2809 5563 illa
2862 5524 3045 5575 carne,
3089 5510 3141 5563 in
3172 5514 3259 5563 tu-

319 5578 760 5649 quemadmodum
818 5589 919 5629 nec
965 5574 1019 5628 in
1074 5574 1198 5626 isto.
1265 5571 1371 5628 Pro
1409 5568 1590 5627 ὡσαύ·

363 5648 512 5719 αὐτῷ
568 5648 779 5716 legitur.
838 5642 933 5699 Est
1007 5650 1224 5706 autem.
1284 5656 1349 5697 sc
1409 5642 1457 5695 si
1518 5644 1590 5696 ita

320 5729 504 5775 aretur
553 5736 567 5772 ι
618 5718 766 5804 pens
828 5713 961 5772 nihil
1013 5709 1214 5782 φαῦλον
1264 5721 1355 5769 aut
1415 5711 1589 5783 φλυα-

1697 5580 1819 5627 turo
1839 5572 2037 5628 saeculo
2057 5588 2163 5627 non
2193 5572 2516 5644 profutura?
2594 5614 2610 5630 .
2637 5607 2709 5621 —
2745 5578 2945 5646 Scripsi
2978 5577 3055 5643 ὡς
3082 5578 3250 5651 αὐτῷ.

1764 5641 1877 5713 (82)
1926 5642 2106 5699 Τοῦτο
2120 5642 2189 5697 δὲ
2214 5642 2283 5698 τὸ
2329 5646 2700 5715 προφητικὸν
2717 5648 2823 5708 τοῦ
2844 5648 3045 5705 Δαυτδ.
3086 5648 3253 5705 Recte

1693 5712 1967 5784 componit
2029 5713 2115 5771 hic
2175 5715 2515 5786 Apostolum,
2563 5726 2615 5773 et
2650 5728 2837 5778 ,vatem
2874 5718 3102 5792 regium,
3148 5718 3244 5798 sed
