3692 6134
776 374 865 430 ΒΕ
896 374 1054 432 FIDE
1083 378 1455 436 ADVERSUS
1492 379 1908 437 SABELLtUM.
1947 411 2020 425 -—
2051 381 2178 438 Lm.
2221 384 2287 440 tt.

3018 392 3157 450 tom

319 490 576 546 uaerendi.
604 490 736 559 Quae
757 505 887 563 ergo
910 494 1107 550 debent
1138 498 1346 566 quaeri?
1370 512 1491 567 quae
1516 504 1565 562 A
1589 507 1644 554 et
1662 514 1770 555 «nos
1799 498 1853 554 in
1876 515 2013 570 pace
2036 500 2269 566 vocavit,
2305 516 2414 559 non
2445 510 2621 560 tamen
2655 505 2724 561 ad
2754 506 2901 565 litem
2932 526 2948 563 ε
2977 524 3154 582 pugna

340 580 638 653 Scripturis
659 582 835 654 posita
867 602 883 639 ι
911 600 1032 655 quae
1056 595 1234 644 autem
1256 587 1311 643 in
1338 587 1488 644 Scri·

1585 603 1695 645 non
1729 588 1913 656 docet,
1959 591 2054 647 sed
2083 592 2274 647 incitat
2303 595 2478 665 magis
2527 614 2541 650 ε
2572 596 2640 653 Ιίε
2678 613 2786 655 non
2826 613 3029 664 monet.
3057 604 3153 658 sed

319 674 636 741 nvenimus,
684 689 794 730 non
842 690 1172 746 quaeramus.
1230 677 1287 734 Si
1335 679 1483 736 enim
1581 678 1853 737 flammam
1883 684 2152 741 accendit.
2183 685 2472 743 Contentin
2495 700 2675 746 autem
2699 692 2854 763 equis
2880 696 3152 759 convenit,

319 764 386 821 »is
413 779 538 823 esse
576 768 816 838 cognita,
845 770 1033 840 utique
1074 770 1310 841 Spiritus
1351 788 1483 830 san·

1583 785 1690 827 non
1720 782 1901 829 tamen
1932 773 2187 833 Ecclesiae
2210 776 2327 833 Dei.
2360 776 2460 847 Qui
2485 780 2635 836 novit
2662 796 2725 838 ea
2746 797 2869 854 quae
2897 783 3153 855 possibile

319 863 352 913 it
393 873 458 914 ea
505 858 560 915 in
594 858 892 931 Scripturis
927 877 1081 918 :non
1109 878 1300 919 sumus
1333 865 1479 922 enim
1579 871 1669 918 est
1715 864 1879 930 scire,
1922 865 2113 922 doceat
2153 882 2277 923 cum
2321 870 2585 928 modestia
2632 886 2758 930 eum
2781 874 2874 945 qui
2914 875 3149 948 ignorat,

318 966 349 1006 a
396 952 604 1022 Spiritu
648 962 858 1013 sancto.
897 953 958 1010 Si
1006 954 1208 1011 dixerit
1244 954 1479 1027 Spiritus
1580 962 1897 1011 nontamen
1934 957 2288 1015 incitamento
2332 977 2349 1015 ε
2390 962 2972 1023 incitamentumenim
2998 976 3053 1023 et
3079 968 3149 1023 ad

319 1045 619 1099 mationem
656 1045 772 1116 ejus
800 1045 916 1115 quis
944 1046 1215 1100 enarrabit
1237 1047 1322 1101 ⁸³?
1366 1049 1476 1106 noli

319 1149 364 1190 ιε
398 1135 466 1191 ab
513 1134 842 1202 hominibus,
899 1150 1073 1205 neque
1127 1137 1196 1191 ah
1245 1137 1475 1208 angelis.

319 1238 330 1281 t
371 1224 628 1295 Spiritus.
656 1225 793 1281 dixit
823 1225 969 1281 enim
999 1227 1124 1296 quia
1165 1228 1474 1297 generatio-

319 1336 339 1376 ε
360 1318 673 1375 enarrabit?
701 1318 794 1389 qui
824 1326 1003 1373 autem
1027 1319 1274 1375 concedit
1300 1319 1474 1389 Spiri-

319 1411 461 1468 Unus
493 1412 630 1468 Deus
659 1427 726 1466 ex
747 1426 849 1481 quo
882 1418 1003 1465 sunt
1039 1411 1239 1477 omnia,
1258 1420 1310 1465 et
1337 1428 1474 1467 unus

319 1519 337 1555 r
360 1519 452 1572 per
471 1518 624 1573 quent
654 1511 774 1557 sunt
801 1500 980 1555 omnia
1006 1500 1052 1533 ⁸⁸
1079 1516 1096 1556 ε
1120 1500 1472 1572 quemadmo-

323 1594 446 1650 ilius
490 1609 555 1650 ex
584 1594 766 1657 Patre,
790 1594 952 1649 crede
983 1594 1031 1648 ei
1065 1594 1156 1664 qui
1204 1594 1375 1658 novit,
1420 1594 1471 1648 ei

321 1687 426 1742 Sed
457 1695 509 1740 tu
532 1685 755 1756 quaeriS,
779 1694 833 1740 et
866 1685 990 1755 quis
1017 1696 1101 1741 est
1123 1686 1216 1755 qui
1245 1685 1472 1756 promit-

1577 1057 1643 1098 ea
1679 1058 1801 1114 quae
1827 1053 2015 1116 aperta
2065 1057 2194 1103 sunt
2237 1052 2635 1109 contentionem
2678 1056 2818 1125 parit
2871 1074 2891 1114 ε
2915 1073 3024 1115 non
3072 1059 3148 1114 ita

1574 1134 1968 1205 periclitemur,
2014 1140 2111 1195 sed
2145 1148 2259 1197 tute
2291 1142 2599 1213 loquamur.
2642 1144 2700 1202 Si
2731 1148 2861 1217 quid
2885 1150 3147 1218 scriptum

1575 1242 1685 1283 non
1719 1236 1825 1294 εει,
1886 1244 1953 1285 ηε
1986 1232 2203 1302 quidem
2238 1234 2453 1291 dicatur
2491 1252 2509 1294 t
2553 1237 2601 1293 si
2630 1237 2758 1307 quid
2801 1249 2981 1295 autem
3010 1241 3147 1295 scri·

1572 1330 1726 1391 ptum
1756 1329 1857 1387 est,
1900 1337 1969 1378 ne
2008 1323 2288 1381 deleatur:
2312 1326 2429 1383 Non
2464 1344 2653 1385 sumus
2698 1329 2840 1386 enim
2872 1339 3145 1398 auctores,

1574 1413 1670 1467 sed
1698 1411 1968 1484 discipuli.
2010 1412 2124 1470 Non
2169 1430 2291 1487 quae
2324 1418 2597 1487 volumus,
2643 1421 2738 1477 sed
2774 1437 2837 1477 ea
2876 1422 3145 1494 quaeiegi-

1572 1517 1695 1559 mus
1730 1521 1745 1559 ε
1781 1520 1887 1561 non
1917 1521 1980 1561 ea
2011 1522 2131 1576 quae
2154 1524 2221 1563 ex
2251 1511 2415 1566 corde
2443 1522 2589 1580 sunt,
2611 1514 2708 1569 sed
2735 1528 2798 1569 ea
2827 1531 2944 1586 quae
2966 1532 2996 1571 a
3027 1518 3143 1588 spi-

1574 1593 1681 1648 ritu
1714 1596 1766 1649 in
1791 1596 2091 1668 Scripturis
2128 1601 2329 1656 sanctis
2362 1613 2491 1658 sunt
2518 1605 2711 1674 posita.
2745 1608 2877 1674 Quis
2905 1611 3045 1665 enim
3080 1626 3143 1670 es

1575 1693 1630 1739 tu
1663 1686 1756 1755 qui
1806 1688 1944 1744 dicis
1970 1699 2065 1744 aut
2096 1692 2187 1761 qui
2236 1693 2434 1749 audis?
2470 1695 2584 1749 vuit
2630 1696 2827 1767 aliquis
2866 1697 3140 1757 Christum

345 1778 522 1832 omnis
567 1777 714 1831 enim
760 1778 1066 1847 quicunque
1098 1777 1368 1848 promittit
1410 1792 1470 1834 se
1500 1806 1544 1863 B
1573 1775 1875 1844 honorare3
1925 1788 1986 1834 ut
2025 1781 2139 1836 vult
2198 1784 2311 1852 ipse
2342 1785 2611 1852 Christus,
2652 1803 2758 1843 non
2801 1798 2977 1845 tamen
3000 1802 3059 1846 ut
3081 1802 3139 1848 tu

319 1887 370 1925 nx
407 1878 509 1925 est.
567 1868 942 1925 Pronuntiavit
988 1870 1132 1925 enim
1185 1868 1462 1939 Dominus,

338 1963 483 2018 norit
542 1962 644 2019 nisi
706 1962 858 2018 sotus
908 1962 1071 2019 Pater
1123 1961 1361 2031 Filium,
1410 1972 1467 2019 et

319 2076 347 2110 ι.
396 2055 502 2110 Sed
529 2054 661 2110 dicit
691 2053 910 2124 quidam
945 2073 959 2110 ε
995 2054 1309 2123 ignoramus
1332 2068 1464 2125 ergo

320 2188 334 2213 ,
366 2153 420 2201 et
463 2147 588 2216 quia
636 2161 740 2202 non
775 2158 935 2202 natus
964 2156 1067 2214 est,
1100 2155 1157 2202 et
1194 2148 1465 2203 nescimus

319 2249 414 2295 tet
451 2239 756 2309 unigenitus
790 2247 874 2294 est
925 2237 1132 2297 Filius?
1185 2240 1464 2308 Quomodo

321 2348 382 2387 us
429 2333 553 2403 quia
597 2339 755 2388 natus
797 2331 918 2386 est?
973 2333 1097 2402 quia
1137 2343 1316 2387 autem
1356 2339 1462 2397 est,

319 2421 590 2493 Scriptura
621 2441 635 2478 ε
664 2423 1115 2493 quemadmodum
1153 2432 1332 2478 autem
1355 2433 1462 2488 est,

319 2520 372 2578 ιι,
398 2513 538 2569 nulla
578 2498 720 2568 valet
756 2524 946 2568 natura
976 2513 1178 2576 dicere,
1204 2526 1375 2584 neque
1395 2512 1464 2569 de

322 2604 388 2657 de
408 2601 562 2657 Filio.
598 2601 700 2670 Qui
720 2601 865 2657 euim
898 2601 1075 2656 dixit:
1116 2599 1286 2656 Nemo
1321 2600 1464 2656 not-ie

319 2692 478 2747 Filius
500 2694 563 2753 ⁸⁰,
592 2696 706 2764 ipse
737 2693 870 2749 dixit
900 2693 1026 2762 quia
1057 2700 1107 2747 et
1137 2689 1336 2746 Filium
1372 2708 1463 2748 ne·

320 2784 480 2840 Pater
498 2785 565 2837 ⁰⁰.
595 2784 1052 2851 Quemadmodum
1078 2784 1222 2838 enim
1246 2783 1464 2854 capiunt

1567 1865 1672 1924 vis.
1704 1867 1761 1922 Si
1787 1880 1966 1924 autem
2005 1880 2199 1941 praeter
2219 1874 2271 1927 id
2309 1876 2450 1943 quod
2483 1877 2599 1931 vuit
2632 1878 3005 1948 honoraveris,
3037 1882 3139 1939 hoe

1567 1971 1669 2013 nor
1690 1967 1814 2014 tuus
1841 1960 1911 2015 ad
1932 1963 2317 2018 contumeliam
2352 1976 2716 2024 convertetur.
2757 1970 2813 2025 Si
2845 1972 3138 2032 interemo-

1566 2049 1643 2107 eis
1670 2048 1787 2119 ejus
1812 2051 2053 2119 Patrem,
2085 2068 2193 2109 non
2227 2055 2507 2110 honorasti
2527 2060 2857 2127 progeniem.
2888 2060 2946 2116 Si
2972 2062 3140 2120 inter·

1564 2143 1762 2199 emeris
1799 2142 2022 2211 Filium,
2065 2159 2173 2199 non
2213 2144 2468 2201 dimisisti
2502 2147 2719 2204 Patrem
2766 2150 2819 2204 in
2850 2150 3135 2210 honorem.

1567 2233 1625 2288 Si
1658 2232 1799 2288 enirn
1846 2247 1952 2288 non
1988 2232 2188 2288 dixeris
2227 2242 2434 2304 patrem
2471 2235 2706 2304 Patrem,
2740 2248 2794 2294 et
2824 2238 3016 2304 Filium
3045 2239 3139 2297 Fi·

1564 2326 1716 2393 lium,
1773 2340 1950 2396 neque
2001 2325 2215 2381 Patrem
2246 2343 2418 2398 neque
2476 2328 2670 2384 Filium
2706 2344 2770 2386 co
2811 2309 3001 2387 tit'eris.
3032 2332 3135 2400 Qui

1556 2416 1705 2476 ,enim
1740 2416 1855 2473 baec
1886 2417 2040 2484 dicit,
2072 2418 2195 2474 sine
2245 2417 2358 2474 Deo
2409 2428 2513 2476 est.
2547 2419 2605 2475 Si
2631 2434 2663 2477 ε
2704 2420 2717 2433 “
2831 2421 2994 2478 Pater
3026 2438 3135 2479 non

1564 2516 1650 2564 εει
1672 2508 1833 2565 Pater
1858 2547 1877 2575 ,
1933 2510 2048 2581 ipse
2084 2511 2227 2566 enim
2260 2510 2425 2568 Filius
2466 2520 2526 2566 ut
2606 2513 2620 2527 ’
2660 2525 2681 2580 ς
2727 2513 2925 2570 iterum
2966 2514 3135 2573 Filius

1561 2614 1668 2656 non
1705 2608 1789 2655 est
1809 2599 1851 2657 f
1855 2598 1998 2667 iiius,
2033 2600 2149 2671 ipse
2193 2600 2337 2658 enim
2369 2611 2424 2659 et
2455 2601 2586 2688 Pate
2648 2601 2808 2660 Pater
2836 2615 2919 2661 est
2958 2618 3016 2660 ut
3046 2606 3133 2661 di-

1562 2692 1641 2748 cis
1671 2690 1808 2764 (94).
1851 2691 2112 2763 Sequitur
2133 2693 2452 2763 periculum,
2481 2691 2749 2765 nt‘neque
2776 2696 2940 2752 Pater
2972 2695 3134 2755 Pater

1560 2781 1655 2849 sit,
1700 2797 1875 2852 neque
1904 2781 2076 2850 Filius
2123 2783 2317 2853 Filius,
2370 2773 2425 2839 et
2475 2783 2605 2855 quid
2644 2785 2989 2843 tenebimus?
3026 2785 3133 2843 Sed

320 2878 445 2931 lium
477 2877 615 2932 facta
645 2884 790 2941 sunt,
822 2889 983 2930 nosse
1017 2890 1139 2929 eum
1176 2888 1270 2943 per
1303 2873 2055 2962 quemetet.,Putur‚xere
2079 2881 2185 2939 est,
2219 2889 2323 2931 non
2357 2890 2524 2931 vacua
2554 2890 2656 2930 vox
2684 2875 2779 2931 sed
2812 2885 3001 2932 natura
3032 2892 3130 2933 ve-

320 2969 415 3034 ».Si
459 2970 622 3036 igitur
648 2968 1083 3039 imaginem-non
1119 2968 1228 3022 nati
1268 2961 1460 3031 natust

319 3054 495 3128 nosse,
523 3060 969 3131 quemadmodum
1004 3058 1176 3128 ipsum
1199 3057 1461 3129 principa-

1559 2963 1756 3021 ritatis.
1790 2962 1910 3020 Non
1945 2979 2118 3021 vanus
2146 2979 2349 3030 sermo,
2372 2965 2467 3021 sed
2493 2981 2655 3021 verus
2698 2964 2860 3023 Deus.
2890 2968 3006 3024 Non
3036 2969 3130 3041 qui

1561 3054 1781 3119 dicitur,
1811 3054 1906 3111 sed
1928 3055 1976 3111 is
2008 3056 2099 3126 qui
2123 3065 2206 3111 est
2233 3072 2250 3111 ε
2282 3070 2387 3111 non
2409 3068 2477 3110 ex
2513 3056 2598 3111 his
2624 3071 2744 3127 quae
2772 3058 3001 3114 dicimus
3031 3059 3132 3115 iin-

319 3154 633 3209 ffehendere
666 3152 789 3222 quis
819 3160 995 3223 potest
1023 3162 1083 3206 m
1107 3151 1288 3206 norit?
1321 3149 1461 3206 Sunt
1484 3146 1532 3211 c
1559 3146 1723 3215 gitur,
1772 3146 1869 3212 sed
1905 3145 2052 3217 quod
2077 3154 2162 3201 est
2187 3146 2521 3216 agnoscitur.
2569 3144 2729 3201 Pater
2769 3147 2912 3202 enim
2953 3162 3131 3221 neque

319 3260 362 3299 m
396 3244 554 3299 nohis
582 3244 827 3311 dicenda,
862 3251 987 3299 sunt
1031 3251 1086 3299 et
1107 3243 1350 3313 quaedam
1387 3240 1463 3297 si-

318 3373 333 3389 .
373 3337 512 3393 Sunt
548 3337 790 3406 quaedam
820 3336 875 3391 in
909 3336 1146 3405 cogitatu
1175 3333 1457 3400 movenda,

322 3436 377 3483 et
400 3429 743 3482 veneratione
775 3442 879 3484 non
911 3427 1193 3484 movenda.
1231 3425 1368 3482 Sunt
1392 3424 1460 3481 de

320 3520 385 3574 tit
429 3518 541 3589 sapi
584 3536 599 3573 ε
642 3528 767 3573 sunt
812 3525 867 3572 et
911 3518 976 3573 de
1018 3517 1212 3589 quibus
1249 3527 1461 3589 oportet

318 3625 419 3681 luae
440 3618 664 3680 possunt
700 3609 880 3679 lingua
905 3609 1253 3680 interpretari
1285 3627 1299 3664 ε
1333 3619 1460 3665 sunt

319 3711 356 3756 ιι
390 3701 639 3773 religiose
677 3701 864 3755 taceri.
903 3699 1078 3755 Dicito
1113 3714 1270 3766 sane,
1311 3699 1459 3756 Unus

319 3801 401 3848 int
430 3792 628 3857 omnia,
657 3802 713 3847 et
755 3792 929 3847 nulius
955 3792 1149 3862 poterit
1172 3792 1458 3862 reprehen-

319 3894 405 3939 ιει
429 3882 828 3953 reprehenderit
849 3883 988 3953 quis,
1017 3898 1119 3938 non
1147 3893 1197 3937 te
1217 3883 1308 3938 sed
1333 3897 1454 3937 eum

319 3976 341 4029 »i
382 3986 559 4029 autem
589 3986 643 4030 et
680 3973 902 4030 Paulum
924 3974 1017 4043 qui
1050 3974 1267 4042 scripsit
1295 3972 1455 4026 audet

319 4070 456 4131 dere,
486 4082 594 4122 non
622 4066 867 4131 Paulum,
897 4067 992 4121 sed
1029 4082 1151 4121 eum
1181 4065 1271 4134 qui
1307 4078 1453 4119 sem·

319 4156 385 4225 ⁸5)
422 4156 629 4211 locutus
673 4167 757 4212 est
791 4154 1040 4212 Christus
1084 4153 1449 4224 reprehendit.

319 4247 378 4299 sti
406 4248 568 4301 verba
602 4247 993 4316 reprehendere
1016 4242 1139 4312 quis
1158 4241 1321 4297 [uerit
1356 4257 1454 4294 au·

338 4338 586 4392 Christus
634 4355 649 4392 :
681 4337 811 4402 Quoe
857 4351 949 4405 eqo
983 4335 1170 4406 loquor
1200 4350 1304 4387 non
1329 4339 1451 4386 sunt

319 4445 343 4482 r
371 4431 459 4499 qui
479 4430 617 4483 misit
652 4445 753 4494 me,
781 4429 889 4496 ipse
918 4429 1149 4499 loquitur
1172 4442 1363 4495 verme
1381 4426 1448 4479 ⁹¹.

352 4519 577 4590 gentiles
609 4534 814 4583 sumus,
857 4534 1030 4589 neque
1051 4516 1243 4583 Judaei,
1279 4531 1452 4585 neque

319 4613 434 4668 tiles
463 4612 604 4667 enim
636 4627 741 4667 non
781 4627 984 4679 sumus,
1025 4612 1152 4682 quia
1186 4625 1288 4666 non
1319 4610 1453 4665 dici-

319 4705 377 4759 aei
404 4719 508 4759 non
532 4718 740 4766 sumus,
763 4702 884 4772 quia
910 4714 965 4757 et
983 4702 1256 4759 Christum
1283 4703 1448 4758 Deum

319 4792 529 4847 [aeretici
562 4802 742 4846 autem
774 4791 894 4846 ideo
933 4807 1038 4847 non
1082 4806 1290 4857 sumus,
1325 4792 1449 4862 quia

319 4897 401 4936 um
442 4897 561 4937 esse
588 4880 681 4952 qui
723 4881 890 4946 venit,
920 4896 1079 4949 quem
1114 4880 1449 4949 praevenicus

319 4983 490 5028 tntum
530 4988 626 5044 per
654 4976 942 5043 prophetas
985 4972 1294 5042 praedicavit
1324 4985 1452 5024 ven-

318 5078 345 5118 s
373 5063 514 5118 enim
550 5062 781 5120 noluerit
820 5063 988 5127 litem,
1040 5076 1174 5131 opus
1207 5076 1311 5116 uon
1351 5063 1449 5116 ha-

327 5170 412 5209 am
471 5155 731 5212 dubitatio
789 5156 928 5211 inter
978 5153 1172 5209 fratres
1218 5173 1233 5209 ε
1277 5154 1452 5224 primo

344 5255 638 5317 quaeratur,
665 5256 726 5300 ut
747 5246 888 5301 inter
919 5245 1132 5301 fratres.
1163 5244 1277 5299 Non
1306 5246 1449 5299 enim
1507 5302 1511 5306 ,

322 5348 372 5394 ει
407 5338 548 5393 Deus
591 5347 686 5393 aut
736 5338 850 5406 irat,
885 5340 975 5393 sed
1018 5337 1166 5407 pacis
1194 5338 1241 5370 '¹
1275 5355 1289 5391 ε
1323 5336 1450 5407 quia

319 5526 359 5582 3.
434 5523 481 5558 ⁸⁸
513 5521 680 5581 icor.
705 5538 825 5593 vni,
847 5534 901 5582 o.
973 5522 1018 5557 ⁸·
1047 5521 1239 5578 Matth.
1266 5538 1347 5589 ιι,
1370 5521 1460 5595 27.
1534 5525 1580 5558 ⁸⁶
1611 5523 1740 5580 ibid.
1815 5522 1861 5555 ⁸¹
1883 5522 2041 5580 ioan.
2064 5537 2165 5590 xn,
2189 5522 2281 5579 ts.
2354 5520 2593 5576 ’¹1Cor.
2636 5532 2746 5582 xtv,
2770 5516 2862 5572 55.

321 5640 474 5708 elem,
500 5641 822 5714 ἀρχέτυπον.

354 5714 527 5779 proin
547 5730 629 5769 eo.
671 5712 712 5765 ΙΙ
737 5712 862 5769 Cor.
892 5725 1009 5776 xm,
1035 5709 1098 5765 t:
1125 5708 1206 5763 An
1239 5709 1445 5779 experi-

319 5782 380 5839 tis
406 5783 519 5853 ejus
551 5781 639 5855 qui
667 5784 719 5838 in
741 5798 822 5840 me
844 5780 1074 5855 loquitur
1105 5780 1382 5838 Christus?

1559 3257 1627 3298 ex
1655 3242 1783 3309 alio,
1804 3258 1980 3315 neque
2004 3257 2098 3315 per
2137 3242 2322 3312 alium,
2354 3260 2528 3315 neque
2564 3245 2731 3311 aliud,
2762 3247 2856 3303 sed
2898 3248 3016 3317 ipse
3043 3256 3130 3303 est

1559 3336 1653 3405 qui
1676 3344 1776 3392 est.
1814 3335 1979 3407 Forte
2008 3338 2153 3394 enim
2202 3347 2258 3395 ει
2281 3354 2347 3394 ex
2384 3337 2675 3408 semetipso
2704 3346 2760 3394 et
2798 3352 2893 3409 per
2923 3348 3129 3394 semet-

1559 3428 1732 3500 ipsum
1755 3448 1771 3499 ;
1796 3429 1952 3487 nobis
1978 3431 2375 3503 quodammodo
2405 3432 2735 3487 conveniens
2758 3439 2843 3487 est
2868 3446 3049 3488 sermo
3068 3442 3127 3488 ut

1559 3518 1791 3577 dicatur.
1832 3519 2070 3577 Necdum
2128 3531 2306 3578 tamen
2351 3521 2442 3577 ilia
2485 3521 2873 3592 interpretatur
2912 3534 3124 3579 natura.

1558 3606 1667 3665 Nos
1685 3609 1829 3663 enim
1854 3619 1911 3663 ut
1935 3623 2040 3665 non
2074 3619 2345 3668 taceamus
2365 3612 2485 3668 ideo
2510 3611 2759 3667 dicimus.
2786 3610 2924 3681 Quid
2944 3624 3125 3670 autem

1557 3706 1641 3754 est
1666 3696 1809 3753 Deus
1845 3712 1953 3753 non
1987 3699 2447 3770 interpretamur:
2480 3698 2609 3768 quid
2634 3698 2780 3754 enim
2823 3699 3014 3754 horum
3044 3700 3126 3753 in-

1560 3789 1877 3859 terpretatio
1910 3798 1995 3845 est
2028 3789 2145 3856 Dei,
2180 3790 2297 3846 siue
2327 3789 2504 3856 initio,
2545 3804 2650 3843 non
2686 3799 2867 3852 natus,
2902 3789 3125 3842 immor-

1559 3880 1702 3951 talis,
1736 3882 2102 3952 incorruptuS,
2130 3881 2505 3946 immutabilis,
2536 3881 2847 3947 immobilis,
2879 3880 3122 3934 inacces-

1554 3973 1750 4040 sibilis,
1781 3972 2183 4039 inenarrabilis,
2232 3971 2831 4042 incomprehensibilis?
2864 3970 2969 4025 Per
3007 3970 3124 4026 haec

1555 4080 1685 4136 ergo
1710 4066 1891 4121 omnia
1941 4080 2051 4122 non
2077 4074 2161 4121 est
2186 4066 2391 4120 dictum
2438 4064 2565 4134 quid
2601 4073 2704 4131 est,
2728 4064 2823 4119 sed
2848 4061 2977 4133 quid
3013 4075 3120 4116 non

1554 4167 1641 4214 εει
1679 4173 1698 4228 3
1736 4158 1883 4213 velut
1931 4158 1978 4214 si
2000 4159 2125 4229 quis
2152 4156 2501 4228 interpretari
2534 4171 2642 4212 non
2674 4154 2943 4211 sufficiens
2976 4153 3121 4223 quod

1552 4256 1640 4304 est
1677 4248 1880 4316 iumen,
1930 4247 2076 4303 dicat
2103 4248 2245 4317 quod
2276 4262 2382 4302 non
2415 4256 2499 4302 est
2531 4245 2897 4300 tenebrosum.
2932 4242 3121 4297 Dicere

1553 4350 1733 4396 autem
1758 4340 1900 4411 quod
1925 4341 2261 4395 tenebrosum
2293 4345 2519 4406 nonest,
2556 4350 2660 4390 non
2693 4334 2866 4391 solum
2897 4345 2999 4386 non
3023 4345 3119 4385 ex-

1555 4432 1731 4487 hibuit
1752 4443 2003 4487 naturam
2035 4429 2274 4493 luminis,
2308 4432 2401 4484 sed
2430 4437 2485 4482 et
2510 4427 2681 4498 magis
2714 4427 2947 4495 ipsarum
2975 4430 3118 4475 tene-

1553 4523 1772 4577 brarum
1812 4530 2060 4577 naturam
2092 4519 2329 4590 negavit.
2372 4516 2697 4572 immortaiis
2722 4514 2866 4569 enim
2897 4512 3113 4578 dicitur,

1551 4614 1678 4683 quia
1708 4628 1812 4668 non
1835 4613 2120 4678 morietur,
2152 4621 2205 4668 et
2232 4610 2571 4678 incorruptus
2600 4608 2724 4677 quia
2753 4621 2857 4661 non
2879 4620 3117 4661 corrum-

1551 4704 1714 4774 pitur.
1741 4699 1861 4758 Non
1904 4713 2080 4768 natus,
2122 4701 2213 4771 qui
2238 4700 2450 4755 initium
2481 4712 2587 4753 non
2617 4695 2797 4752 habet.
2833 4694 2956 4749 Haee
2991 4706 3113 4748 om·

1550 4793 1637 4849 nia
1666 4808 1771 4848 uon
1802 4790 1933 4864 quid
1966 4801 2048 4847 εει
2086 4790 2225 4846 Deus
2253 4789 2408 4853 dicit,
2454 4788 2549 4844 sed
2597 4786 2725 4857 quid
2756 4800 2860 4840 non
2884 4793 2987 4845 est.
3032 4782 3111 4840 lta

1550 4900 1649 4957 per
1679 4898 1743 4940 ea
1775 4898 1896 4955 quae
1927 4884 2157 4940 dicimus
2194 4883 2313 4939 sine
2344 4879 2790 4950 interpretatione
2826 4891 2949 4931 eum
2976 4891 3112 4932 con·

1546 4977 1779 5035 litemur.
1814 4976 1874 5032 Si
1909 4975 2203 5031 dixerimus
2229 4986 2353 5029 eum
2379 4973 2581 5030 iontem
2619 4969 2886 5034 veritatis,
2919 4982 3113 5025 nomen

1548 5066 1827 5123 veritatem
1849 5082 1957 5122 non
1983 5064 2219 5121 exhibet.
2263 5062 2369 5119 Sed
2394 5065 2519 5134 quia
2546 5077 2652 5119 non
2676 5062 2936 5117 hahemus
2968 5058 3113 5129 quod

1545 5158 1810 5224 dicamus,
1853 5172 1921 5213 ex
1975 5157 2060 5213 his
2104 5172 2226 5228 quae
2275 5157 2536 5212 habemus
2574 5153 2841 5219 dicamus,
2887 5151 3112 5205 mutuati

1545 5248 1737 5303 alienis
1768 5247 2077 5304 nominibus
2112 5246 2227 5321 (95)
2260 5249 2462 5304 utimur
2494 5262 2508 5298 τ
2551 5244 2672 5299 fons
2692 5243 2836 5298 enim
2862 5239 3100 5308 agnosci-

1549 5347 1637 5394 tur
1674 5338 1814 5393 unde
1843 5347 1948 5404 est,
1979 5338 2119 5395 Deus
2148 5347 2326 5394 autem
2363 5349 2469 5391 non
2507 5334 2669 5391 habet
2696 5331 2868 5396 unde,
2900 5337 2954 5383 et
2993 5327 3113 5382 fons

1637 5639 1707 5696 st
1757 5638 1855 5696 Με.
1879 5639 1949 5694 Et
1980 5637 2139 5693 Pater
2162 5648 2258 5700 est,
2290 5648 2343 5691 nt
2363 5636 2515 5691 dicis.

1615 5640 1706 5785 {95
1760 5710 1859 5771 Hs.
1890 5710 1942 5766 ss
1950 5709 2149 5765 utitatis
2175 5708 2359 5764 alienis
2385 5703 2700 5762 nominibus.
