3692 6134
916 318 1413 378 commmunia
1452 320 1521 378 ΙΝ
1561 323 1816 380 ΙΒΑΙΑΜ.
1857 357 1928 368 —-
1963 325 2113 384 cAP.
2155 326 2320 383 xxtt.

3127 338 3234 395 246

319 447 386 484 αι
430 429 519 486 διὰ
547 431 753 488 τούτων
785 434 876 489 τὸν
903 434 1037 492 Θεὸν
1063 437 1166 510 τὴν
1187 437 1457 511 ἀποὸολὴν
1479 438 1574 494 τοῦ
1604 443 1651 501 Α
1675 440 1794 513 ejus
1817 443 2036 498 ruinam
2064 445 2377 516 significare
2408 448 2569 515 velle,
2609 447 2865 519 ipsosque
2891 451 2944 505 in
2979 452 3239 526 alienige-

319 520 356 575 n
379 522 477 595 τὴν
503 524 734 598 ἐσχάτην
760 526 1076 583 ἀπύπτωσιν
1109 530 1349 602 σημῆναι
1381 529 1567 602 βουλό-

319 610 386 684 ιῷ
401 613 634 684 τάγματι
653 617 761 669 τῶν
776 617 1087 688 ἀλλοφύλων
1113 621 1309 685 αὐτοὺς
1334 622 1570 677 κατατά-

322 720 351 767 ς
378 705 932 780 παραληφθένταςτῆς
957 709 1071 764 τῶν
1097 710 1409 783 ἀλλοφύλων
1425 713 1567 785 Γρα-

320 837 323 844 .
348 794 443 850 καὶ
462 794 561 868 τὴν
581 797 787 853 πτῶσιν
811 799 914 872 τῆς
950 800 1300 876 Ἰερουσαλὴμ
1328 804 1568 876 ἠγοῦμαι

344 884 435 940 διά
463 885 623 940 τοῦτο
661 887 921 960 φάραγγα
958 889 1099 945 Σιὼν
1126 890 1427 964 ὀνομάζων.
1456 891 1571 946 Καὶ

319 976 569 1050 ιέμφεται
593 979 624 1033 ὁ
649 979 783 1045 θεὸς
800 979 897 1035 τοῦ
936 981 1202 1038 Ἰουδαίων
1232 982 1419 1047 ἔθνους
1444 982 1571 1048 τοὺς

319 1087 375 1135 ις
403 1069 498 1125 τοῦ
530 1070 699 1142 ὕψους
726 1071 823 1128 τοῦ
842 1071 1125 1141 θεοσεόοῦς
1153 1074 1565 1148 πλιτεύματος,

319 1179 360 1216 ;ν
389 1162 599 1219 κοιλάσι
630 1163 728 1220 καὶ
750 1165 811 1219 ἐν
835 1165 1077 1238 φάραγξι
1119 1167 1215 1222 τοῦ
1243 1168 1347 1240 τῆς
1373 1167 1569 1234 κακίας

322 1254 736 1321 απεπτωκὸτας.
786 1255 931 1313 Σιὼν
985 1257 1087 1330 μὲν
1111 1257 1223 1332 γάρ
1261 1259 1388 1333 ὅρος
1420 1260 1569 1316 ἐστὶν

319 1346 345 1395 ι’
375 1342 435 1400 οὗ
462 1348 493 1400 ὁ
535 1345 673 1411 νεὼς
698 1346 797 1402 τοῦ
824 1347 961 1404 Θεοῦ
993 1349 1327 1424 ᾠκοδόμητο·
1350 1350 1431 1407 διὸ
1478 1351 1567 1406 λέ-

321 1437 422 1490 Επ’
447 1436 572 1509 ὄρος
593 1437 795 1511 ὑψηλὸν
816 1439 1070 1514 ἀνάῦηθι,
1101 1443 1134 1498 ὁ
1152 1442 1565 1517 εὐαγγελιζόμε-

325 1548 343 1580 ι
382 1531 499 1593 καὶ,
530 1549 549 1583 ι
595 1531 1039 1607 Προσεληλύθατε
1090 1534 1233 1592 Σιὼν
1279 1536 1417 1611 δραι,
1464 1539 1562 1593 καὶ

339 1619 541 1687 ζῶντος
580 1623 928 1701 Ἰερουσαλὴμ
964 1627 1291 1704 ἐπουρανίῳ.
1333 1649 1352 1686 t
1387 1632 1501 1687 nat
1530 1631 1561 1683 ὁ

319 1713 655 1783 εύαγγελικὸς
677 1716 766 1772 διὰ
792 1717 885 1773 τοῦ
904 1717 1179 1793 Σιὼνδρος
1198 1720 1563 1794 σημαίνεσθαι

1670 545 1868 587 narum
1894 531 2083 590 ordine
2113 549 2414 605 reponere;
2442 552 2564 591 nam
2611 538 2770 594 medii
2810 539 2951 595 inter
2979 542 3238 615 alienige-

1668 635 1769 676 nae
1810 621 1864 676 ln
1917 621 2198 693 Scriptura
2244 625 2517 682 locantur.
2568 627 2676 683 Sed
2714 631 2880 685 etiam
2923 641 3056 703 puto
3107 648 3231 689 eum

1670 711 2054 786 llierosolymae
2081 716 2294 772 ruinam
2312 718 2605 787 declarare,
2634 719 2861 792 ideoque
2882 723 3076 780 vallem
3104 725 3234 782 Sion

1670 803 1843 873 ipsam
1893 819 2111 863 vocare.
2159 806 2414 878 Alioquin
2466 825 2598 867 vero
2628 826 2659 867 e
2703 811 3011 869 Judaeorum
3073 823 3237 884 gente

1668 895 1811 954 Deus
1832 912 1928 955 eos
1952 899 2223 972 coarguit,
2246 902 2338 972 qui
2368 916 2402 958 a
2420 902 2657 972 religiosi
2689 904 2921 962 instituti
2953 907 3237 964 cacumine

1668 987 2011 1054 deciderunt,
2034 1005 2136 1046 ceu
2170 992 2227 1047 in
2264 992 2432 1048 valles
2472 1003 2530 1049 et
2560 995 2848 1067 voragines
2876 996 3237 1066 profundissi-

1668 1093 1773 1135 nnze
1820 1079 2035 1137 malitiae
2082 1081 2309 1153 delapsi.
2337 1083 2547 1139 Etenim
2603 1082 2734 1140 Sion
2787 1100 2943 1142 mons
2976 1094 3060 1141 est
3092 1099 3233 1156 prae-

1666 1169 1828 1238 altus,
1859 1169 1916 1226 iu
1943 1185 2052 1240 quo
2080 1171 2337 1244 templum
2370 1172 2466 1228 Dei
2503 1173 2831 1229 aedillcatum
2866 1182 2985 1230 erat
3013 1192 3028 1228 :
3060 1189 3233 1246 quare

1666 1262 1961 1320 dicitur:‹
1990 1260 2166 1335 Super
2211 1273 2451 1320 montem
2514 1263 2787 1319 excelsum
2842 1266 3098 1333 ascende,
3138 1266 3232 1334 qui

1663 1354 2013 1426 evangelizae
2062 1354 2265 1422 Sion⁸3
2294 1373 2316 1408 ι
2374 1364 2429 1411 et
2481 1371 2496 1407 t
2550 1355 2924 1411 «Accessistis
2980 1356 3049 1411 ad
3102 1354 3237 1413 Sion

1662 1456 1932 1512 ntoutetn,
1964 1455 2020 1503 et
2065 1448 2339 1503 civitatem
2377 1446 2472 1505 Dei
2511 1445 2747 1501 viventis
2787 1444 3090 1503 Jerusalem
3116 1459 3233 1503 eoe-

1664 1535 1861 1594 lentem
1880 1538 1922 1596 ⁸.
1951 1556 1971 1591 ι
2008 1538 2388 1611 Evangelicunt
2429 1550 2612 1593 autem
2637 1551 2946 1595 sermonem
2973 1551 3072 1608 per
3103 1535 3236 1594 Sion

1666 1637 1906 1684 montem
1961 1627 2254 1701 significari
2299 1630 2553 1700 superius
2599 1636 3088 1685 commonstratum
3128 1637 3235 1685 est.

1665 1720 1767 1788 Qui
1814 1735 1980 1791 porro
2013 1736 2077 1776 ex
2125 1722 2230 1778 hac
2259 1736 2356 1792 spe
2385 1721 2719 1788 deciderunt,
2750 1721 2808 1777 iu
2837 1717 3034 1777 vallem
3080 1717 3234 1775 Sioni

319 1806 545 1878 προσ-θεν
572 1809 933 1866 ἐπεδείκνυτο.
964 1811 1030 1869 oi
1070 1812 1131 1868 δέ
1153 1813 1361 1884 ταύτης
1404 1814 1569 1866 ἐκπε-
1596 1798 1639 1853 Β
1667 1807 2008 1876 adJacentem
2030 1811 2231 1882 delapsi
2264 1825 2392 1869 sunt
2428 1833 2440 1868 ε
2470 1827 2596 1867 nam
2642 1826 2833 1869 rursus
2863 1811 3119 1868 virtutem
3149 1825 3236 1867 se·

319 1898 529 1964 ἐλπίδος
546 1900 606 1954 ἐν
629 1901 873 1974 φάραγγι
889 1903 1274 1975 παρακειμένῃ
1301 1901 1399 1972 τῆς
1426 1900 1570 1955 Σιὼν

320 2009 334 2022 ·
360 1991 521 2046 πάλιν
571 1993 681 2067 γάρ
711 1996 887 2068 ἀρετῇ
912 1994 1085 2048 κακία
1115 1992 1443 2063 παρέπεται,
1490 1992 1570 2055 είς

319 2101 353 2138 ει
383 2086 415 2139 ὁ
458 2086 556 2158 τῆς
588 2084 793 2158 ἀρετῆς
827 2082 1230 2151 ἐξολισθαίνων.
1260 2081 1415 2138 Οὕτω
1440 2081 1571 2149 γοῦν

320 2192 421 2240 εως
451 2174 920 2248 ἐξαμαρτάνοντες
944 2175 1025 2240 τίς
1038 2173 1295 2230 ἀπιστίαν
1318 2173 1570 2247 περιτρέ-

319 2267 493 2322 τοίνυν
516 2267 583 2322 ἐκ
602 2265 907 2340 περιτομῆς
924 2265 1073 2332 λαὸς,
1096 2263 1191 2321 τοῦ
1214 2264 1568 2335 εύαγγελικοῦ

319 2357 489 2418 πεσὼν.
534 2357 633 2414 καί
660 2357 763 2430 τῆς
806 2355 1134 2430 ἐπουρανίου
1162 2353 1301 2410 Σιὼν
1336 2355 1567 2411 ἀπαλλο-

319 2449 492 2515 ιίςτδν
525 2449 629 2522 τῆς
651 2449 913 2515 ἀπιστίας
940 2449 1279 2524 περιετράπη
1298 2448 1561 2523 κρημνόν·

338 2539 655 2611 ἀλλοφύλοις
682 2539 955 2611 ἐλογίσθη.
990 2538 1157 2595 ‘new
1189 2541 1226 2612 ἡ
1256 2538 1560 2612 προφητεία

319 2649 358 2702 [ν
383 2631 561 2687 αὐτῶν
599 2631 874 2704 ἀποδολήν
899 2629 1266 2703 αἰνιττομένη,
1294 2629 1359 2686 τὸ
1406 2630 1560 2702 ῥῆμα

319 2739 392 2790 ,νος
419 2722 740 2796 ἀνέγραψεν.
787 2722 936 2778 Ἐπεί
964 2723 1039 2796 μή
1062 2723 1180 2778 ἐστι
1204 2721 1561 2796 προσωπολη-

319 2816 383 2888 ιῷ
427 2815 569 2887 Θεῷ,
601 2814 793 2869 τούτου
829 2815 992 2887 χάριν
1019 2817 1079 2870 ἐν
1100 2817 1215 2879 τοῖς
1261 2814 1401 2870 κατά
1449 2815 1560 2869 τῶν

319 2904 553 2974 ἐλέγχοις
585 2904 749 2975 μέσος
770 2901 1103 2974 ἐμῦέὄληται
1131 2901 1227 2956 καὶ
1246 2901 1277 2953 ὁ
1304 2901 1433 2971 περὶ
1460 2900 1561 2971 τῆς

319 2997 442 3056 ,Διὸ
482 2995 577 3051 καὶ
602 2994 730 3058 τοὺς
756 2993 854 3066 τῆς
888 2992 1243 3065 Ἰερουσαλὴμ
1269 2993 1559 3065 οίκήτορας

319 3087 614 3159 ιλλοφύλοις
635 3085 957 3142 κατατάττει
983 3087 1013 3140 ὁ
1026 3084 1181 3150 Θεὸς,
1204 3084 1301 3138 καὶ
1320 3084 1419 3155 τὴν
1436 3084 1556 3138 κατ’

319 3178 457 3252 θέρει
482 3177 680 3250 ψῆφον-

319 3269 473 3343 ιήσθη
504 3271 539 3343 ἡ
571 3269 727 3335 πόλις
751 3267 1013 3340 βοώντων·
1032 3270 1082 3323 σί
1102 3267 1438 3341 τραυματίαι
1467 3285 1561 3322 σου

325 3363 400 3417 ίαι
417 3363 707 3434 μαχαίρας·
719 3360 827 3415 οὐδ’
838 3361 891 3415 οἱ
901 3359 1083 3431 νεκροί
1096 3375 1188 3413 σου
1205 3359 1390 3431 νεκροὶ
1407 3358 1562 3412 πολέ-

319 3451 436 3523 ιρῶν
451 3451 508 3505 δὲ
531 3452 561 3505 ὁ
590 3453 875 3523 προφήτης
901 3449 981 3522 esp
1000 3449 1269 3521 πνεύματι
1298 3449 1397 3514 τάς
1419 3448 1563 3502 κατά

319 3561 395 3609 ιος
439 3543 565 3614 βοὰς
602 3542 804 3612 αὐτῶν,
836 3545 933 3598 καὶ
968 3544 1067 3607 τὰς
1101 3543 1294 3608 ἀθέους
1314 3543 1434 3596 κατ’
1459 3544 1560 3596 αὑ-

319 3635 509 3709 ημίας,
571 3635 637 3689 δι’
692 3633 762 3700 ἀς
813 3633 1196 3707 ἀπεόληθησαν
1214 3674 1229 3701 ,
1288 3633 1558 3706 ἐπιφέρει·

319 3812 528 3886 ιήσθηὴ
546 3811 698 3876 πόλις
711 3810 973 3882 βοώντων.
1000 3811 1206 3877 Πάντες
1232 3814 1283 3866 οἱ
1305 3811 1563 3883 ἄρχοντές

319 3922 462 3975 γασι,
496 3903 590 3958 καὶ
633 3903 683 3956 οἱ
721 3902 938 3967 άλόντες
992 3904 1240 3976 σκληρῶς
1289 3903 1563 3974 δεδεμένοι

319 4038 322 4047 .
352 3997 624 4068 ἰσχύοντες
659 3999 716 4052 ἐν
749 3998 832 4052 σοὶ
855 3996 1044 4070 πόρρω
1074 3996 1393 4067 πεφεύγασι.
1424 4015 1443 4048 ι
1474 3997 1565 4050 Διὸ

319 4090 345 4144 i
372 4089 434 4143 τὸ
464 4087 690 4143 παλαιὸν
722 4091 848 4161 παρ’
874 4089 1059 4152 αὐτοῖς
1081 4089 1144 4143 ού
1184 4087 1440 4158 βασιλεῖς,
1465 4088 1564 4158 οὐχ

336 4185 437 4238 οὐκ
485 4184 777 4255 ἀρχιερεῖς,
829 4183 892 4238 ού
946 4183 1243 4253 προφῆται,
1293 4180 1407 4235 ἀλλ’
1444 4180 1565 4233 οὐδὲ

346 4276 470 4330 οὐδὲ
525 4274 888 4338 Σαδδουκαῖοι,
921 4273 1045 4327 ούδέ
1078 4274 1192 4327 ὅσοι
1237 4272 1300 4326 τὸ
1337 4272 1564 4327 παλαιὸν

319 4367 486 4429 ιύτοῖς
514 4365 709 4435 ἀρχαῖς
735 4362 1038 4433 τετίμηντο.
1063 4359 1248 4415 Ταῦτα
1286 4358 1507 4413 συνιδὼν
1536 4360 1566 4413 ὁ

319 4454 383 4528 τῷ
419 4452 711 4523 πνεύματι,
750 4451 847 4504 καὶ
873 4450 973 4523 τὴν
1004 4452 1070 4504 ὲκ
1104 4449 1360 4504 τοσούτου
1400 4447 1567 4519 ὕψους

319 4545 508 4619 ι’χάτην
540 4541 737 4598 κακίαν
779 4540 966 4614 ῶσπερ
1003 4540 1123 4596 τινά
1155 4540 1436 4613 φάραγγα,
1469 4539 1567 4613 τὴν

359 4633 630 4692 Ἰουδαίων
659 4630 789 4687 λαοῦ
805 4630 1202 4704 ἀπολοφύρεται
1230 4632 1424 4701 λέγων·

319 4812 410 4866 ῦτο
436 4807 585 4874 εἶπα,
615 4808 812 4879 ''Apa-i
846 4824 934 4880 με,
981 4805 1191 4879 πικρῶς
1238 4803 1561 4877 κλαύσομαι,

318 4902 495 4976 :tiones
530 4900 865 4973 παρακαλεῖν
907 4915 976 4971 με
1010 4898 1102 4952 ἐπὶ
1147 4897 1209 4951 τὸ
1251 4897 1562 4969 σύντριμμα

319 4997 407 5071 ρος
458 4996 552 5052 τοῦ
593 4996 781 5065 γένους
822 5011 945 5066 μου.
977 5012 999 5047 ι
1045 4988 1177 5048 Οἶδα
1216 4991 1346 5063 γάρ,
1379 4991 1563 5064 φησὶν,

319 5090 392 5145 ιαὶ
420 5088 498 5161 τῷ
532 5086 803 5157 πνεύματι
836 5082 1075 5157 προορῶ,
1102 5084 1197 5137 καὶ
1217 5082 1306 5135 διὰ
1328 5081 1397 5135 τά
1428 5097 1566 5153 προ-

319 5181 502 5245 πάντα,
544 5180 639 5233 καὶ
669 5177 705 5250 ἡ
735 5175 889 5242 πόλις
917 5177 953 5247 ἡ
978 5174 1057 5246 τῷ
1082 5173 1203 5244 Θ;ῷ
1231 5173 1568 5245 ἀνακειμένη

338 5274 433 5328 καὶ
469 5272 664 5336 πάντες
687 5272 738 5326 οἱ
774 5271 833 5323 ὲν
856 5269 992 5340 αὐτῇ
1031 5268 1110 5331 εἰς
1152 5266 1331 5339 χαράν
1362 5265 1570 5338 ἐχθρῶν

320 5382 485 5419 ονται.
518 5365 717 5435 Διόπερ
767 5359 1018 5417 ἐντεῦθεν
1071 5359 1175 5430 ἥδη
1205 5358 1570 5430 ἀποδύρομαι,

362 5458 455 5511 ἐπὶ
498 5455 739 5529 γνησίοις
769 5452 1004 5525 ἐμαυτοῦ
1066 5450 1389 5522 σπλάγχνοις
1438 5450 1572 5505 ἀπο-

320 5771 369 5824 ι,
402 5755 454 5810 0.
530 5754 549 5787 ⁸
577 5751 737 5810 liebr.
777 5767 873 5821 xii,
898 5749 985 5805 22³..

1670 1900 1859 1970 quitur
1895 1901 2122 1968 malitia,
2168 1904 2222 1957 in
2259 1918 2421 1973 quam
2453 1901 2657 1958 decidit
2693 1903 2884 1974 quiex
2915 1903 3118 1958 virtute
3144 1902 3238 1959 de-

1671 1990 1896 2046 labitur.
1920 1988 2014 2045 Sic
2041 1990 2205 2062 igitur
2235 1993 2326 2061 qui
2357 2007 2428 2047 ex
2458 1991 2567 2047 ilde
2595 1992 2852 2049 aberrant
2889 1995 2956 2051 ad
2983 1994 3237 2050 incredu-

1669 2079 1880 2138 litatem
1920 2091 2228 2138 vertuntur.
2266 2082 2504 2153 Populus
2540 2085 2728 2155 itaque
2759 2099 2825 2141 ex
2864 2086 3238 2144 circumcisio·

1670 2186 1761 2238 ne,
1801 2187 1871 2228 ex
1922 2172 2243 2244 evangelico
2290 2175 2574 2230 cacumine
2618 2175 2817 2246 lapsus,
2850 2184 2907 2231 et
2951 2192 2982 2231 a
3026 2178 3234 2234 coelesti

1669 2263 1802 2321 Sion
1830 2265 2187 2332 abalienatus,
2220 2266 2273 2322 in
2299 2266 2663 2338 praecipitium
2692 2267 3089 2325 incredulitatis
3111 2285 3231 2325 cor-

1666 2355 1777 2413 ruit
1813 2373 1829 2412 :
1873 2371 2044 2427 quare
2099 2357 2244 2414 inter
2321 2356 2657 2430 alienigenas
2719 2367 3021 2427 reputatur.
3082 2359 3236 2416 Unde

1662 2447 1947 2518 prophetia
1982 2457 2282 2505 extremam
2320 2463 2511 2506 eorum
2563 2448 2832 2520 repulsam
2881 2448 3231 2514 adumbrans,

1662 2537 1892 2594 verbum
1924 2540 2084 2595 vallis
2113 2539 2424 2611 descripsit.
2453 2540 2590 2609 Quia
2621 2556 2753 2598 vero
2778 2555 2884 2597 non
2915 2549 3002 2597 est
3045 2553 3229 2610 perso·

1660 2643 1856 2686 narum
1904 2630 2149 2700 acceptio
2196 2632 2335 2702 apud
2376 2632 2585 2700 Deum,
2633 2634 2755 2690 ideo
2811 2633 2866 2689 in
2907 2631 3234 2703 alienigena·

1662 2734 1784 2776 rum
1823 2720 2337 2791 reprehensionibus
2368 2721 2581 2777 medius
2605 2722 2672 2780 tle
2701 2721 2870 2779 Sione
2918 2735 3100 2779 sermo
3140 2720 3230 2776 in-

1659 2824 1842 2870 sertus
1876 2823 1982 2870 est.
2026 2812 2286 2881 Quocirca
2317 2813 2704 2887 Hierosolymae
2729 2815 2958 2877 incolas.
2988 2813 3142 2885 quasi
3177 2814 3232 2868 in

1660 2903 1988 2976 alienigenis
2033 2903 2176 2960 Deus
2221 2904 2525 2970 constituit,
2556 2905 2989 2976 sententiamque
3027 2904 3236 2975 prolert

1659 2998 1944 3054 adversum
1971 2995 2111 3054 illos.

1740 3250 1907 3309 Vens.
1931 3251 1987 3308 2.
2023 3269 2043 3306 ι
2072 3251 2299 3324 Repleta
2345 3261 2428 3310 est
2460 3262 2658 3310 cavitas
2689 3252 3051 3310 clamantibus
3078 3272 3092 3309 ε
3123 3255 3238 3309 vnl-

1667 3343 1841 3399 nerati
1880 3343 1982 3410 tui,
2011 3359 2122 3401 non
2158 3344 2427 3400 vulnerati
2465 3345 2675 3416 gladi03
2709 3359 2882 3414 neque
2904 3346 3100 3400 mortui
3135 3348 3234 3413 tui,

1668 3434 1866 3490 mortui
1894 3434 2057 3490 bello.
2082 3453 2104 3488 ι
2139 3434 2345 3506 Spiritu
2370 3438 2716 3506 conspicatus
2757 3436 3018 3508 propheta
3043 3452 3233 3494 eorum

1668 3536 1859 3582 contra
1912 3527 2255 3584 Salvatorem
2290 3528 2580 3595 clamores,
2627 3528 2928 3603 impiasque
2964 3531 3019 3587 in
3060 3532 3234 3603 ipsunt

1668 3619 2056 3691 blasphemias,
2088 3635 2322 3691 quarum
2366 3636 2536 3679 causa
2561 3621 2748 3691 rejecti
2787 3634 2937 3689 sunt,
2962 3623 3238 3696 subjungit

1669 3714 1796 3771 illud
1830 3729 1847 3771 ι

1741 3804 1904 3862 Vens.
1935 3806 1988 3861 3.
2030 3826 2049 3860 ι
2077 3806 2297 3877 Repleta
2337 3814 2420 3863 cst
2453 3806 2648 3864 civitas
2678 3807 3059 3866 clamantibus.
3107 3811 3237 3867 om·

1667 3911 1766 3954 nes
1800 3897 2072 3967 principes
2108 3898 2188 3954 tui
2235 3897 2514 3970 fugerunt,
2543 3908 2600 3955 et
2643 3900 2784 3970 capti
2831 3900 3036 3956 duriter
3069 3903 3238 3957 vincti

1668 4000 1818 4055 sunt,
1846 4000 1904 4044 et
1929 3990 2020 4060 qui
2055 3997 2303 4060 potentes
2347 4002 2474 4048 sunt
2519 3991 2574 4046 in
2607 4001 2681 4058 te,
2708 3991 2867 4063 louge
2898 3993 3171 4062 sugerunt.
3208 4012 3227 4045 ι

1667 4080 1849 4147 Quare
1881 4092 1989 4134 non
2022 4079 2255 4150 amplius
2281 4088 2340 4135 ut
2375 4079 2678 4152 antiquitus
2700 4096 2876 4153 reges»,
2912 4098 3015 4137 non
3049 4084 3238 4145 duces,

1669 4186 1777 4227 non
1811 4169 2147 4238 sacerdotes,
2174 4185 2283 4226 non
2328 4172 2607 4241 prophetae
2632 4173 2773 4242 apud
2803 4172 2922 4227 illos
2950 4182 3107 4232 sunu
3138 4173 3234 4227 scd

1670 4277 1846 4333 neque
1893 4262 2171 4329 Pharisaei‚
2215 4276 2391 4332 neque
2434 4262 2701 4328 Saducaei,
2737 4278 2913 4332 neque
2958 4261 3045 4315 alii
3080 4274 3240 4331 ιμιοι-

1671 4361 1804 4422 quot
1818 4351 1948 4407 olim
1984 4366 2172 4407 eorum
2200 4352 2611 4423 magistratibus
2640 4351 2912 4423 perfuncti
2938 4361 3082 4406 stitit.
3117 4352 3242 4409 llaec

1671 4457 1795 4499 cum
1842 4444 2037 4515 spiritu
2083 4454 2332 4499 cerneret
2377 4444 2671 4515 propbeta,
2723 4457 2934 4499 necnon
2975 4442 3122 4499 illum
3171 4460 3240 4501 cx

1675 4543 1820 4591 tanta
1867 4534 2200 4590 sublimitate
2255 4535 2307 4588 in
2364 4543 2666 4590 extremam
2722 4532 3022 4594 maiitiam.
3052 4550 3148 4591 cen
3186 4537 3237 4592 in

1671 4625 1962 4698 quamdam
2007 4622 2225 4691 vallem,
2256 4624 2469 4680 ludaici
2511 4623 2692 4695 populi
2742 4622 2975 4694 lapsum,
3006 4625 3157 4681 luctu
3181 4641 3243 4683 se

1671 4713 1967 4770 discruciat
1997 4712 2184 4767 dicens
2217 4730 2231 4767 ι

1739 4804 1904 4863 Vens.
1946 4806 2001 4860 t.
2053 4802 2387 4873 «Propterea
2448 4802 2593 4869 dixi,
2658 4805 2820 4860 sinite
2887 4821 3012 4874 mc,
3059 4819 3243 4863 amare

1667 4900 1828 4966 flebo,
1875 4914 1979 4955 non
2027 4896 2273 4969 poteritis
2323 4895 2588 4951 consolari
2657 4912 2743 4952 me
2808 4913 2971 4968 super
3039 4899 3238 4955 contri-

1670 4992 1815 5048 tione
1868 4989 1989 5046 liliae
2039 4988 2257 5059 generis
2310 4988 2438 5044 mei.
2467 5008 2487 5042 ι
2523 4984 2658 5043 Nam
2691 5001 2944 5047 accurate
2974 4990 3120 5054 novi,
3165 4990 3238 5044 in·

1668 5083 1806 5154 quit,
1837 5090 1891 5138 et
1912 5082 2107 5154 spiritu
2136 5080 2428 5151 praevideo‚
2454 5081 2621 5137 etiam
2656 5095 2723 5137 ex
2753 5083 2821 5139 iis
2845 5083 3096 5139 onmibus
3122 5098 3242 5154 quae

1672 5189 1833 5245 supra
1876 5173 2019 5229 (licta
2069 5181 2218 5239 sunt,
2258 5171 2531 5227 civitatem
2565 5170 2675 5228 Deo
2721 5174 2991 5230 addictam
3020 5173 3242 5243 capien-

1676 5265 1825 5330 dam,
1856 5273 1910 5320 et
1932 5278 2121 5320 onmes
2150 5263 2242 5336 qui
2281 5262 2334 5328 ip
2375 5262 2464 5316 illa
2507 5273 2651 5329 sunt,
2679 5263 2732 5318 in
2766 5263 3022 5333 gaudium
3063 5261 3238 5316 inimi-

1676 5372 1863 5413 corum
1917 5356 2122 5413 dandos
2161 5371 2305 5413 esse.
2371 5356 2553 5424 Quare
2593 5355 2708 5427 jam
2740 5354 2939 5411 exhinc
2981 5354 3158 5426 lugeo,
3185 5361 3243 5410 et

1676 5450 1828 5522 quasi
1855 5451 2092 5522 genuina
2123 5450 2331 5508 viscera
2359 5464 2476 5506 mea
2508 5445 2748 5517 deploro.
