3692 6134
162 309 274 368 665

1508 311 1598 368 DE
1636 311 2099 372 ΤΙΙΕΟΡΗΑΝΙΑ.

3311 315 3416 374 θθθ

165 435 575 507 καθηδύνοντες.
608 434 793 509 Ταύτῃ
818 450 899 487 τοι
927 432 1022 487 καὶ
1052 432 1292 505 Μωῦσῆς
1319 422 1755 506 ὲνομοθέτείδιὰ
1781 443 1822 498 Α
1853 449 1907 496 et
1943 440 2152 513 Moyses
2204 441 2319 514 lege
2353 440 2633 498 sanciebat
2684 451 2743 497 ut
2794 440 2952 511 quasi
2983 440 3283 514 symbolum
3332 442 3416 498 sal

168 527 451 599 συμδόλων
477 526 604 589 τούς
632 525 767 588 ἃλας
789 521 1120 595 προσφέρειν
1144 520 1229 592 τῷ
1247 521 1392 593 θεῷ,
1423 516 1524 577 ὧδέ
1563 540 1636 595 πη
1664 523 1746 577 λέ-

167 637 280 689 γων
304 636 319 650 ·
363 617 471 672 Καὶ
509 614 633 671 πᾶν
665 614 858 683 δῶρον
889 613 1107 679 θυσίας
1143 611 1311 683 ὑμῶν
1352 612 1453 668 ἁλὶ
1494 611 1746 681 ἁλισθή-

167 730 339 770 σεται
355 730 369 743 ·
400 710 514 767 ἀλλ’
541 711 690 782 ὅμως
721 708 788 763 δι’
812 706 1084 779 αἰσθητῶν
1112 705 1379 777 σωμάτων
1401 704 1551 759 ταῦτ’
1572 707 1747 759 ἐπιτε·

173 807 286 859 λείν
316 802 642 875 ἐνομοθέτει.
686 802 745 854 ‘0
784 800 843 854 δέ
884 798 993 852 τῶν
1027 798 1230 853 καινῶν
1267 796 1531 867 αὐθέντης
1564 796 1745 869 νόμων

172 899 300 959 τοὺς
337 894 470 959 ἃλας
511 896 646 965 ἡμῖν
687 892 816 956 τοὺς
859 889 1124 959 Θεοφιλεῖς
1169 888 1463 960 διαρρήδην
1512 888 1742 953 ἐδείκνυ,

171 988 392 1050 τούτους
417 981 555 1040 εἶναι
575 983 843 1057 παριστὰς
866 983 992 1046 τοὺς
1016 980 1259 1050 φύλακας
1276 979 1386 1034 τῶν
1410 980 1576 1034 αὐτοῦ
1604 997 1745 1053 παρ-

173 1079 529 1151 αγγελμάτων
552 1094 568 1109 ·
623 1071 709 1139 οἷς
734 1074 832 1129 καὶ
860 1075 944 1139 είς
978 1073 1269 1146 πρόσωπον
1301 1071 1511 1141 ἐλεγεν·
1548 1072 1745 1143 Ὑμεῖς

173 1174 317 1228 ἐστε
347 1171 419 1227 τό
443 1170 598 1238 ἅλας
629 1168 740 1238 τῆς
764 1166 899 1239 γῆς.

641 1266 645 1269 ’
856 1279 938 1334 m
970 1277 1102 1350 (96).

243 1394 381 1467 Φησὶ
406 1393 515 1467 γάρ
533 1409 548 1425 ·
581 1392 726 1459 Πᾶς,
751 1391 819 1457 ὃς
855 1389 934 1445 ἂν
953 1388 1303 1459 ὁμολογήσῃ
1329 1385 1400 1439 ὲν
1421 1383 1574 1456 ἐμοὶ,
1607 1385 1750 1454 ὀμο-

172 1483 571 1555 „lomenia-etde
595 1481 851 1536 ἐνώπιον
876 1476 996 1533 τῶν
1036 1475 1323 1547 ἀγγέλων.
1358 1475 1447 1539 Ὦς
1500 1472 1609 1547 γὰρ
1642 1471 1749 1540 Ιἐπὶι

173 1574 459 1650 ἡγεμόνων
481 1574 576 1628 καὶ
605 1570 887 1643 βασιλέων,
917 1569 947 1624 ό
983 1568 1085 1639 τῆς
1125 1567 1265 1639 ἐμῆς
1308 1564 1582 1637 βασιλείας
1611 1564 1747 1637 γνή-

176 1683 288 1730 σιος
315 1663 648 1735 στρατιώτης
668 1658 1237 1732 πεπαρρησιασμὲνως
1251 1654 1351 1728 τὴν
1367 1656 1450 1720 εἰς
1473 1654 1574 1727 ἐμέ
1591 1655 1749 1726 ποιή-

1843 532 1959 588 Deo
1988 532 2295 600 offerretur,
2348 534 2430 591 sic
2477 535 2664 591 dicens
2695 552 2708 589 :
2746 530 2817 586 Et
2855 549 3008 588 omne
3039 549 3232 590 munus
3252 535 3416 590 sacri·

1840 624 1953 694 ficii
1986 625 2140 681 vestri
2178 626 2290 682 sule
2317 627 2612 683 condielur.
2672 625 2735 680 131
2777 626 2867 680 ille
2895 624 3114 695 quidem
3145 613 3417 682 sensibili-

1842 713 1946 772 bus
1994 714 2313 786 corporibus
2350 717 2466 771 liaec
2512 716 2630 771 lieri
2668 714 2983 770 mandabat.
3040 714 3112 769 At
3149 729 3412 770 novarum

1842 816 2037 864 auctor
2080 807 2258 877 legum
2303 807 2415 862 sale
2452 807 2610 863 nobis
2639 804 2888 862 homines
2929 804 3043 862 Deo
3084 820 3244 862 caros
3285 821 3413 878 per·

1844 899 2034 970 splcue
2057 900 2282 956 denotat
2307 899 2375 967 ⁸⁸,
2419 900 2521 955 hos
2550 898 2928 953 mandatorum
2977 912 3199 954 suorum
3223 898 3414 953 obser·

1843 998 2065 1046 vatores
2103 1003 2227 1046 esse
2269 986 2567 1046 affirmans.
2603 988 2812 1056 Quibus
2853 988 3017 1044 etiam
3049 987 3272 1045 aiebat:
3310 986 3411 1044 Vos

1845 1083 1971 1139 estis
1998 1081 2080 1138 sol
2106 1089 2263 1138 terroe
2289 1081 2364 1138 ⁸⁸.

2577 1256 2697 1316 XV.

1846 1388 1862 1432 t
1914 1390 2011 1447 Ait
2062 1390 2245 1447 enim:
2300 1390 2616 1462 Quicunque
2653 1389 2928 1462 confessus
2979 1391 3143 1461 [uerit
3187 1390 3253 1446 de
3297 1405 3417 1458 me,

1848 1482 2108 1552 consessio
2148 1484 2215 1539 de
2253 1501 2314 1541 eo
2356 1484 2449 1554 fiet
2497 1500 2680 1540 coram
2728 1483 2931 1554 angelis
2955 1483 3026 1539 ⁸⁸.
3065 1483 3228 1540 Sicut
3268 1482 3416 1538 enim

1848 1572 1991 1641 apud
2033 1573 2198 1630 duces
2232 1587 2498 1645 regesque
2542 1572 2638 1639 lit,
2680 1571 2772 1629 ille
2809 1571 2906 1644 qui
2947 1571 3054 1628 mei
3093 1571 3249 1644 regni
3285 1571 3418 1628 lide.-

1845 1661 1915 1718 lis
1946 1663 2100 1720 miles
2130 1664 2472 1744 confidenter
2511 1665 2580 1721 de
2625 1680 2715 1721 me
2759 1661 3156 1722 consessionem
3205 1662 3418 1728 fecerit,

179 1770 331 1807 σεται
369 1751 679 1824 ὁμολογίαν,
721 1749 862 1804 οὕτω
910 1748 1066 1819 κάγὼ
1107 1747 1197 1802 τὸν
1247 1746 1487 1802 τοιοῦτον
1523 1745 1747 1817 ὰμειῦό-
1775 1794 1824 1855 Β
1848 1752 1996 1809 hunc
2020 1768 2121 1822 ego
2153 1754 2391 1811 vicissim
2426 1768 2808 1822 remunerans,
2836 1756 2988 1828 regni
3015 1755 3120 1812 nei
3151 1762 3416 1826 tempore,

182 1864 338 1918 μενος
370 1843 511 1899 κατὰ
539 1844 631 1898 τὸν
677 1843 778 1912 τῆς
823 1843 964 1916 ἐμῆς
991 1841 1271 1913 βασιλείας
1298 1838 1508 1913 καιρὸν,
1541 1837 1750 1910 μάρτυς
1852 1845 2006 1899 testis
2025 1846 2074 1899 ei
2119 1845 2284 1900 adero
2315 1845 2580 1916 religiosae
2608 1847 3021 1917 confessionis3
3055 1861 3265 1919 pugnas
3289 1859 3419 1918 per·

177 1938 326 2010 αὐτῷ
358 1939 776 2009 παραστήσομαι
831 1935 931 2005 τῆς
985 1932 1244 1997 εὐσεδοῦς
1291 1928 1606 2002 ὁμολογίας,
1649 1927 1752 1991 τὰς

177 2029 474 2093 ἐνστάσεις,
532 2028 626 2082 καὶΙ
667 2026 763 2099 τὴν
806 2025 1141 2097 παρρησίαν,
1194 2023 1288 2079 καὶ
1324 2019 1424 2093 τὴν
1453 2016 1750 2091 ὑπομονὴν,

179 2121 355 2175 καὶτὸ
381 2118 582 2174 τέλειον
600 2117 700 2188 τῆς
723 2116 861 2188 πρὸς
875 2114 1007 2170 Θεὸν
1028 2114 1269 2184 ἀγάπης,
1298 2110 1425 2175 τούς
1451 2127 1510 2164 τε
1533 2108 1755 2172 λοιποὺς

179 2212 375 2275 ἄθλους
399 2210 497 2281 τῆς
531 2205 778 2278 φιλοθέου
804 2205 1093 2277 στρατείας
1118 2202 1282 2258 αὐτοῦ
1311 2197 1756 2271 καταριθμούμε-

179 2321 291 2366 νος,
323 2302 417 2355 καὶ
459 2300 559 2371 τὴν
606 2297 749 2369 ὑπὲρ
795 2295 962 2351 αὐτοῦ
1021 2292 1349 2367 συνηγορίαν
1395 2288 1755 2361 ποιησόμενος

179 2393 271 2444 ἐπὶ
294 2389 388 2445 τοῦ
418 2388 629 2461 Πατρός
658 2405 755 2458 μου
777 2386 873 2441 τοῦ
905 2388 962 2440 ἐν
978 2386 1257 2458 οὐρανοῖς·
1277 2381 1478 2453 ταύτην
1518 2378 1755 2451 άμοιὸήν

180 2476 428 2530 ἐντεῦθεν
452 2479 553 2547 ήδη
591 2477 848 2547 παρέξειν
880 2474 1282 2543 ἐπαγγέλλομαι
1312 2475 1424 2536 τοῖς
1447 2472 1599 2542 ἐμοῖς
1625 2471 1755 2541 ὁμο-

183 2568 436 2638 λογηταῖς
482 2567 577 2620 καὶ
622 2565 858 2636 μάρτυσι
911 2563 1023 2626 τοῖς
1077 2560 1170 2614 ἐπὶ
1202 2560 1417 2614 πάντων
1455 2556 1756 2631 ἀνθρώταυν

182 2654 752 2729 πεπαρρησιασμένως
816 2652 919 2724 τὴν
981 2651 1121 2725 ἐμὴν
1178 2648 1554 2722 ἅνακηρύξασι
1601 2649 1755 2720 βασι·

179 2748 347 2803 λείαν.
376 2747 484 2801 Καὶ
507 2746 560 2799 τί
590 2745 637 2799 δ’
670 2743 739 2798 ἂν
764 2741 975 2813 γένοιτο
1004 2740 1416 2813 μακαριώτερον
1445 2739 1546 2812 τῆς
1573 2738 1756 2794 τοιαύ-

177 2857 279 2911 της
298 2836 659 2906 ἐπαγγελίας;
708 2834 772 2888 Τί
798 2833 844 2887 δ’
882 2832 952 2888 ἂν
991 2834 1240 2905 κρεῖττον
1282 2832 1377 2886 καὶΙ
1422 2831 1757 2903 ἐνδοξότερον

178 2930 273 2985 τοῦ
299 2930 405 3001 πρὸ
433 2928 527 2982 τοῦ
560 2926 702 2979 θείου
744 2924 988 2996 βήματος
1011 2922 1173 2977 αὐτὸν
1216 2923 1308 2977 τὸν
1350 2925 1614 2995 μονογενῆ
1658 2923 1754 2977 τοῦ

179 3022 312 3075 Θεοῦ
344 3020 513 3088 Λόγον
547 3016 905 3083 ἀναδέξασθαι
928 3016 1028 3087 τὴν
1073 3014 1212 3087 ὑπὲρ
1246 3013 1404 3086 ήμῶν
1432 3015 1754 3086 όμολογίαν;

1852 1944 2027 1999 actas,
2078 1933 2243 1989 animi
2292 1933 2665 2001 alacritatem,
2735 1938 3074 2006 patientiam,
3121 1936 3417 2008 perfectam

1852 2039 1980 2093 erga
2021 2023 2191 2078 Deum
2234 2024 2576 2087 charitatem,
2617 2034 2671 2078 et
2700 2025 2901 2096 reliqua
2933 2029 3040 2083 Deo
3064 2027 3270 2084 devota
3302 2025 3422 2098 ejus

1855 2115 2061 2170 tuilitiae
2105 2114 2410 2170 certamina
2466 2122 2818 2182 computans,
2870 2117 3031 2185 eique
3071 2118 3422 2187 patrocinans

1855 2204 1997 2273 apuel
2046 2202 2259 2258 Patrem
2309 2214 2489 2255 meum
2543 2202 2637 2270 qui
2683 2203 2736 2256 in
2780 2204 2937 2259 coelis
2979 2214 3086 2260 est.
3138 2203 3292 2262 Hanc
3338 2221 3424 2260 re-

1857 2294 2207 2349 tributionem
2232 2292 2344 2362 jam
2383 2307 2527 2348 nunc
2571 2292 2815 2362 spondeo
2858 2308 2944 2351 me
2988 2293 3239 2353 (laturum
3288 2309 3422 2354 con-

1854 2384 2156 2441 sessoribus
2200 2384 2539 2453 testibusque
2607 2384 2790 2451 meis,
2841 2384 2933 2455 qui
2981 2399 3168 2442 eornm
3213 2389 3424 2444 cunctis

1855 2474 2168 2532 hominibus
2222 2475 2563 2532 confidenter
2622 2491 2801 2532 meum
2860 2477 3278 2548 praetlieaverint
3341 2494 3426 2536 re·
3506 2497 3514 2505 ·
3631 2499 3636 2506 ·

1854 2581 2043 2637 gnum.
2089 2567 2227 2633 Quid
2273 2583 2440 2638 porro
2488 2568 2701 2624 beatius
2754 2568 2857 2624 hac
2902 2569 3264 2640 promissione
3303 2569 3422 2627 fleri

1854 2655 2078 2725 potest?
2115 2655 2254 2721 Quid
2302 2658 2495 2713 melius
2521 2657 2598 2715 vel
2627 2657 2940 2729 gloriosius,
2976 2673 3142 2732 quam
3178 2669 3310 2716 ante
3336 2659 3425 2716 ‹li-

1855 2746 2041 2800 vinum
2080 2747 2318 2803 tribunal
2347 2749 2684 2820 unigenitum
2714 2748 2892 2822 ipsum
2933 2749 3031 2807 Del
3065 2749 3304 2808 Verbum
3333 2749 3425 2806 5·-

1856 2836 2102 2892 ciendam
2156 2838 2433 2909 suscipere
2475 2840 2542 2897 de
2576 2838 2738 2896 nobis
2774 2840 3220 2900 confessionem!
3258 2852 3424 2915 atque

1857 2928 1992 2984 adeo
2027 2943 2194 2999 opere
2231 2930 2512 2999 praemium
2556 2930 2734 2988 nostrl
2775 2932 2846 2990 de
2885 2947 2954 2990 eo
2993 2933 3286 2991 testimonii
3325 2947 3424 2990 ex·

1856 3018 2062 3084 hibere,
2094 3020 2220 3074 dum
2257 3019 2313 3075 in
2350 3020 2471 3090 ipsa
2509 3022 2670 3078 testis
2707 3021 2792 3079 sui
2823 3022 3002 3078 anima
3042 3032 3317 3090 versatur,
3354 3039 3423 3081 ac

180 3114 326 3186 ἔργῳ
349 3130 409 3166 τε
429 3111 531 3182 τῆς
563 3108 869 3182 μαρτυρίας
895 3107 995 3179 τὴν
1034 3106 1270 3178 ἅμοιὸὴν
1306 3106 1665 3173 ἐνδείξασθαι,
1698 3111 1757 3164 ἐν
1783 3124 1827 3182 C
1860 3108 2023 3164 veluti
2074 3109 2130 3165 in
2173 3119 2366 3166 sancto
2402 3111 2604 3183 templo
2640 3113 2695 3169 in
2727 3113 2918 3169 eadem
2962 3113 3212 3172 tiabit-tt
3255 3115 3422 3188 Atqui

182 3207 320 3275 αὐτῇ
356 3203 502 3275 ψυχῇ
549 3201 645 3256 τοῦ
698 3199 1144 3274 μαρτυρουμένου
1173 3199 1483 3270 γενόμενον,
1528 3199 1621 3254 καὶ
1648 3199 1760 3257 ῶσ-

185 3312 293 3366 περ
317 3295 375 3347 ἐν
407 3293 548 3363 ἁγίῳ
584 3290 698 3362 ναῷ
736 3293 795 3345 ἐν
822 3287 973 3360 αὐτῷ
1012 3290 1452 3361 κατοικήσαντας
1494 3287 1668 3344 Τοῦτο
1712 3288 1760 3344 δ’

185 3384 279 3442 οὖν
318 3384 669 3457 ἐπήγγελται,
697 3382 759 3438 οὐ
810 3381 1105 3455 παρέργως
1153 3379 1345 3438 εἰπών·
1377 3378 1760 3452 Ὀμολογήσω

186 3476 347 3547 κάγὼ
376 3476 446 3529 ἐν
468 3472 656 3540 αὐτῷ·
683 3473 746 3528 οὒ
771 3472 880 3545 γὰρ
916 3471 1023 3537 ἔξω
1046 3488 1151 3528 που
1171 3470 1457 3544 τυγχάνων
1483 3470 1579 3525 τοῦ
1617 3488 1760 3545 μαρ-

188 3566 544 3639 τυρουμένου,
575 3565 691 3620 ἀλλ’
723 3565 781 3620 ἐν
810 3564 959 3638 αὐτῷ
985 3563 1244 3632 κατοικῶ,
1273 3562 1369 3619 καὶ
1394 3562 1495 3635 τῆς
1512 3562 1763 3635 θεότητος

190 3659 352 3714 αὐτὸν
383 3656 606 3729 πληρῶν
627 3655 729 3728 τῆς
750 3657 914 3729 ἐμῆς,
943 3656 1013 3711 δι’
1040 3656 1210 3730 αὐτῆς
1235 3654 1337 3727 τῆς
1356 3654 1637 3729 ἐνεργείας
1661 3651 1763 3726 τὴν

189 3752 250 3809 ἐν
275 3751 424 3823 αὐτῷ
457 3750 754 3822 ποιήσομαι
778 3745 1088 3820 ὁμολογίαν.

260 3884 409 3957 Πλὴν
456 3880 769 3957 ἐπιρρώσας
803 3881 1000 3948 αὐτοὺς
1027 3880 1240 3937 ἐλπίσιν
1268 3879 1498 3951 ἀγαθαῖς
1526 3879 1617 3936 διὰ
1660 3879 1762 3952 τῆς

187 3975 453 4047 τοσαύτης
472 3974 825 4045 ἐπαγγελίας.
860 3972 1175 4046 ἐπιστρέφει
1214 3973 1376 4028 πάλιν
1400 3972 1528 4037 τούς
1561 3972 1761 4038 αὐτοὺς

189 4067 257 4124 δι’
290 4064 518 4136 ἀπειλῆς
565 4062 945 4135 φοδερωτέρας
972 4060 1256 4131 ἐπιλέγων,
1288 4061 1392 4127 ὃτι,
1428 4060 1538 4116 Τὸν
1578 4061 1763 4129 ἀρνη-

193 4156 458 4225 σάμενον
506 4152 946 4222 ἀπαρνήσομαι.
976 4151 1314 4221 ’Δναγκαίως
1349 4150 1406 4205 δέ
1437 4151 1531 4205 καὶ
1555 4151 1761 4224 ταύτην

193 4249 375 4312 αὐτοῖς
406 4245 786 4301 ἐπανετείνατο
800 4241 897 4314 τὴν
924 4241 1174 4313 ἀπειλὴν,
1204 4242 1279 4307 ώς
1304 4241 1373 4297 ἂν
1398 4242 1473 4314 μὴ
1496 4259 1764 4316 καταφρο-

191 4340 412 4410 νήσαιεν
437 4336 537 4408 τῆς
581 4338 659 4400 είς
698 4334 860 4389 αὐτὸν
906 4333 1215 4405 ὁμολογίας,
1248 4333 1482 4406 ἔμπαλιν
1517 4334 1574 4388 δὲ
1612 4335 1761 4399 ὅπως

195 4432 463 4503 φρίττοιεν
493 4429 589 4500 τὴν
615 4429 842 4499 ἄρνησιν
872 4426 970 4498 τῆς
1001 4424 1165 4480 αὐτοῦ
1205 4424 1527 4497 μαρτυρίας,
1550 4425 1637 4479 διὰ
1660 4424 1758 4496 τὴν

1859 3200 1967 3258 hoc
2004 3199 2298 3272 promisit,
2354 3201 2500 3260 haud
2544 3218 2678 3261 casu
2738 3204 2928 3262 dicens
2954 3222 2973 3261 ι
3020 3205 3323 3277 Confitetur
3369 3216 3420 3263 σι

1859 3307 1957 3363 eqo
1995 3308 2133 3350 eum.
2173 3293 2291 3351 Nou
2339 3294 2489 3352 enim
2543 3298 2782 3367 alicubi,
2833 3307 2987 3354 extra
3024 3311 3152 3356 eum
3203 3299 3276 3356 tle
3316 3314 3423 3372 quo

1860 3383 2146 3449 confiteor,
2166 3401 2309 3454 sum,
2376 3385 2476 3443 sed
2532 3386 2587 3443 in
2649 3388 2768 3459 ipso
2810 3387 3039 3455 habito,
3084 3397 3248 3461 atque
3295 3405 3421 3446 eum

1860 3473 2058 3529 ‹leitate
2080 3489 2197 3530 mea
2226 3474 2524 3546 complens,
2553 3490 2652 3548 per
2677 3476 2850 3548 ipsam
2878 3474 3200 3545 efficaciam,
3229 3491 3338 3550 qus
3365 3476 3422 3532 in

1860 3562 1955 3620 iilo
1979 3579 2195 3636 operor,
2242 3565 2643 3624 confessionem
2685 3566 2755 3624 de
2783 3582 2851 3624 eo
2877 3580 3158 3641 peragam.

1933 3872 2226 3944 Postquam
2261 3873 2382 3930 illos
2421 3877 2607 3947 priore
2648 3876 2813 3932 ess'ato
2855 3876 2909 3932 in
2940 3875 3218 3950 egregiam
3267 3891 3419 3950 spem

1861 3974 2147 4032 erexerat,
2198 3981 2393 4023 rursus
2442 3975 2682 4025 attentos
2730 3969 2864 4025 lacit
2912 3983 3032 4034 eos,
3077 3969 3423 4028 terribiliori-

1861 4056 1963 4113 bus
1996 4057 2161 4112 minis
2188 4057 2487 4114 admonens
2515 4059 2635 4116 lore
2675 4070 2734 4115 ut
2764 4060 2879 4133 ipse
2911 4070 3201 4132 negantem
3231 4075 3294 4119 se
3324 4077 3425 4118 ne·

1862 4161 1972 4224 get.
2018 4150 2340 4208 Necessario
2395 4161 2577 4210 autem
2644 4155 2741 4211 has
2787 4170 3005 4227 quoque
3065 4156 3200 4229 ipsis
3244 4157 3422 4213 minas

1864 4242 2117 4308 intendit,
2149 4257 2220 4298 ne
2247 4242 2385 4299 l'orte
2409 4243 2701 4315 aliquando
2722 4246 3000 4318 negligant
3038 4247 3215 4317 ipsum
3253 4248 3424 4303 contl-

1864 4334 2025 4401 teri,⁸
2063 4333 2416 4404 vicissimque
2464 4343 2529 4389 ut
2581 4350 2780 4405 negare
2828 4350 2950 4391 eum
2997 4335 3424 4407 perhorrescant

1863 4436 2086 4499 propter
2109 4437 2524 4484 consecuturam
2549 4430 2670 4501 ejus
2698 4430 2775 4484 rei
2809 4444 3045 4499 paenam,
3079 4442 3272 4500 nempe
3296 4430 3422 4499 quia

194 4520 659 4580 ἐπακολουθοῦσαν
688 4520 823 4589 αὐτῇ
855 4517 1142 4589 τιμωρίαν,
1177 4517 1298 4589 ήτις
1320 4512 1388 4588 ἦν
1411 4516 1474 4571 τὸ
1505 4516 1641 4589 πρὸς
1660 4515 1755 4570 τοῦ
1787 4527 1832 4583 ι)
1861 4532 1892 4572 a
1925 4517 2065 4575 Filio
2095 4517 2191 4574 Dei
2223 4519 2585 4590 negabuntur.
2611 4519 2843 4575 Perinde
2885 4533 3015 4574 vero
3043 4525 3129 4573 est
3158 4517 3343 4590 negari
3390 4532 3421 4573 a

196 4612 324 4666 Υἱοῦ
345 4613 437 4666 τοῦ
468 4610 602 4666 θεοῦ
625 4610 943 4683 ἀρνηθῆναι.
968 4610 1191 4681 Ὅμοιον
1221 4609 1268 4663 δ’
1291 4608 1358 4663 ἂν
1387 4608 1471 4680 εἴη
1500 4609 1560 4662 τὸ
1591 4610 1758 4681 ἀρνη-

197 4705 354 4776 θῆναι
380 4701 485 4757 ὑπὸ
519 4703 612 4757 τοῦ
661 4702 875 4775 Πατρδς
907 4700 984 4773 τῷ
1031 4701 1330 4774 ἀρνηθῆναι
1381 4702 1486 4755 ὑπὸ
1531 4702 1631 4771 τῆς
1664 4699 1757 4755 τοῦ

193 4796 329 4851 Θεοῦ
357 4796 567 4865 σοφίας,
592 4796 685 4849 καὶ
711 4794 789 4867 τῷ
812 4796 1062 4852 ἐκπεσεῖν
1093 4793 1192 4864 τῆς
1228 4791 1393 4864 ζωῆς,
1423 4792 1615 4863 καὶτῷ
1644 4809 1763 4846 στε-

196 4887 428 4960 ρηθῆναι
453 4883 548 4938 τοῦ
569 4883 768 4953 φωτὸς,
788 4881 885 4937 καὶ
909 4880 987 4953 τῷ
1018 4880 1237 4935 πάντων
1254 4878 1364 4934 τῶν
1386 4877 1608 4948 ἀγαθῶν
1634 4878 1764 4933 ἁπο-

193 4977 475 5050 6λῃθῆναι.
513 4975 586 5029 Τὸ
626 4974 683 5029 δὲ
727 4973 821 5029 καὶ
852 4972 1028 5028 ταῦτα
1078 4973 1256 5028 πάντα
1292 4971 1481 5026 παθεῖν
1530 4970 1759 5026 ἐνώπιον

192 5069 288 5122 τοῦ
310 5067 524 5138 Πατρὸς
543 5064 637 5119 τοῦ
666 5065 723 5119 ἐν
749 5065 863 5130 τοῖς
887 5066 1153 5138 οὐρανοῖς,
1181 5065 1275 5120 καὶ
1313 5063 1405 5117 ἐπὶ
1450 5063 1558 5118 τῶν
1596 5062 1762 5133 ἀγγέ-

1860 4608 2043 4676 Patre,
2096 4618 2259 4681 atque
2297 4624 2328 4663 a
2361 4609 2454 4663 Dei
2484 4609 2751 4680 sapientia
2796 4609 3002 4677 negari,
3046 4618 3102 4665 et
3132 4609 3245 4664 vita
3283 4608 3427 4665 exci-

1862 4697 2011 4766 dere,
2046 4696 2272 4770 luceque
2301 4699 2528 4769 privari,
2556 4709 2613 4754 et
2652 4699 2800 4754 omni
2828 4700 2970 4754 bono
3003 4697 3221 4770 depelli.
3251 4698 3423 4756 Porro

1863 4790 1980 4845 haec
2016 4790 2198 4845 omnis
2228 4805 2410 4845 coram
2466 4789 2628 4846 Patre
2664 4789 2873 4846 coelesti
2919 4791 3150 4861 perpeti,
3196 4800 3252 4847 et
3302 4807 3424 4863 spe-

1862 4879 2137 4935 ctantibus
2165 4880 2374 4952 angelis
2405 4880 2794 4949 propemodum
2827 4889 2953 4936 ame
2974 4879 3214 4936 divinum
3243 4880 3419 4951 ipsum

1865 4971 2101 5027 tribuual
2129 4973 2503 5037 condemnari,
2536 4981 2591 5027 et
2620 4972 2765 5027 illius
2792 4987 2956 5043 regno
2987 4971 3208 5045 expelli,
3236 4973 3421 5044 quidni

1866 5062 2058 5131 quovis
2099 5076 2310 5119 summo
2337 5063 2606 5134 supplicio
2652 5062 2806 5134 pejus
2846 5063 2968 5120 sit!

195 5164 307 5217 λων
356 5161 636 5235 μονονουχὶ
686 5162 815 5232 παρ’
850 5161 1033 5225 αὐτοῖς
1081 5163 1190 5227 τοῖς
1237 5159 1402 5224 θείοις
1437 5158 1641 5230 βήμασι
1715 5156 2140 5228 κατακριθέντας
2192 5155 2286 5211 καὶ
2339 5157 2676 5232 άποὸλήτους
2720 5157 3041 5231 γενομένους
3095 5158 3196 5232 τῆς
3256 5154 3422 5212 αὐτοῦ

196 5257 489 5328 βασιλείας,
525 5256 684 5320 ποίας
727 5256 828 5312 οὐκ
857 5254 925 5310 ἂν
955 5254 1165 5326 γένοιτο
1193 5256 1372 5327 χεῖρον
1415 5252 1650 5324 ἐσχάτης
1674 5251 1975 5325 τιμωρίαςς

266 5457 312 5490 ⁸³
344 5461 473 5513 hev.
504 5471 569 5526 11,
596 5456 682 5511 13.
752 5443 811 5490 ‘⁸⁸
846 5455 1044 5513 Manli,
1079 5470 1138 5524 v,
1177 5455 1266 5512 ¹5.
1341 5455 1387 5489 ⁸⁸
1414 5454 1603 5512 Βοιὼ.
1634 5470 1692 5522 x,
1717 5454 1808 5521 52,
1832 5454 1926 5511 53.

267 5654 380 5727 (96)
411 5657 544 5714 Coel.
579 5658 643 5713 Α.
682 5657 719 5712 l'.
769 5656 891 5715 166.
921 5656 975 5712 b.
1010 5658 1142 5714 Coti.
1172 5657 1238 5712 L.
1295 5659 1318 5711 ί
1382 5657 1451 5713 st
1496 5656 1554 5714 ln
1581 5667 1730 5714 utro·

1830 5660 1901 5726 β.
1936 5657 2317 5729 Osopus-stac,
2346 5671 2469 5713 cum
2508 5658 2838 5729 compendiis
2865 5659 2920 5717 iu
2971 5658 3221 5716 semma
3269 5673 3442 5712 xm-

193 5743 297 5797 quc
335 5728 518 5783 codice
545 5728 876 5799 praepouitur
895 5726 1195 5798 fragmento
1237 5727 1430 5785 titui‘us
1458 5731 1751 5786 Εὐσεόίου
1860 5731 2005 5799 bulo,
2054 5738 2112 5785 ut
2156 5731 2208 5786 in
2254 5728 2698 5799 praesumtum
2738 5730 2888 5785 ubit.
