3692 6134
237 301 270 367 Q
279 298 386 356 069

1328 270 1417 337 nr,
1452 265 2051 337 nesbnnscrto-xs.
2092 298 2146 323 -·
2200 272 2328 336 ue.
2371 266 2412 335 t.

3334 271 3469 336 1070

230 413 317 458 tra
342 414 557 473 gregem
586 408 690 467 est,
719 409 849 473 pars
886 407 996 474 iupt
1029 401 1133 460 es't.
1165 386 1299 459 Nam
1330 404 1431 462 etsi
1463 405 1655 462 l'ortior
1682 406 1802 463 ovis
1831 411 1880 471 Α
1907 404 2019 465 tres
2052 428 2066 463 :
2108 423 2213 463 non
2255 393 2519 464 ¹suciamus
2556 393 2957 467 conventicula,
3000 415 3110 458 non
3161 399 3469 472 speluncas.

228 509 314 559 es,
341 494 563 566 expedit
615 493 712 550 tibi
761 494 901 549 inira
958 495 1192 567 parietes
1239 498 1397 554 ovilis
1445 513 1586 566 esse,
1634 513 1798 568 quarn

228 586 404 643 foras.
435 585 616 642 Fortis
650 600 731 650 ee,
774 595 927 655 porta
978 603 1153 642 meam
1195 589 1564 645 infirmitatem
1595 592 1616 645 ἐ
1651 589 1804 644 inilr‘-

228 694 355 735 mus
385 694 470 743 cs,
496 679 682 748 accipe
702 680 964 738 medelam
991 697 1022 736 a
1043 683 1313 738 communi
1344 682 1583 741 Ecclesia
1611 692 1802 756 :gutta

227 790 340 832 una
402 783 697 830 torrentem
757 783 864 828 non
914 771 1067 828 lacit.
1121 771 1178 828 Si
1224 773 1370 828 enim
1415 781 1472 829 et
1520 774 1799 840 ceciderit,

224 875 523 934 antequam
559 864 739 931 cadat,
769 880 796 917 a
826 872 970 919 terra
1007 863 1348 919 absorbetur.
1392 863 1554 920 Gutta
1593 874 1800 932 autem,

227 967 289 1015 et
324 966 498 1030 gutta,
532 965 759 1028 etgutta
787 955 951 1012 etiam
995 964 1205 1011 montes
1247 958 1462 1012 evertit.
1509 955 1689 1013 Canna
1741 971 1802 1015 es

230 1044 464 1120 fragilis,
497 1048 649 1104 multi
680 1044 860 1102 autet'n
909 1044 1060 1102 terro
1107 1055 1236 1101 sunt
1288 1045 1560 1103 fortiores.
1601 1046 1803 1105 Oculus

227 1141 384 1198 solus
411 1152 517 1195 non
540 1148 625 1196 est
644 1138 858 1204 oculus,
889 1153 1066 1209 neque
1086 1146 1459 1209 caputcaput,
1495 1150 1670 1210 neque
1707 1155 1802 1211 pes

224 1245 355 1305 pes.
392 1230 723 1303 Compositio
769 1230 911 1287 enim
960 1230 1325 1287 membrorum
1383 1238 1551 1285 totum
1601 1235 1801 1287 bonum

225 1320 387 1376 lacit.
431 1318 564 1374 Nam
595 1319 698 1374 etsi
741 1331 892 1373 esses
925 1315 1134 1384 oculus,
1183 1317 1419 1383 ablatus,
1442 1332 1568 1376 eras
1604 1332 1798 1377 caecus.

225 1415 279 1468 Δ
300 1424 525 1481 corpore
551 1410 695 1465 enim
725 1409 970 1464 sublatus
993 1408 1206 1475 oculus,
1239 1419 1415 1465 caecus
1457 1419 1544 1467 est
1585 1412 1800 1478 oculus,

224 1501 409 1573 magis
438 1508 618 1555 autem
658 1508 922 1556 mortuus.
948 1500 1006 1555 ln
1037 1499 1276 1556 Ecclesia
1307 1499 1507 1557 fratres
1554 1505 1658 1559 sub
1690 1503 1803 1561 alas

224 1591 426 1650 matris
447 1591 837 1647 conveniamus
865 1599 882 1652 ἐ
912 1590 965 1645 in
987 1589 1230 1646 Ecclesia
1271 1592 1327 1647 ln
1352 1605 1458 1663 qua
1484 1603 1802 1650 ornamenta

225 1699 449 1757 sponsae
472 1691 618 1751 sunt,
645 1692 702 1738 et
729 1683 973 1739 membra
991 1681 1215 1749 Christi,
1244 1695 1353 1740 nou
1382 1684 1450 1741 ad
1488 1685 1803 1751 schismata,

1904 498 2071 556 Forte
2110 500 2254 556 enim
2306 498 2538 572 apostoli
2595 498 2712 553 baec
2758 494 3072 551 fundarunt.
3104 493 3223 551 Non
3265 493 3470 567 lapides

1904 591 2047 656 dico,
2087 591 2181 648 sed
2216 591 2428 662 negotia
2466 604 2674 648 rerum.
2705 588 2838 643 Eris
2875 588 2945 644 ab
2973 586 3241 654 Ecclesia,
3284 598 3345 644 et
3383 602 3471 646 ro-

1902 682 2103 755 iinquis
2141 693 2369 740 matrem
2414 693 2559 739 tuam
2587 689 2810 755 propter
2859 694 2965 735 me.
2993 678 3131 747 Quid
3164 695 3283 735 sum
3326 680 3470 737 enim

1903 789 2026 847 ego,
2060 785 2155 831 aut
2192 774 2416 841 Paulus,
2442 784 2537 831 aut
2570 772 2760 844 Apollo
2779 771 2902 843 quis
2936 771 3058 826 est?
3102 771 3177 827 De
3201 787 3287 828 me
3326 782 3381 829 et
3418 781 3471 828 te

1903 868 2008 922 erit
2039 881 2240 924 sermo.
2272 865 2410 922 Num
2446 880 2546 939 ego
2586 862 2880 922 crucifixus
2924 863 3082 919 sum?
3109 863 3351 919 Necdum
3402 877 3473 919 ne

1904 958 2121 1027 quidem
2143 958 2353 1030 alapam
2377 957 2585 1030 accepi.
2616 956 2660 1011 E
2679 955 2957 1013 contrario
2989 966 3190 1023 autem,
3222 965 3277 1011 et
3301 955 3472 1012 bono-

1905 1057 2057 1105 ratus
2104 1064 2224 1106 sum
2277 1059 2495 1122 propter
2540 1047 2748 1105 Jesum.
2799 1049 2868 1105 Et
2909 1047 3000 1105 ille
3035 1047 3254 1118 quidem
3303 1047 3471 1103 muita

1906 1154 2098 1210 passus
2119 1149 2203 1196 est
2231 1149 2449 1211 propter
2469 1154 2555 1195 me
2586 1158 2604 1194 z
2641 1155 2743 1210 ego
2781 1150 2962 1197 autem
3012 1140 3313 1196 honoratus
3343 1154 3465 1197 sum

1904 1239 2125 1303 propter
2161 1232 2357 1302 ipsum.
2401 1230 2471 1288 Et
2497 1246 2597 1289 nos
2628 1232 2847 1302 quidem
2897 1230 3161 1289 feriamur
3207 1231 3472 1290 adversus

1905 1338 2147 1387 crucem,
2190 1332 2247 1379 et
2288 1325 2580 1380 adversum
2617 1337 2741 1379 eum
2775 1323 2866 1395 qui
2912 1334 3129 1395 propter
3168 1338 3268 1379 nos
3310 1323 3386 1380 l'el
3418 1330 3472 1380 et

1906 1423 2118 1471 acetum
2156 1415 2311 1480 bibit,
2342 1423 2399 1471 et
2420 1413 2748 1486 imponimus
2791 1414 2843 1470 ei
2875 1414 3060 1486 spinas
3098 1415 3272 1488 magis
3302 1429 3470 1486 quam

1905 1504 2095 1572 Judaei,
2118 1515 2175 1563 et
2203 1505 2485 1562 effodimus
2518 1513 2710 1563 manus
2750 1505 2867 1577 eius
2910 1515 2964 1562 et
3003 1506 3191 1578 pedes,
3232 1516 3291 1564 et
3313 1507 3475 1564 dinu-

1906 1611 2182 1653 meratuus
2199 1595 2318 1666 ejus
2340 1610 2465 1652 ossa
2499 1612 2513 1651 ε
2545 1594 2677 1662 Quoe
2714 1597 2879 1664 enim,
2911 1595 3110 1666 lnquit,
3140 1596 3338 1666 fecistis
3374 1595 3473 1652 nni

1907 1703 1975 1742 ex
2002 1688 2235 1743 minimis
2263 1687 2389 1743 istis
2420 1686 2511 1757 qui
2538 1692 2755 1742 credunt
2796 1687 2852 1742 in
2878 1695 2981 1752 me,
3009 1686 3136 1741 milti
3182 1687 3376 1756 fecistis
3399 1685 3474 1756 ¹⁸,

229 1791 347 1834 non
369 1775 436 1831 ad
461 1776 714 1832 baereses.
743 1773 1044 1845 Aliquoties
1061 1774 1207 1831 enim
1238 1774 1361 1832 dico
1390 1795 1405 1832 ε
1437 1775 1661 1833 offendit
1687 1792 1802 1833 mea
1841 1787 1886 1847 Β
1911 1787 2005 1831 aut
2038 1775 2243 1832 bonum
2276 1787 2371 1832 aut
2403 1776 2632 1833 malum.
2668 1776 2793 1834 iiaec
2823 1776 3021 1834 iratres
3057 1786 3112 1835 et
3158 1777 3211 1834 in
3254 1778 3341 1836 his
3366 1776 3475 1837 fra·

227 1870 460 1939 linguat
493 1876 672 1937 potest
699 1866 813 1921 lieri
840 1875 900 1921 ut
941 1878 1095 1922 mens
1137 1880 1255 1923 mea
1307 1865 1566 1923 offendat.
1614 1867 1720 1924 Sed
1748 1878 1804 1924 tu

226 1959 351 2016 noli
376 1977 391 2015 t
418 1958 734 2016 obliviscere
773 1956 852 2030 (8)
890 1966 1013 2013 eum
1051 1958 1143 2028 qui
1189 1956 1324 2013 dixit
1363 1974 1380 2012 ε
1420 1956 1602 2014 Pretio
1645 1959 1806 2029 empti

228 2053 387 2117 estis,
415 2050 576 2106 nolite
602 2049 720 2118 fieri
747 2049 883 2105 serti
919 2049 1188 2105 hominum
1208 2049 1276 2104 ¹⁸.
1302 2048 1411 2106 ista
1443 2050 1586 2107 enim
1612 2050 1806 2107 domus

230 2158 350 2201 non
372 2157 489 2200 mea
510 2150 706 2198 estant
732 2150 845 2201 tua.
889 2141 1001 2198 Cur
1048 2143 1154 2196 mei
1205 2156 1368 2198 causa
1398 2141 1610 2197 recedis
1639 2155 1670 2196 a
1704 2141 1809 2196 Do·

233 2235 443 2293 minice
487 2234 687 2291 domo?
732 2233 799 2290 Et
847 2234 1022 2304 primo
1060 2232 1275 2304 quidem
1319 2232 1449 2304 quid
1497 2233 1807 2304 accepimus

170 2330 191 2349 '
230 2328 399 2385 nobis
423 2327 548 2399 quia
579 2325 934 2398 sapientiores
960 2324 1216 2382 omnibus
1244 2324 1472 2381 sumus?
1496 2322 1702 2380 Deinde
1747 2332 1810 2379 ut

233 2419 369 2490 quid
392 2419 537 2490 quod
565 2419 618 2473 in
641 2430 803 2489 prece
827 2416 904 2490 (9)
933 2416 1178 2472 diabolus
1211 2416 1394 2482 habet,
1423 2416 1689 2472 donamus
1719 2415 1811 2471 el?

235 2509 299 2566 Si
336 2523 435 2580 ego
459 2510 703 2565 iniit-mus
729 2523 871 2575 suut,
912 2515 967 2562 tu
985 2506 1075 2576 qui
1110 2521 1172 2563 es
1191 2505 1366 2572 tortis,
1392 2521 1498 2564 non
1526 2505 1806 2572 recedens,

236 2603 502 2660 confirma
546 2600 870 2657 Ecclesiam.
916 2599 975 2655 Si
1017 2614 1119 2669 ego
1163 2597 1338 2655 aliena
1370 2598 1582 2669 loquor,
1618 2611 1719 2653 cur
1751 2606 1807 2653 tu

242 2693 335 2766 qui
356 2693 498 2749 bene
531 2690 775 2762 loqueris
818 2690 1089 2747 abstrahis
1114 2700 1169 2746 te
1188 2697 1249 2745 ut
1269 2688 1557 2744 videantur
1584 2702 1704 2744 mea
1729 2688 1813 2743 in-

242 2783 488 2841 lirruari?
510 2782 576 2838 Et
603 2796 672 2838 ne
695 2782 820 2853 quis
837 2797 924 2838 me
951 2790 1107 2852 putet
1137 2781 1423 2837 incitatum
1451 2778 1520 2834 ad
1547 2778 1811 2850 quosdam

244 2876 578 2934 dicerezsed
617 2874 687 2930 ab
707 2873 965 2930 exercitio
999 2870 1112 2944 (lo)
1151 2886 1273 2928 sum
1322 2870 1612 2927 multorum
1644 2886 1659 2924 z
1699 2869 1814 2925 scio

114 2958 121 2967 '
200 2994 207 3001 ·
251 2979 461 3042 quanta,
486 2969 629 3025 dicta
665 2977 792 3024 sunt
840 2974 899 3022 et
936 2967 1206 3023 dicuntur.
1253 2962 1637 3032 Unusquisque
1658 2946 1858 3019 'enin-

248 3064 500 3134 {lunens
521 3061 673 3117 unde
697 3067 959 3132 pascatur
986 3057 1199 3114 iuratur
1219 3056 1358 3128 (ss).
1385 3052 1626 3111 linos-'es
1658 3070 1674 3108 ε
1702 3052 1816 3109 rra-

1907 1875 2062 1922 tres:
2096 1883 2204 1923 non
2254 1881 2471 1938 semper
2526 1870 2765 1935 nomina,
2814 1870 2912 1927 sed
2954 1885 3064 1927 res.
3135 1871 3477 1932 Christianus

1905 1958 2048 2014 enim
2077 1970 2257 2024 verus,
2311 1958 2482 2015 frater
2521 1959 2615 2016 sit.
2663 1957 2836 2016 Verus
2889 1960 3231 2019 Christianus
3268 1972 3480 2033 §verus

1905 2058 1993 2106 est
2038 2049 2184 2105 e'nim
2244 2049 2514 2108 Christus.
2558 2050 2803 2120 Fratres,
2855 2050 3072 2120 fratres,
3130 2055 3299 2113 nolite
3358 2067 3480 2115 esse

1905 2140 2126 2211 piratae,
2189 2141 2357 2197 nolite
2419 2140 2733 2199 bellatores.
2799 2139 2978 2198 Nolite
3043 2134 3287 2214 querere
3349 2160 3475 2206 eum

1907 2245 2015 2303 quo
2084 2231 2335 2303 litigetis,
2401 2232 2494 2288 sed
2545 2247 2705 2303 quem
2781 2232 3024 2291 salvetis.
3099 2234 3217 2306 ipse
3291 2249 3473 2296 autem

1907 2323 2052 2380 Deus
2107 2322 2275 2396 pacis,
2323 2323 2414 2394 qui
2459 2339 2564 2380 non
2621 2325 2862 2396 pepercit
2920 2326 3198 2396 unigenito
3227 2341 3326 2385 suo
3378 2329 3473 2385 rt-

1908 2414 2004 2480 lio,
2037 2424 2093 2470 et
2120 2412 2268 2470 misit
2329 2428 2454 2471 eum
2497 2417 2564 2469 ad
2599 2414 2827 2471 salutem
2874 2418 3138 2489 nostram,
3191 2417 3311 2486 ipse
3346 2432 3470 2475 om·-

1909 2506 2058 2563 nium
2099 2515 2342 2562 vestrum
2369 2506 2583 2563 animas
2621 2506 2691 2562 ad
2721 2523 2754 2562 u
2929 2507 3367 2575 consensionem,
3400 2512 3472 2566 ad

1911 2612 2074 2654 uuam
2095 2596 2465 2679 concordiam,
2504 2598 2570 2653 ad
2613 2520 3015 2679 unaffacem
3053 2608 3111 2656 et
3156 2599 3473 2658 charitatem

1912 2687 2111 2745 adunet
2134 2703 2232 2759 per
2253 2688 2587 2760 unigenitum
2618 2684 2776 2757 suu}
2800 2687 2995 2747 rmum
3020 2706 3037 2745 ε
3066 2706 3162 2763 per
3197 2707 3359 2764 quem
3388 2702 3476 2750 est

1912 2796 2019 2836 non
2056 2791 2183 2837 nato
2208 2782 2355 2838 Patri
2391 2781 2590 2855 glum
2629 2781 2825 2852 bonor,
2878 2782 3186 2856 imperium,
3217 2784 3475 2856 majestas

1913 2874 1969 2930 in
1996 2873 2200 2946 Spiritu
2240 2883 2452 2941 saneto,
2480 2882 2535 2932 et
2565 2888 2707 2931 nunc
2735 2883 2792 2930 et
2823 2887 3058 2947 semper,
3086 2885 3138 2933 ct
3167 2890 3263 2948 pet·
3293 2876 3475 2935 omnia

1913 2956 2114 3018 tacui·
2139 2959 2485 3019 soculorum.
2512 2960 2703 3015 Amen.

1008 3425 1762 3587 EUSEBII
1816 3419 2730 3582 PAMPHILI

830 3718 1056 3837 DE
1182 3705 2902 3835 RESURnEcrloNE.

1402 4083 1757 4176 LIBER
1827 4080 2320 4176 PRIMUS.

1819 4281 1892 4299 ι*

325 4447 536 4504 Dictum
557 4455 638 4501 est
658 4443 871 4517 quidem
894 4457 924 4500 a
954 4445 1107 4501 nobis
1130 4452 1188 4501 ct
1212 4449 1334 4500 ante
1355 4443 1422 4501 de
1457 4442 1812 4501 resurrectio·
1836 4451 1881 4509 c
1913 4447 2092 4500 sutem
2150 4450 2206 4497 et
2238 4454 2358 4513 quaa
2390 4437 2525 4495 lecta
2556 4443 2717 4501 sunt;
2764 4431 2904 4490 forte
2950 4428 3113 4489 etiam
3158 4439 3301 4498 saepe
3323 4424 3482 4482 uobis

239 4554 356 4608 ¹¹03
393 4538 621 4594 audistis
655 4546 710 4605 et
745 4551 844 4593 vos
888 4555 903 4592 :
942 4537 1035 4593 sed
1070 4537 1251 4592 omnia
1311 4544 1550 4604 tempora
1596 4534 1819 4603 exigunt

241 4647 407 4690 suum
453 4630 710 4694 fructum,
748 4628 1010 4698 siquidem
1058 4638 1114 4684 et
1165 4628 1219 4682 in
1258 4638 1498 4697 tempore
1545 4641 1816 4692 rosarum,

242 4737 390 4780 rosae
413 4720 717 4778 florescunt.
758 4720 1067 4792 Agnoscunt
1100 4727 1278 4774 autem
1315 4727 1370 4774 et
1401 4720 1694 4774 secundum
1720 4714 1816 4775 Je-

247 4817 483 4873 remiam
515 4815 592 4880 ¹¹,
637 4824 692 4869 et
718 4813 1034 4869 hirundines
1086 4820 1295 4882 tempus
1340 4818 1397 4865 et
1441 4809 1529 4864 alii
1567 4822 1815 4879 passeres

245 4907 407 4979 κενὴ
438 4921 663 4976 quorum
692 4906 948 4976 propbeta
970 4904 1171 4958 faciens
1195 4902 1542 4967 mentionem,
1573 4902 1818 4970 increpa·

249 5000 346 5054 bat
389 4996 550 5053 lsrael
585 4996 675 5066 qui
700 5003 938 5065 tempora
978 4992 1277 5064 ignorabat.
1323 4991 1390 5046 Et
1418 4999 1629 5061 tempus
1668 4990 1814 5046 omni

249 5090 337 5146 rei
364 5103 480 5145 ..sse
503 5087 933 5158 sapientissimus
964 5085 1097 5140 dixit
1123 5084 1376 5140 Salomon
1398 5083 1464 5140 ⁸⁸.
1495 5081 1629 5150 Quia
1655 5081 1817 5151 igitur

248 5189 470 5248 tempus
504 5176 745 5249 exposcit
775 5176 843 5230 de
874 5172 1264 5230 resurrectione
1293 5170 1537 5235 tractari,
1563 5174 1818 5240 expetunt

1918 4535 2240 4602 dicentibus,
2266 4531 2491 4588 necdum
2521 4527 2736 4599 quidam
2775 4527 2841 4581 de
2868 4518 3264 4579 resurrectione
3290 4530 3479 4574 susce·

1917 4631 2114 4698 per-unt
2157 4632 2460 4680 sermonem
2501 4637 2516 4675 ε
2556 4616 2691 4674 nibil
2737 4612 2988 4686 probibet
3022 4619 3265 4680 repetere
3296 4621 3396 4663 nos
3426 4615 3485 4664 et

1914 4718 2114 4782 denuo,
2145 4724 2201 4771 et
2230 4715 2296 4770 de
2318 4713 2402 4768 bis
2430 4707 2564 4783 ipsis
2590 4716 2825 4764 tractare
2847 4704 2914 4759 ¹⁸.
2941 4703 3140 4759 Eadem
3169 4701 3315 4755 enim
3347 4697 3482 4755 scri-

1918 4811 2050 4866 bere
2089 4822 2191 4864 nec
2222 4804 2443 4860 Paulum
2480 4801 2651 4874 piguit
2692 4813 2707 4852 ε
2751 4798 2805 4854 bi
2830 4796 2974 4854 enim
3020 4794 3114 4866 qui
3138 4791 3363 4849 credunt
3396 4804 3485 4846 re-

1922 4901 2275 4959 surrectionis
2301 4910 2599 4961 sermones,
2639 4901 2799 4949 erunt
2842 4889 3113 4947 tutiores:
3143 4883 3281 4943 torte
3301 4891 3482 4938 autem

1922 4992 2013 5061 qui
2036 4991 2263 5048 necdum
2290 4987 2434 5045 suasi
2461 4994 2610 5053 sunt,
2636 4980 3026 5040 suadebuntur.
3068 4973 3226 5030 Nunc
3246 4970 3486 5030 creditur

1920 5081 2066 5136 enim
2096 5079 2333 5137 sermoni
2361 5076 2452 5148 qui
2485 5075 2552 5131 de
2583 5069 2973 5131 resurrectione
2997 5066 3261 5129 babetur;
3283 5071 3338 5117 et
3370 5074 3485 5113 ma·

1924 5182 2027 5238 gna
2071 5175 2158 5225 est
2202 5164 2488 5222 multitudo
2520 5175 2626 5216 non
2662 5157 3016 5216 credentium.
3054 5150 3293 5210 Gentiles
3338 5149 3483 5205 enim

330 5317 375 5350 ¹⁸
398 5314 418 5370 i
439 5317 562 5373 Cor.
592 5332 668 5383 vt,
691 5315 801 5380 202:
833 5325 886 5371 et
923 5330 1016 5383 vu,
1040 5313 1132 5370 25.
1205 5311 1253 5346 '⁸
1276 5309 1467 5368 nauh.
1496 5323 1627 5376 xxv,
1650 5307 1740 5365 40.
1816 5305 1861 5338 “·’
1896 5301 2152 5365 sei-‚vnn
2181 5299 2237 5354 7.
2311 5296 2356 5330 ¹⁸
2392 5295 2568 5352 Eccle.
2603 5307 2685 5360 ut,
2712 5292 2799 5346 n.
2878 5291 2921 5324 ¹⁸
2956 5285 3187 5358 Philipp.
3215 5297 3298 5351 tu,
3324 5281 3378 5337 l.

299 5435 408 5518 ‚(8)
438 5432 564 5488 Noli
605 5448 624 5487 .·
671 5432 991 5488 obliviscere.
1048 5431 1209 5487 Forte
1265 5430 1355 5483 sed
1409 5438 1465 5482 tu
1525 5425 1634 5478 noli
1685 5422 1798 5477 obii·

251 5521 411 5646 fugi
443 5575 468 5632 1
478 5593 510 5628 n
549 5588 701 5644 prece
736 5573 826 5627 Ἐν
849 5572 1005 5644 εὐχῇ,
1039 5570 1092 5626 in
1122 5577 1267 5634 voto,
1296 5567 1352 5622 ln
1378 5563 1598 5633 optatis.

336 5646 445 5717 (to)
476 5647 551 5698 Ab
590 5644 858 5699 exercitio.
903 5644 954 5696 ld
984 5651 1084 5707 cst,
1111 5655 1176 5695 ex
1223 5635 1524 5694 ministerio
1553 5647 1674 5692 meo
1703 5645 1852 5719 mea-

257 5717 436 5775 matio
464 5717 527 5770 ad
557 5715 751 5770 multos
773 5715 1021 5775 uertittet.

1997 5416 2107 5489 (ll)
2136 5414 2395 5469 Furatur.
2423 5410 2672 5468 Minores.
2703 5406 2862 5462 Forte
2890 5405 3100 5475 [uratur
3136 5401 3387 5483 primores,
3428 5397 3484 5454 td

1926 5499 2031 5552 cst,
2065 5486 2279 5541 adducit
2310 5498 2406 5549 per
2445 5481 2683 5535 fraudem
2733 5493 2763 5530 e
2789 5478 2906 5529 sinu
2950 5473 3200 5527 Ecclesiae
3263 5467 3484 5530 arsuloa

1930 5561 1985 5614 in
2019 5556 2143 5620 fide,
2165 5556 2375 5625 sibique
2404 5549 2662 5619 adiungit.
2697 5547 2835 5600 unde
2861 5545 3037 5598 alatur
3071 5560 3085 5597 t
3121 5555 3226 5610 qua
3249 5554 3307 5595 es
3345 5539 3381 5594 ii
3417 5537 3490 5594 dn

1931 5629 2127 5701 quibus
2147 5623 2316 5681 Judas
2340 5632 2511 5692 apost.
2534 5619 2620 5682 η,
2644 5615 2952 5686 Semetipsos
2978 5620 3264 5682 peretum.
