3692 6134
169 339 282 400 (5⁰9

1520 333 1608 389 nt:
1647 325 2114 389 mmmmm.

3307 349 3416 406 6¹0

511 655 1232 780 ΕΥΣΕΒΙΟΥ
1291 654 1650 770 ΠΕΡΙ
1701 654 2004 768 ΤΗΣ
2057 654 3064 776 ΘΕΟΦΑΝΕΙΑΣ.

977 1025 1539 1143 EUSEBII
1616 1023 2606 1144 GAESARIENSIS

604 1262 1039 1358 oPEms
1110 1263 1260 1354 DE
1335 1260 2135 1355 THEOPHANIA
2209 1263 2970 1360 FRAGMENTA.

860 1583 920 1638 ,ι’
951 1581 1048 1654 (ι).

233 1683 314 1755 (Ξ)
349 1681 559 1750 ’Ὥσπερ
581 1677 638 1732 δὲ
663 1676 756 1730 ἐπὶ
771 1674 865 1730 τοῦ
891 1675 1011 1730 καθ’
1036 1674 1186 1746 ἡμᾶς
1226 1669 1685 1747 παραδείγματος,
1709 1678 1739 1731 ό

1759 1597 1810 1654 Α

1913 1674 2070 1734 Sicut
2106 1677 2293 1745 enim,
2336 1682 2397 1733 ἰιι
2447 1584 2758 1750 esemlptum
2803 1689 2838 1733 a
2888 1679 3047 1736 nohis
3090 1691 3409 1755 sumamus,

160 1776 266 1848 μὲν
289 1775 517 1846 ἀόρατος
546 1769 639 1824 καὶ
665 1765 873 1839 ἀφανὴς
897 1769 956 1820 εν
983 1768 1117 1839 ἡμῖν
1151 1764 1297 1833 νοῦς,
1338 1765 1398 1820 ὃν
1425 1767 1576 1831 ὅστις
1606 1767 1738 1822 ’ποτὶ
1839 1782 1992 1822 mens
2024 1769 2075 1822 in
2110 1769 2266 1824 nobis
2297 1769 2589 1826 invisibilis
2614 1769 2900 1841 latensque
2934 1781 3017 1827 est
3036 1796 3057 1838 ·‚
3104 1788 3268 1844 quam
3295 1790 3409 1832 cu·-

157 1869 256 1923 καὶ
298 1867 479 1929 ὁποῖος
520 1863 598 1917 ὢν
636 1861 738 1933 τὴν
779 1858 967 1915 οὐσίαν
1001 1859 1257 1931 ὑπάρχει,
1292 1859 1469 1924 οὐδεὶς
1514 1860 1735 1914 πώποτε

154 1958 463 2032 ἀνθρώπων
495 1955 654 2024 ἔγνω,
687 1952 937 2024 βασιλεὺς
960 1951 1004 2005 δ’
1034 1946 1124 2007 οἷα
1150 1952 1206 2005 ὲν
1233 1951 1566 2023 ἀπορρήτοις
1603 1950 1737 2006 εἴσω

154 2054 273 2115 τοῖς
318 2047 480 2103 αὑτοῦ
518 2044 764 2117 ταμείοις
794 2042 1185 2113 καθιδρυμένος
1219 2041 1292 2095 τὰ
1326 2045 1601 2117 πρακταία
1636 2043 1734 2114 (2')

158 2142 492 2215 βουλεύεται·
520 2138 676 2209 λόγος
698 2136 742 2191 δ’
775 2136 834 2201 ἐξ
859 2135 1024 2190 αὐτοῦ
1061 2136 1296 2210 πρόεισι,
1335 2134 1627 2206 μονογενὴς
1644 2127 1733 2188 οἷα

155 2234 366 2306 πατρὸς
395 2233 452 2300 ἐξ
482 2231 699 2286 ἀδύτων
741 2226 925 2299 μυχῶν
966 2224 1384 2297 γεγεννημένος,
1426 2224 1488 2289 ὃς
1528 2224 1594 2298 δὴ
1636 2223 1734 2279 καὶ

154 2325 382 2397 πρῶτος
410 2323 518 2377 τῶν
547 2319 825 2394 πατρικῶν
863 2319 978 2385 τοϊς
1008 2319 1142 2373 πᾶσι
1179 2315 1503 2372 καθίσταται
1522 2316 1732 2388 νοημώ-

153 2436 271 2472 των
296 2414 538 2486 ἄγγελος,
562 2415 642 2476 εἰς
678 2411 907 2484 φανερόν
939 2426 999 2463 τε
1026 2408 1286 2481 κηρύττει
1309 2407 1378 2463 τὰ
1402 2409 1463 2464 ὲν
1486 2409 1736 2481 ἀπορρη-

147 2528 275 2574 τοις
300 2509 377 2580 τῷ
413 2508 580 2580 πατρὶΙ
615 2504 1032 2579 βεόουλευμένα,
1075 2503 1258 2576 ἔργοις
1297 2519 1358 2557 τε
1400 2503 1639 2557 ἐπιτελεῖ
1662 2501 1733 2558 τὰ

156 2602 518 2674 βουλεύματα,
555 2597 760 2671 προῖὼν
787 2599 867 2662 είς
905 2597 1006 2661 τὰς
1045 2597 1264 2652 πάντων
1303 2595 1494 2660 ἀκοάς·
1535 2593 1636 2649 εἶθ’
1681 2598 1732 2652 oi

161 2694 258 2765 μὲν
286 2692 389 2762 τῆς
414 2694 478 2744 ὲκ
503 2689 599 2743 τοῦ
622 2689 778 2758 λόγου
805 2687 1310 2760 μεταλαμβάνουσιν
1328 2685 1613 2756 ὠφελείας,
1640 2685 1732 2741 τὸν

155 2784 202 2837 δ’
239 2782 418 2853 ἀφανῆ
459 2781 553 2835 καὶ
592 2780 821 2852 ἀόρατον
862 2780 985 2834 νοῦν
1029 2779 1121 2833 τὸν
1158 2777 1256 2832 τοῦ
1291 2777 1453 2847 λόγου
1492 2778 1727 2850 πατέρα,

154 2875 329 2938 οὐδεὶς
353 2872 572 2926 πώποτε
594 2871 884 2943 ὀφθαλμῶν
909 2867 1037 2925 εἶδε·
1064 2869 1204 2924 κατὰ
1228 2867 1399 2922 ταῦτα
1420 2867 1505 2940 δὴ,
1531 2867 1728 2938 μᾶλλον

1829 1858 2068 1927 jusmodi
2117 1859 2189 1914 sit
2209 1896 2226 1923 ‚
2262 1861 2486 1929 culusve
2531 1861 2890 1930 substantioe,
2938 1865 3123 1923 nullus
3171 1871 3406 1939 unquam

1835 1952 1999 2007 homo
2024 1951 2311 2020 cognovit;
2341 1952 2438 2006 sed
2468 1967 2532 2006 ea
2563 1954 2731 2008 veluti
2767 1968 2862 2009 rex
2884 1956 3107 2024 quidam
3139 1962 3192 2015 ln
3224 1972 3407 2015 secre-

1835 2042 1906 2096 tis
1930 2043 2045 2098 suis
2067 2041 2419 2098 conclavibus
2445 2043 2647 2098 sedens
2670 2083 2687 2110 ,
2713 2044 2843 2114 quid
2869 2045 3181 2106 faciendum
3210 2050 3283 2106 sit
3311 2053 3408 2107 de·

1831 2131 2059 2201 liberat;
2101 2133 2299 2190 deinde
2325 2146 2507 2188 sermo
2528 2146 2599 2188 ex
2632 2134 2748 2204 ipsa
2771 2135 2973 2205 prodit,
3024 2140 3181 2210 qussi
3213 2141 3407 2212 unige-

1832 2224 1980 2279 nitus
2009 2240 2039 2279 a
2067 2234 2223 2294 patre
2256 2225 2310 2280 in
2347 2224 2649 2282 reconditis
2675 2227 3049 2298 penetralibus
3077 2243 3402 2304 generatus;

1832 2316 1925 2386 qui
1949 2315 2109 2371 etiam
2157 2315 2369 2388 primus
2417 2327 2771 2390 paternarum
2820 2320 3283 2381 consultationum
3342 2329 3408 2386 tlt

1831 2407 2085 2474 nuntius,
2107 2416 2271 2478 atque
2295 2408 2350 2464 in
2370 2419 2617 2480 apertum
2647 2412 2973 2483 depraedieat
2996 2428 3197 2473 areana
3232 2421 3404 2489 patris

1829 2499 2080 2565 consilia,
2108 2507 2165 2557 et
2188 2513 2355 2571 opere
2378 2515 2495 2557 rem
2521 2502 2875 2561 deliberatam
2900 2504 3139 2578 perficit,
3171 2509 3300 2567 dum
3330 2514 3401 2570 ad

1829 2591 2076 2646 omnium
2122 2606 2287 2651 aures
2327 2593 2578 2666 perl'ert;
2634 2595 2853 2651 interint
2909 2606 3092 2654 tamen
3150 2600 3401 2662 homines

1829 2681 2050 2752 quidem
2097 2684 2251 2742 verbi
2300 2685 2534 2744 utilitate
2593 2686 2871 2756 fruuntur.
2927 2690 3023 2747 sed
3072 2690 3397 2754 invisibilem

1830 2786 2070 2831 mentem
2117 2777 2271 2833 verbi
2301 2789 2583 2850 parentem
2632 2794 2859 2852 prorsus
2904 2784 3081 2842 oeulis
3115 2802 3222 2845 non
3269 2803 3395 2848 cer·

1829 2877 2000 2934 nunu
2026 2867 2150 2931 hoe.
2177 2868 2419 2938 inquam,
2444 2868 2625 2938 modo,
2664 2871 2778 2930 imo
2794 2872 2962 2930 etiam
2985 2890 3149 2948 supra
3179 2890 3395 2938 omnem

153 2969 202 3022 δ’
232 2967 488 3021 ἐπέκεινα
513 2964 697 3035 πάσης
729 2962 932 3026 εἰκόνος
956 2962 1052 3016 καὶ
1088 2959 1550 3032 παραδείγματος,
1581 2960 1611 3012 ό
1634 2958 1728 3013 τοῦ
1761 2968 1804 3022 B
1831 2958 2122 3028 imaginem
2150 2968 2313 3029 atque
2344 2961 2669 3038 exemplum,
2689 2965 2927 3033 supremi
2962 2965 3058 3023 Dei
3087 2973 3398 3039 regnatoris

154 3055 542 3129 παμὸασιλέως
598 3052 734 3106 Θεοῦ
786 3051 986 3115 τέλειος
1030 3049 1220 3118 Λόγος,
1282 3041 1368 3100 οἷα
1411 3046 1726 3117 μονογενὴς,

153 3150 216 3202 οὐ
261 3145 568 3219 προφορικῇ
602 3142 830 3213 δυνάμει
865 3138 1154 3202 συνεστὼς,
1184 3135 1293 3189 οὐδ’
1330 3134 1395 3188 ὲκ
1427 3133 1725 3200 συλλαόῶν,

158 3238 444 3308 ὀνομάτων
482 3251 542 3293 τε
561 3234 654 3290 καὶ
687 3233 945 3305 ῥημάτων
978 3230 1077 3302 τὴν
1102 3228 1263 3298 φύσιν
1290 3225 1730 3298 κατεσκευασμέ-

162 3345 277 3392 νος,
305 3327 411 3382 οὐδ’
452 3328 511 3381 ὲν
535 3328 680 3398 φωνῇ
718 3323 785 3378 δι’
827 3322 987 3395 ἀέρος
1021 3317 1367 3392 πληττομὲνῃ
1398 3315 1730 3390 σημαινόμε-

161 3439 275 3488 νος,
301 3419 434 3475 Θεοῦ
463 3419 522 3474 δὲ
557 3418 649 3473 τοῦ
674 3419 766 3473 ὲπὶ
802 3417 1019 3471 πάντων
1054 3412 1162 3480 ζῶν
1184 3411 1280 3466 καὶ
1301 3408 1530 3483 ἐνεργὴς
1548 3409 1728 3481 ὑπάρ-

163 3530 276 3586 χων
312 3512 440 3576 Υἱὸς
473 3512 661 3581 Λόγος,
701 3511 822 3564 κατ’
860 3504 1045 3564 οὐσίαν
1085 3521 1147 3559 τε
1176 3501 1423 3574 ὑφεστὼς
1462 3496 1553 3556 οἶα
1589 3499 1726 3556 Θεοῦ

158 3606 391 3678 δύναμις
419 3604 515 3661 καὶ
539 3604 673 3659 Θεοῦ
722 3601 904 3672 σοφία,
932 3596 1146 3672 πρόεισι
1191 3595 1288 3670 μὲν
1311 3595 1415 3668 τῆς
1453 3593 1728 3668 πατρικῆς

158 3699 434 3772 θεότητος,
450 3695 657 3767 ἀγαθοῦ
672 3695 729 3748 δὲ
748 3690 951 3766 πατρὸς
966 3680 1167 3761 ἀγαθὸν
1185 3687 1441 3761 τυγχάνει
1458 3685 1725 3757 γέννημα,

159 3788 427 3862 αὐτοζωὴ,
455 3787 724 3858 αὑτοφῶς,
761 3785 1005 3856 γέννημα
1050 3781 1236 3852 νοερὸν
1265 3778 1442 3851 φωτὸς
1469 3777 1724 3848 ἀλήκτου,

157 3882 248 3937 διὰ
268 3881 479 3936 πάντων
505 3876 720 3951 χωρῶν,
750 3879 806 3931 ὲν
835 3873 968 3928 πᾶσί
995 3889 1054 3926 τε
1078 3870 1156 3927 ὢν
1184 3873 1280 3927 καὶ
1326 3869 1508 3925 πάντα
1529 3870 1725 3952 ὲπιτιιοὥ

161 3974 466 4046 ρευόμενος.
905 4056 945 4107 Β

231 4153 306 4224 (5)
344 4144 512 4215 Οῦτος
535 4152 565 4204 ό
593 4147 721 4220 παρ’
745 4149 874 4219 ἡμῖν
906 4140 1336 4217 θεολογούμενος,
1366 4138 1725 4213 προφητικαῐς

154 4244 360 4301 ἀνωθεν
393 4243 500 4316 πρὸ
532 4240 734 4312 μυρίων
769 4238 974 4309 χρόνων
1007 4234 1255 4308 ἐγνώσθη
1279 4251 1340 4288 τε
1363 4233 1458 4288 καὶ
1485 4245 1724 4302 προεκη-

1829 3050 2131 3121 perfectum
2179 3050 2417 3108 Verbum
2440 3093 2457 3116 ,
2483 3067 2581 3110 eeu
2612 3053 2949 3127 unigenitum
2970 3097 2987 3124 ,
3015 3075 3121 3117 non
3149 3078 3219 3119 ex
3264 3080 3394 3135 pro·

1826 3140 2132 3198 nuntiativa
2168 3141 2349 3212 aliqua
2382 3144 2582 3201 virtute
2609 3147 2916 3208 consistens
2938 3192 2955 3220 ,
3003 3166 3179 3222 neque
3226 3155 3395 3227 sylla·

1825 3229 2018 3288 barum
2044 3272 2062 3299 ‚
2092 3232 2371 3289 nominum
2394 3272 2411 3299 ,
2440 3237 2839 3311 verborumque
2874 3252 3125 3299 naturam
3152 3259 3350 3316 gerens
3372 3288 3391 3318 ‚

1828 3336 1929 3379 nec
1951 3338 2057 3396 ope
2079 3326 2228 3383 vocis
2247 3341 2315 3382 ex
2340 3327 2482 3385 aeris
2518 3332 2863 3399 percussione
2882 3336 3264 3408 significatum,
3296 3342 3395 3399 sed

1828 3417 1924 3474 Dei
1959 3420 2197 3491 supremi
2224 3421 2413 3479 vivens
2450 3437 2794 3498 operansque
2835 3426 3007 3486 Filius
3039 3428 3273 3488 Verbum
3295 3447 3393 3490 ex-

1825 3508 2046 3578 sistens,
2073 3520 2125 3568 et
2158 3510 2377 3584 quidem
2399 3514 2851 3583 substantialiter,
2887 3528 3074 3592 utpote
3098 3519 3193 3579 Dei
3219 3523 3394 3582 virtus

1827 3611 1990 3673 atqne
2016 3602 2280 3672 sapientia
2302 3643 2320 3672 ,
2346 3618 2414 3661 ex
2442 3614 2663 3676 paterna
2686 3599 2968 3667 divinitate
3006 3612 3187 3683 prodit
3209 3654 3225 3678 ,
3261 3614 3389 3671 boni

1825 3694 2000 3764 patris
2026 3693 2228 3750 bonum
2256 3710 2506 3768 germen.
2537 3697 2777 3778 vitaper
2814 3716 2907 3770 se,
2937 3717 3003 3759 ac
3029 3701 3143 3774 lux,
3174 3704 3389 3762 intefle-

1825 3784 2021 3842 ctualis
2056 3795 2434 3860 perpetuaeque
2459 3789 2595 3845 lucis
2621 3792 2898 3860 genimen,
2931 3809 3029 3866 per
3058 3796 3241 3853 omnia
3270 3797 3384 3856 dis-

1824 3892 2073 3947 currens,
2112 3877 2313 3950 ubique
2346 3894 2605 3952 presens,
2632 3891 2826 3939 cuncta
2862 3886 3191 3956 pervadens.

1896 4144 2015 4213 liic,
2052 4161 2208 4216 quem
2245 4161 2345 4202 nos
2374 4147 2541 4205 Deum
2574 4059 2822 4206 ¹(Ilicimus
2846 4190 2863 4218 ,
2894 4151 3267 4221 vocibusaiam
3296 4154 3389 4210 dit:

1824 4249 1956 4294 ante
1981 4240 2256 4309 complura
2276 4241 2472 4297 saeeula
2504 4242 2741 4298 innotuit
2768 4253 2824 4298 et
2864 4246 3258 4314 praenuntiatus
3285 4245 3389 4303 suit

160 4336 334 4410 ρόχθη
374 4336 609 4405 φωναῖς·
635 4333 684 4385 οἳ
714 4330 921 4384 καὶτὸν
949 4329 1111 4384 τόπον
1135 4327 1238 4397 τῆς
1277 4321 1593 4394 θεοφανείας
1630 4319 1727 4375 αὖ·
1751 4309 1793 4368 C
1826 4328 2247 4399 prophetarum,
2273 4329 2366 4401 qni
2403 4338 2461 4385 et
2490 4330 2667 4386 locum
2700 4331 2899 4387 divinae
2929 4331 3047 4400 ejus
3072 4331 3390 4387 manifesta·

153 4428 275 4494 τοῦ,
298 4426 392 4481 καὶ
426 4424 647 4497 χρόνους
674 4423 774 4494 τῆς
809 4419 1064 4490 ἀφίξεως,
1091 4417 1186 4473 καὶ
1212 4412 1413 4488 τρόπον
1443 4413 1536 4467 τοῦ
1576 4411 1715 4484 βίου,

152 4524 250 4578 καὶ
280 4520 558 4592 δυνάμεις,
591 4516 686 4572 καὶ
727 4515 939 4585 λόγους,
980 4514 1074 4568 καὶ
1108 4508 1506 4583 κατορθώματα
1551 4502 1716 4560 αὐτοῦ

151 4610 539 4685 προλαδόντες,
564 4605 763 4677 βίδλοις
780 4605 950 4677 ἱεραῖς
967 4598 1316 4669 ἐγκατέθεντο
1332 4597 1428 4667 (t).
1445 4625 1512 4637 —
1527 4589 1600 4647 Τὸ
1610 4591 1718 4664 γὰρ

165 4701 378 4774 Ἰησοῦς
406 4700 597 4762 ἰάσεως
619 4695 713 4750 καὶ
740 4694 1006 4765 σωτηρίας
1033 4688 1305 4763 προσφυὲς
1329 4687 1497 4758 ὄνομα
1520 4684 1585 4738 ἂν
1607 4683 1712 4754 εἴη·

153 4796 383 4866 σωτῆρα
406 4793 514 4863 γὰρ
543 4790 635 4844 καὶ
664 4789 926 4860 σωτήριον
949 4786 984 4856 ἡ
1026 4781 1290 4855 Ἐὅραίων
1314 4778 1464 4850 φωνὴ
1486 4775 1576 4831 τδν
1616 4775 1718 4848 Ἰη-

154 4887 284 4943 σοῦν
311 4883 500 4938 εἴωθεν
526 4880 726 4935 καλεῖν.

904 4968 954 5021 Γ

226 5073 307 5144 (5)
354 5070 466 5126 Καὶ
489 5068 712 5129 θάνατος
741 5063 812 5134 (6)
846 5058 902 5115 δὲ
928 5061 958 5112 ό
984 5056 1272 5129 βοώμενος,
1300 5054 1360 5109 ὃν
1385 5051 1451 5126 δὴ
1478 5048 1714 5123 ὑποστῆ-

152 5186 247 5226 ναι
280 5166 343 5220 τδ
371 5163 464 5219 τοῦ
505 5161 675 5229 Λόγου
714 5155 936 5226 ἄγαλμα
974 5150 1126 5224 παρὰ
1162 5151 1275 5212 τοῐς
1304 5148 1470 5202 πᾶσιν
1502 5146 1714 5216 ἀνωμό-

228 5305 307 5378 (ἱ)
335 5302 395 5359 ln
423 5301 607 5357 codice
632 5293 1013 5352 Mediolanensi
1059 5289 1250 5346 Ambr.
1275 5288 1338 5343 Ε.
1379 5282 1467 5343 65.
1510 5303 1563 5357 p.
1608 5283 1706 5339 ins.

157 5376 213 5432 in
264 5384 456 5429 catena
489 5370 660 5454 Epist.
686 5369 750 5422 ad
797 5364 960 5420 nebr.
991 5377 1041 5417 tv
1065 5400 1080 5426 ,
1113 5360 1200 5424 12,
1233 5360 1562 5438 praepogtitnr
1588 5357 1711 5411 hnic

157 5447 465 5515 fragmento
507 5439 696 5495 titulus
740 5433 1036 5491 Εὑσεὸίου
1081 5432 1474 5500 every-reatam-
1503 5431 1711 5506 θεοφας

154 5517 341 5580 relac-
371 5514 465 5584 (At
495 5510 548 5565 in
577 5507 844 5564 Par-isiaco
873 5514 931 5557 ιιι
955 5510 1103 5558 certe
1146 5510 1230 5554 est
1264 5501 1316 5553 in
1347 5499 1434 5553 ed.
1466 5496 1710 5551 Cratnert

156 5602 213 5656 p.
243 5581 372 5648 459,
402 5580 658 5635 mendose
708 5570 1062 5645 εὐαγγελικὰ
1089 5565 1448 5638 θεοφάνεια.)
1482 5565 1711 5620 Prorsus

159 5664 337 5709 autem
367 5651 616 5707 Graecum
639 5650 741 5705 hoc
763 5645 1122 5714 fragmentum
1159 5638 1417 5719 congruit
1442 5651 1563 5693 cum
1610 5635 1713 5704 Sy-

161 5725 305 5777 riaca
345 5736 438 5776 seu
468 5716 689 5789 Anglica
718 5713 1064 5783 Theophanioe
1096 5709 1355 5773 editione,
1382 5706 1480 5762 ltb.
1518 5719 1558 5774 t,
1589 5719 1708 5776 cop.

157 5793 251 5860 23,
275 5811 329 5865 p.
357 5790 441 5847 12.

1825 4418 1992 4474 tionis
2012 4459 2029 4487 ,
2060 4427 2114 4475 et
2141 4419 2398 4476 adventus
2430 4429 2672 4491 tempora
2697 4460 2714 4488 ,
2746 4429 2803 4476 et
2845 4419 2969 4475 vitae
2999 4420 3289 4485 rationem,
3331 4427 3385 4474 et

1823 4507 2105 4576 miracula,
2142 4520 2199 4565 et
2222 4524 2498 4567 sermones
2516 4551 2533 4578 ‚
2568 4521 2625 4565 et
2650 4511 2867 4580 egregia
2895 4511 3159 4575 facinora,
3185 4512 3383 4567 vatiel-

1823 4599 1915 4653 nio
1945 4608 2409 4669 praeoccupantes.
2440 4602 2610 4658 saeris
2651 4600 2809 4656 libris
2848 4603 3381 4658 commendaverunt.

1820 4718 1893 4730 —-
1918 4689 2051 4744 Nam
2070 4688 2228 4746 Iesus
2264 4692 2532 4748 sanationi
2566 4701 2730 4764 atque
2757 4693 2917 4749 saluti
2943 4707 3242 4764 congruum
3278 4707 3383 4750 no·

1820 4795 1943 4837 men
1974 4791 2077 4836 est.
2110 4779 2442 4839 salvatorem
2470 4782 2616 4837 enim
2666 4794 2734 4837 ae
2770 4781 3065 4838 salutarem
3110 4782 3249 4839 solet
3276 4781 3384 4838 lin-

1820 4885 1924 4941 gua
1959 4870 2307 4928 neumarum
2333 4873 2518 4929 dicere
2547 4872 2755 4930 lesum.

2549 4964 2642 5021 ill.

1892 5055 2036 5111 Mors
2067 5070 2284 5127 quoque
2303 5055 2393 5112 illa
2426 5055 2657 5113 celebris
2686 5093 2703 5121 ,
2733 5071 2897 5128 quom
2942 5053 3113 5114 Verbi
3157 5055 3379 5114 simula·

1820 5160 1973 5201 crum
2006 5146 2320 5212 pertulisse.
2353 5145 2406 5198 in
2433 5143 2685 5200 confesso
2709 5143 2851 5214 apud
2890 5160 3082 5201 omnes
3115 5153 3225 5212 est,
3270 5156 3376 5198 non

1819 5283 1963 5407 Ξ502)
2014 5281 2327 5352 Theophan.
2377 5280 2500 5354 Syr.
2533 5282 2650 5339 sive
2696 5282 2981 5353 Angliezm.
3015 5282 3111 5340 lib.
3156 5296 3197 5350 t,
3253 5294 3371 5351 cap.

1900 5390 1983 5492 '27
2014 5419 2269 5476 Fortasse
2296 5421 2397 5493 leg.
2426 5420 2695 5495 πρακτέα.
2730 5421 2889 5477 Em.

1908 5492 1963 5554 ὅ)
1991 5490 2127 5546 Cod.
2158 5489 2281 5545 Vnt.
2303 5490 2370 5544 A.
2397 5493 2432 5545 r.
2473 5492 2559 5546 14.
2590 5492 2721 5548 Cod.
2755 5493 2872 5548 vat.
2907 5490 2969 5547 E.
3000 5490 3037 5545 l.
3066 5489 3155 5547 63.
3183 5490 3237 5544 b.
3266 5489 3371 5547 Tb.

1816 5559 1943 5633 Syr.
1969 5561 2063 5616 lib.
2093 5576 2176 5626 ιιι,
2208 5575 2329 5626 cap.
2353 5562 2447 5616 25.

1912 5631 1967 5696 4)
1993 5630 2126 5686 Cod.
2164 5631 2225 5685 Ε.
2261 5631 2301 5684 f.
2332 5631 2422 5685 37.
2451 5629 2507 5684 b.
2537 5629 2641 5684 Tin.
2675 5630 2797 5702 Syr.
2828 5644 2911 5692 ιιι,
2945 5629 3035 5685 40.

1916 5701 1971 5774 ὅ)
1997 5699 2133 5756 Cod.
2162 5701 2228 5755 A.
2254 5700 2293 5756 l.
2316 5699 2441 5755 307.
2467 5703 2523 5756 b.
2547 5699 2651 5753 Tb.
2676 5702 2798 5770 Syr.
2827 5713 2907 5762 ιιι,
2931 5697 3020 5763 u,
3040 5697 3128 5765 ⁴2,
3152 5697 3246 5755 ⁴5.

1888 5772 1967 5845 (θ)
2000 5770 2134 5828 Cod.
2165 5771 2425 5828 mendose
2445 5768 2610 5832 αὐτός
2643 5784 2741 5840 pro
2768 5768 3023 5832 θάνατος.
