3692 6134
112 324 217 381 58¹

1301 323 1818 384 COMMENTAmA
1858 330 1924 385 ΙΝ
1963 331 2220 389 Lucan.

3277 345 3385 411 m

112 440 304 504 τικοὺς
338 434 482 493 εἶναι
515 439 628 502 τοῖς
657 439 913 493 πταίουσι
945 439 1216 510 βούλεται,
1249 439 1572 513 θεραπεύων
1603 444 1712 499 δει-
1739 456 1787 511 A
1813 445 2111 503 offensores
2148 464 2279 505 suos
2308 451 2693 520 indulgentiam
2727 468 3048 524 expromere
3081 469 3384 529 :sanatque

111 536 216 607 νην
241 535 397 588 νόσον
423 534 482 586 ὲν
506 533 692 596 αύτοῖς
719 531 979 596 πολλάκις
1020 533 1394 603 ἐμφυομένην,
1422 534 1704 590 ἐκκόπτων

111 629 217 699 τὴν
262 626 406 681 κατὰ
441 624 552 678 τῶν
579 623 883 678 πταιόντων
913 624 1213 695 ἀποτομήν.
1261 626 1704 698 Κατεπαίρεσθαι

113 718 248 789 γοῦν
281 716 576 787 εἰώθαμεν,
610 715 687 778 ὡς
719 716 856 785 μήτε
898 714 1274 786 παρακλήσεις
1309 715 1416 768 τῶν
1454 718 1706 789 ἡμαρτη-

113 814 313 874 κότων,
340 811 479 881 μήτε
503 808 610 862 τῶν
633 809 774 878 ὑπὲρ
795 807 972 860 αὐτῶν
991 808 1397 878 πρεσόευόντων
1426 812 1702 881 ἱκετηρίας

115 903 541 978 παραδέχεσθαι·
582 901 719 973 μηδὲ
767 900 873 971 μὴν
923 898 1338 966 ὑπολογίζεσθαι
1374 901 1474 952 ὅσα
1503 899 1567 971 δὴ
1607 901 1703 955 καὶ

116 998 272 1051 αὐτοὶ
318 997 368 1049 οἰ
401 993 675 1063 ἄνθρωποι
725 991 1008 1053 πταίοντες
1046 988 1373 1060 συγγνώμης
1415 991 1513 1061 τῆς
1549 990 1701 1062 παρὰ

115 1087 211 1143 τοῦ
244 1086 482 1160 μεγάλου
521 1082 708 1156 κριτοῦ
746 1080 999 1152 δεόμεθα.
1042 1081 1278 1144 Εἰκότως
1307 1077 1399 1134 οῦν
1444 1081 1594 1151 παρὰ
1621 1080 1701 1152 τῷ

119 1180 384 1250 Ματθαίῳ
422 1178 517 1232 καὶ
541 1179 606 1248 τῇ
638 1172 920 1246 παραὸολῇ
953 1173 1241 1245 κέχρηται,
1268 1176 1326 1226 ὲν
1356 1168 1388 1245 ᾗ
1424 1174 1698 1244 ὀφειλέται

118 1274 448 1341 εἰσάγονται,
499 1271 529 1321 ό
581 1268 677 1338 μὲν
724 1266 894 1337 μυρία
936 1266 1173 1319 τάλαντα
1219 1266 1469 1334 ὀφείλων,
1517 1265 1554 1320 ἃ.
1605 1265 1700 1320 καὶ

120 1364 321 1436 ἀφείθη
348 1362 496 1432 αύτῷ
531 1359 909 1431 προσπεσόντι·
943 1362 973 1412 ό
1014 1357 1071 1411 δὲ
1100 1357 1293 1412 ἑκατὸν
1320 1358 1568 1431 δηνάρια,
1612 1359 1698 1426 ἐφ’

117 1453 199 1522 οἷς
233 1456 570 1523 άπεπνίγετο
602 1452 752 1524 παρὰ
777 1451 872 1505 τοῦ
903 1449 1198 1519 ἀφεθέντος
1222 1449 1290 1503 τά
1323 1449 1495 1503 πολλὰ
1517 1451 1698 1504 ἐκεῖνα

118 1549 376 1603 τάλαντα.
403 1545 481 1599 Δι’
507 1542 576 1618 ἦς
603 1544 862 1606 διδάσκει,
894 1543 976 1595 ὅτι
1025 1541 1099 1613 μὴ
1135 1541 1311 1605 ἄλλως
1334 1545 1515 1613 τυχεῖν
1543 1541 1696 1596 δυνα-

117 1638 209 1692 τόν
235 1639 354 1690 εστι
382 1635 482 1705 τῆς
510 1633 801 1704 βασιλείας,
830 1632 931 1686 κᾶν
957 1630 1127 1686 πολλά
1147 1648 1229 1695 τις
1254 1630 1595 1704 κατορθώσῃ,
1622 1631 1699 1704 μη

118 1733 211 1785 τὸν
246 1729 451 1798 ἀγαθὸν
473 1728 607 1782 Θεὸν
640 1727 1017 1798 μιμησάμενος
1046 1723 1186 1779 κατὰ
1209 1723 1269 1777 τὸ
1297 1725 1694 1796 ἁμνησίκακον·

1812 537 1988 591 dirum
2040 539 2285 593 morbum
2332 554 2704 609 saepenumero
2755 542 2965 599 iliorum
2998 547 3193 604 animis
3230 549 3382 609 inna-

1807 637 2073 694 scentetn,
2100 639 2264 698 atque
2287 631 2468 685 odium
2497 647 2603 700 quo
2618 635 2720 687 sibi
2751 635 3023 693 maleficos
3050 654 3385 711 prosequun-

1806 729 1896 773 tttr
1927 732 2157 779 resecat.
2209 723 2415 796 Quippe
2460 729 2596 781 anteo
2650 729 2966 783 exacerbari
3021 730 3279 799 soiemtts,
3324 750 3384 795 nt

1803 828 1979 881 neque
2026 818 2367 884 peccantium
2419 820 2849 886 obtestationes,
2891 837 3065 892 neque
3110 824 3384 894 supptices

1805 902 2230 960 intercessorum
2280 925 2472 976 preces
2516 911 2881 975 admittamus,
2939 928 3115 980 neque
3168 927 3385 987 repute-

1804 1010 1928 1051 mus
1974 1010 2178 1060 quauta
2230 1008 2284 1054 et
2335 1016 2435 1056 nos
2484 1003 2732 1056 butnanae
2788 1006 3122 1062 conditionis
3160 1019 3384 1076 pet-cata

1804 1088 2012 1154 ignosci
2051 1090 2211 1146 nobis
2246 1107 2277 1145 a
2310 1108 2506 1162 magno
2528 1093 2710 1159 judice
2739 1110 3015 1166 egeamus.
3048 1099 3187 1168 Apte
3220 1099 3385 1170 igitur

1801 1179 1940 1248 apud
1966 1180 2270 1237 Mattbaemn
2291 1185 2338 1217 ¹⁸
2365 1187 2622 1253 paraboia
2663 1186 2924 1242 Servatur
2976 1191 3167 1254 utitur,
3199 1191 3252 1245 in
3273 1205 3381 1260 qua

1801 1273 2083 1329 debitores
2105 1275 2532 1335 introducuntur
2560 1296 2791 1352 quorum
2824 1281 2968 1337 aiter
2990 1284 3176 1339 decem
3206 1282 3381 1339 miliia

1802 1364 2128 1420 talentorum
2172 1367 2423 1434 debebat,
2466 1385 2589 1440 qun
2640 1371 2742 1442 ipsi
2794 1373 3023 1442 supplici
3075 1374 3379 1430 condonata

1801 1453 1987 1521 ωσι-ος
2023 1460 2159 1511 atter
2189 1469 2367 1513 autem
2389 1470 2608 1515 centum
2655 1462 2928 1529 denarios,
2951 1478 3183 1533 quorum
3213 1479 3378 1521 eausa

1800 1544 2171 1601 suffocabatur
2214 1550 2282 1602 ab
2316 1564 2402 1614 eo,
2445 1551 2533 1605 cui
2563 1560 2747 1608 tantus
2781 1552 2874 1608 iiie
2912 1553 3236 1611 talentorum
3275 1573 3382 1611 nu·

1805 1652 1990 1691 merus
2035 1639 2297 1695 remissus
2336 1639 2533 1698 fuet-at.
2561 1646 2678 1711 Qua
2718 1644 2978 1714 parabola
3023 1645 3204 1712 docet,
3235 1647 3380 1704 baud

1807 1728 1978 1783 licere
2029 1744 2256 1800 regnum
2308 1734 2560 1804 adipisci,
2611 1749 2922 1807 quanquam
2970 1737 3173 1810 alioqui
3211 1739 3380 1796 multa

120 1823 424 1894 ἐπειδήπερ
455 1823 489 1893 ὴ
528 1819 791 1891 βασιλεία,
817 1819 994 1890 κρίσει
1035 1817 1159 1880 τοὺς
1189 1815 1372 1880 ἀξίους
1401 1817 1702 1888 παραδεχο-
1730 1837 1771 1892 Β
1803 1829 1949 1873 recte
1970 1819 2170 1888 aiiquis
2202 1820 2411 1888 fecerit,
2450 1826 2551 1880 uisi
2591 1825 2686 1882 Dei
2716 1827 3013 1885 bonitatem
3054 1829 3378 1900 iujuriarum

123 1917 280 1988 μένη,
309 1917 438 1978 τοὺς
468 1913 543 1985 μὴ
586 1911 1028 1984 συγχωρητικοὺς
1069 1909 1162 1963 καὶ
1205 1909 1297 1962 τὸν
1343 1907 1545 1977 ἀγαθὸν
1589 1906 1698 1960 τῶν

118 2010 254 2062 ὅλων
299 2005 492 2079 κριτὴν
524 2005 665 2059 κατὰ
707 2003 865 2057 τοῦτο
893 2001 1260 2073 μιμουμένους
1300 2000 1361 2052 ού
1407 1998 1700 2070 παραδέχε-

119 2120 228 2156 ται.
258 2100 336 2155 Ού
366 2098 476 2170 γὰρ
496 2097 562 2152 ἂν
595 2096 707 2168 ἔχει
733 2113 818 2159 τις
842 2096 1015 2148 εἰπεῖν
1043 2091 1280 2147 τοσαῦτά
1300 2107 1421 2145 τινα
1445 2090 1698 2161 πεπλημ-

126 2194 421 2266 μεληκέναι
452 2193 534 2254 εἰς
557 2190 768 2251 ἑαυτὸν,
792 2190 892 2242 ὅσα
918 2204 1025 2258 περ
1068 2186 1228 2250 αὐτὸς
1247 2185 1338 2239 τὸν
1363 2183 1541 2238 πάντα
1564 2182 1695 2253 χρό-

120 2305 213 2341 νον
233 2288 329 2357 τῆς
348 2285 510 2339 αὐτοῦ
532 2284 674 2356 ζωῆς
689 2282 839 2355 παρὰ
860 2282 922 2336 τὸ
944 2281 1188 2352 βούλημα
1206 2278 1301 2333 τοῦ
1321 2276 1457 2331 Θεοῦ
1485 2274 1696 2349 πράξας

127 2374 406 2449 1ὲιρειλέτης
428 2376 563 2430 ἐστί·
592 2374 723 2428 ποτὲ
749 2374 847 2445 μὲν
870 2373 981 2444 γάρ
1000 2371 1090 2426 διὰ
1108 2370 1201 2425 τοῦ
1222 2369 1382 2438 λόγου
1404 2368 1692 2439 πταίομεν,

125 2471 258 2525 ποτε
291 2470 348 2524 δὲ
381 2469 446 2523 δι’
477 2467 716 2539 αἰσχρῶν
749 2467 843 2520 καὶ
887 2464 1137 2536 πονηρῶν
1171 2459 1602 2533 ὲπιθυμημὰτων
1636 2475 1694 2514 τε

123 2567 224 2618 καὶ
272 2563 537 2635 πράξεων.
586 2560 734 2631 Πλὴν
773 2560 922 2631 ὅμως
973 2556 1211 2610 τοσαῦτα
1242 2555 1547 2617 πταίοντες,
1593 2552 1696 2606 ούκ

125 2652 563 2724 ἀπογινώσκομεν
588 2651 686 2714 τὰς
708 2649 860 2721 παρὰ
888 2648 966 2720 τῷ
993 2648 1112 2720 Θεῷ
1136 2647 1373 2710 ἐλπίδας,
1399 2646 1487 2700 διὰ
1510 2645 1574 2699 τὸ
1609 2661 1697 2713 φι-

124 2743 436 2815 λάνθρωπον
463 2741 557 2795 καὶ
582 2738 900 2804 ἀνεξίκακον
921 2739 1046 2809 ἐλεη
1055 2736 1272 2808 μονικόν
1293 2752 1352 2788 τε
1375 2736 1467 2789 καὶ
1494 2750 1696 2805 συγχω-

125 2833 347 2904 ρητικὸν
378 2831 471 2885 τοῦ
504 2829 661 2884 Θεοῦ.
707 2829 916 2882 υύκοῦν
952 2827 1142 2881 ἕπεται
1185 2826 1264 2896 τῷ
1308 2824 1456 2894 αύτῷ
1488 2824 1691 2896 μέτρῳ,

123 2924 216 2978 καὶ
244 2925 393 2996 ἡμᾶς
435 2925 650 2996 μετρεῖν
682 2923 796 2984 τοῖς
827 2922 906 2982 εἰς
937 2920 1087 2990 ἡμᾶς
1132 2917 1523 2988 ἁμαρτάνουσι·
1558 2915 1692 2986 μηδὲ

123 3016 261 3072 κατὰ
304 3015 397 3071 τὸν
441 3014 644 3087 Πέτρον
678 3010 1139 3084 ἁκριόολογείσθαι
1180 3012 1245 3080 τῇ
1293 3007 1689 3077 φιλανθρωπίᾳ,

119 3105 213 3160 καὶ
258 3103 453 3176 μέχρις
485 3102 708 3174 έδδόμου
741 3099 971 3172 ἀριθμοῦ
1008 3101 1116 3162 τοῖς
1147 3099 1224 3159 εἰς
1270 3097 1415 3167 ἡμᾶς
1440 3098 1690 3166 ἡμαρτη-

1800 1912 2081 1968 oblivione
2121 1913 2389 1969 imitetur.
2424 1915 2558 1970 Nam
2612 1934 2833 1989 regnum
2868 1921 3012 1990 quod
3049 1922 3265 1980 nonnisi
3294 1921 3379 1993 Ju-

1799 2003 1943 2056 dicio
1988 2005 2243 2074 probatos
2293 2007 2509 2075 recipit,
2544 2009 2738 2063 atienis
2779 2024 2813 2063 a
2860 2011 3153 2068 clementia
3198 2027 3380 2084 neque

1796 2094 2039 2149 omnium
2061 2094 2305 2162 judicem
2343 2096 2445 2152 bac
2477 2098 2675 2153 virtute
2707 2098 3047 2158 imitantibus
3089 2103 3375 2176 haudqua-

1796 2201 1956 2254 quam
2000 2196 2167 2255 patet.
2209 2185 2394 2256 Neque
2436 2189 2581 2242 euim
2623 2190 2936 2259 quempiam
2979 2200 3130 2248 tanta
3170 2194 3226 2249 iu
3268 2211 3372 2253 nos

1794 2291 2051 2347 peccasse
2078 2275 2490 2342 affirmabimus,
2520 2290 2723 2348 quauta
2753 2291 2961 2337 nosmet
2981 2297 3079 2354 per
3102 2285 3375 2344 universa

1796 2369 1922 2424 vitae
1965 2379 2178 2439 tempus
2220 2368 2485 2427 adversus
2517 2370 2612 2427 Dei
2640 2372 2974 2431 voluntatem
3002 2378 3363 2447 patravimus,

1798 2461 2029 2531 ideoque
2067 2462 2344 2518 debitores
2400 2464 2697 2520 evasimus.
2754 2464 2888 2521 Nam
2911 2466 3078 2523 modo
3122 2482 3375 2529 sermone

1794 2551 2140 2617 offendimus,
2168 2554 2328 2610 modo
2369 2556 2616 2625 turpibus
2644 2544 2963 2626 vitiosisque
2989 2558 3372 2628 cupiditatibus
3445 2622 3454 2632 ‚

1793 2655 1958 2715 atque
1994 2646 2224 2701 actibus.
2262 2644 2626 2705 Nibiiominus
2667 2648 2762 2720 qui
2810 2658 2962 2706 tanta
2985 2647 3368 2721 delinquimus,

1796 2736 2043 2792 fiduciam
2090 2736 2336 2806 placandi
2388 2737 2480 2794 Dei
2528 2754 2636 2795 non
2664 2738 2991 2808 omittimus,
3017 2755 3176 2812 quem
3208 2740 3372 2801 bene-

1795 2829 1973 2882 votum
2017 2827 2356 2889 hominibus,
2402 2831 2702 2899 patientem
2732 2845 2800 2887 sc
2843 2833 3249 2891 misericorde·
3276 2848 3372 2893 ve-

1794 2920 2006 2988 niaeqne
2057 2934 2286 2988 pronum
2333 2920 2556 2977 scimus.
2610 2920 3051 2980 Consentaneum
3083 2935 3169 2981 est
3203 2925 3370 2997 igitur

1794 3019 1854 3063 nt
1880 3016 2065 3066 eadem
2108 3025 2368 3066 mensura
2417 3012 2506 3078 iis,
2529 3026 2761 3081 quorum
2799 3012 3021 3072 offensae
3059 3016 3114 3071 in
3145 3031 3246 3074 nos
3275 3031 3371 3077 ex·

1792 3100 2071 3162 stiterunt,
2114 3099 2416 3171 largiamur
2445 3120 2459 3157 ε
2485 3117 2682 3173 neque,
2712 3113 2771 3157 ut
2797 3105 2926 3160 oiim
2958 3103 3154 3163 Petrus
3167 3107 3240 3175 ¹⁸,
3269 3107 3372 3164 nti·

120 3197 243 3250 κόσι
269 3197 568 3267 συγχωρεῖν
586 3212 600 3224 ·
639 3193 780 3248 κατὰ
810 3192 867 3246 δὲ
897 3190 990 3244 τὸν
1019 3187 1276 3260 συμπαθῆ
1308 3187 1404 3240 καὶ
1428 3186 1694 3257 ἐλεήμονα
1719 3200 1762 3260 c
1797 3199 1923 3244 unta
1962 3190 2333 3247 benevolentia
2378 3193 2570 3259 simus,
2612 3210 2787 3265 neque
2816 3195 3131 3266 iniuriarum
3172 3199 3369 3255 remis·

123 3284 351 3358 Σωτῆρα
380 3285 540 3357 μέχρι
565 3284 656 3338 τοῦ
694 3280 1155 3354 ὲὸδομηκοντάκις
1193 3277 1355 3334 ἑπτά·
1389 3277 1697 3351 ούπάντως

123 3378 195 3432 τὰ
206 3378 439 3433 τοσαῦτα
453 3394 520 3431 πε
530 3373 978 3449 ριεργαζομένους
994 3373 1212 3446 άμαρτή
1220 3389 1386 3444 ματα,
1402 3372 1496 3426 καὶ
1509 3370 1697 3442 ῶσπερ

123 3469 444 3544 ἀναγραφὴν
462 3468 641 3525 αὐτῶν
673 3467 1025 3540 ποιουμένους
1052 3464 1175 3520 καθ’
1198 3465 1438 3535 ἑκάστην
1461 3462 1695 3535 ἡμέραν,

123 3565 191 3617 ἐκ
219 3562 276 3617 δὲ
314 3562 502 3616 τούτου
541 3560 602 3614 τὸ
641 3560 1020 3632 ὰπεριόριστον
1049 3555 1493 3628 διδασκομένους.
1522 3555 1697 3610 Πυθο-

128 3654 293 3724 μένου
315 3651 423 3724 γάρ
443 3651 538 3706 τοῦ
562 3651 768 3722 Πέτρου
793 3651 885 3705 ἐπὶ
906 3649 1092 3713 πόσοις
1112 3650 1225 3712 τοίς
1243 3649 1324 3712 εἰς
1349 3647 1496 3719 ἡμᾶς
1519 3647 1699 3718 ἀμαρ-

125 3743 439 3814 τανομένοις
482 3743 781 3813 συγχωρεῖν
837 3741 966 3803 δέοι,
1013 3738 1106 3794 καὶ
1143 3737 1376 3812 ἀριθμὸν
1417 3734 1697 3809 ὁρίσαντος

125 3837 221 3891 τὸν
262 3837 366 3902 ἕως
401 3836 650 3900 ἑπτάκις,
684 3837 713 3889 ό
744 3835 934 3906 Σωτὴρ
972 3833 1063 3887 τὸν
1102 3831 1207 3896 ἓως
1238 3828 1699 3903 έδδομηκοντάκις

125 3931 269 3986 ἑπτά
294 3931 574 4002 εἰσήγαγε,
607 3927 726 3983 καθ’
752 3927 810 3981 όν
832 3927 910 3980 δεῖ
933 3925 1029 3980 καὶ
1052 3925 1203 3997 ἡμᾶς
1227 3923 1464 3994 ἀφιέναι,
1490 3920 1698 3986 εἰδότας

126 4023 224 4076 καὶ
249 4021 663 4094 πεπεισμένους,
687 4018 762 4083 ὡς
794 4018 944 4072 ἔσται
972 4015 1164 4087 καιρὸς
1191 4014 1314 4070 καθ’
1342 4015 1401 4069 όν
1427 4011 1697 4085 συναρθή-

131 4130 284 4167 σεται
320 4114 453 4185 πρὸς
500 4112 647 4183 ἡμᾶς
678 4110 834 4179 λόγος
868 4110 974 4163 ὑπὸ
1004 4108 1101 4163 τοῦ
1153 4108 1370 4162 πάντων
1419 4103 1606 4177 κριτοῦ
1635 4120 1696 4157 τε

131 4207 227 4258 καὶ
253 4204 532 4275 βασιλέως,
560 4202 779 4256 ἐπειδὰν
807 4203 855 4255 οἰ
885 4201 1082 4267 πάντες
1107 4199 1474 4272 παραστῶμεν
1501 4195 1579 4267 τῷ
1608 4195 1700 4269 βή-

137 4312 260 4366 ματι
282 4295 469 4360 αὑτοῦ,
499 4297 584 4348 ὅτε
611 4288 655 4362 ᾧ
687 4295 868 4366 μέτρῳ
897 4293 1222 4368 μετροῦμεν,
1246 4289 1699 4362 άντιμετρηθήσε·

130 4404 219 4441 ται
244 4387 394 4458 ἡμῖν.
443 4387 501 4440 ’0
547 4387 645 4458 μὲν
683 4387 791 4458 γὰρ
828 4387 1001 4457 μέγας
1040 4385 1292 4457 βασιλεὺς
1318 4381 1565 4437 ἐντεῦθεν
1593 4382 1694 4454 ήδη

129 4481 293 4535 πᾶσιν
311 4484 445 4554 ήμῖν
468 4483 578 4543 τοῖς
599 4478 1014 4550 χρεωφειλέταις
1039 4476 1248 4532 πολλῶν
1266 4475 1539 4530 ταλάντων
1555 4471 1696 4527 κατὰ

1796 3282 2002 3338 sionem
2040 3285 2355 3355 septenario
2398 3300 2625 3343 numero
2669 3297 3039 3356 coarctemus;
3088 3289 3199 3344 imo
3237 3305 3367 3347 vero

1796 3376 2104 3445 septuagies
2152 3378 2356 3446 septies
2400 3391 2525 3432 cum
2581 3378 2848 3434 clemente
2919 3380 3369 3453 misericordique

1798 3464 2090 3522 Servatore
2160 3482 2469 3537 parcamus.
2544 3470 2722 3538 Quare
2784 3468 3019 3527 offensas
3076 3488 3144 3528 ne
3175 3472 3367 3529 seduio

1796 3557 2138 3624 ventilemus,
2172 3574 2347 3629 neque
2392 3560 2584 3616 barum
2624 3562 2785 3617 veluti
2829 3563 3364 3621 commentarium-in

1797 3649 1915 3705 dies
1937 3649 2308 3707 conficiamus.
2336 3650 2489 3707 Nunc
2510 3653 2655 3708 enim
2681 3651 3071 3723 indulgentiam
3109 3654 3229 3711 sine
3257 3655 3367 3712 nne

1801 3739 2078 3797 docemur.
2121 3742 2336 3798 Etenim
2382 3743 2754 3813 interrogante
2799 3744 2961 3800 Petro
2991 3745 3207 3815 quoties
3232 3760 3369 3817 pec·

1796 3831 2053 3887 cantibus
2094 3836 2357 3891 adversus
2401 3849 2501 3891 nos
2531 3834 2808 3905 induigere
2844 3845 3148 3906 oporteret,
3175 3852 3363 3895 nume-

1802 3937 2033 3992 rumque
2068 3927 2434 3996 septeuariutn
2469 3927 2784 3994 definiente,
2814 3925 3075 3985 Servator
3095 3944 3265 4002 nsque
3292 3930 3362 3986 sd

1797 4017 2116 4086 septuagies
2161 4019 2361 4087 septies
2406 4020 2659 4092 produxit
2706 4021 2878 4077 vettiae
2934 4021 3126 4076 dandae
3152 4021 3365 4079 anobis

1799 4108 2119 4171 nnmeru'tu;
2145 4107 2312 4176 probe
2357 4109 2612 4165 nimirum
2652 4113 2911 4176 consciis,
2939 4122 3151 4181 tempus
3194 4109 3364 4168 affore

1797 4212 1905 4266 quo
1935 4199 2175 4255 rationes
2192 4200 2470 4255 uobiscum
2492 4210 2761 4272 ponentur
2775 4203 2843 4257 ab
2864 4202 3154 4256 universali
3182 4201 3363 4271 judice

1796 4305 1859 4344 ac
1888 4305 2032 4361 rege,
2062 4307 2182 4347 cttm
2217 4307 2406 4348 omnes
2453 4304 2578 4348 ante
2618 4293 2740 4362 ejus
2781 4293 3014 4347 tribuna!
3065 4294 3364 4348 constitue·

1798 4397 1940 4441 taur.
1961 4393 2018 4437 et
2047 4398 2151 4453 qua
2199 4398 2452 4438 mensurat
2491 4385 2663 4439 utensi
2710 4383 2991 4447 fuerimus,
3045 4389 3362 4443 remetietur

1798 4474 1973 4528 nobis.
1996 4473 2205 4529 Etenim
2235 4489 2378 4530 nunc
2416 4490 2642 4545 magnus
2668 4492 2761 4529 rex
2798 4475 3011 4531 cunt-tis
3035 4477 3190 4530 nobis
3224 4478 3362 4532 tnui-

125 4571 189 4624 τὸ
214 4572 422 4645 πρέπον
441 4570 603 4625 αὑτοῦ
630 4574 695 4641 τῇ
719 4568 1098 4641 φιλανθρωπίᾳ
1120 4568 1303 4621 τὸπᾶν
1321 4567 1491 4636 ἀνῆκε
1511 4565 1690 4636 χρέος,
1724 4559 1767 4615 D
1797 4575 1974 4620 torum
2004 4567 2328 4621 talentorum
2364 4566 2720 4632 debitoribus,
2747 4576 2904 4636 prout
2936 4581 3089 4621 suam
3114 4567 3358 4623 clemen·

124 4661 250 4726 δοὺς
294 4661 488 4732 ἄφεσιν
535 4661 942 4732 ἁμαρτημάτων
990 4659 1083 4713 καὶ
1131 4656 1415 4726 ἐξαλείψας
1459 4655 1519 4709 τὸ
1568 4653 1690 4708 καθ’
1789 4658 1920 4712 tiam
1963 4656 2208 4720 decebat,
2249 4655 2487 4709 debitum
2527 4656 2759 4722 remisit,
2798 4658 2934 4712 daus
2977 4657 3217 4725 peccatis
3270 4671 3361 4712 ve-

124 4753 286 4824 ήμῶν
308 4753 684 4825 χειρόγραφον·
725 4755 886 4824 ήμείς
918 4751 962 4803 δ’
999 4751 1093 4805 ἐπὶ
1131 4749 1356 4821 βραχέσι
1386 4747 1691 4817 πταίσμασι

125 4846 252 4910 τοὺς
294 4845 611 4908 συνδούλους
653 4843 1046 4914 άποπνίγομεν,
1079 4843 1173 4895 καὶ
1214 4836 1691 4911 παρακαλούμενοι

121 4938 188 4992 ού
237 4937 626 5011 συγχωροῦμεν
655 4935 722 4989 τὰ
749 4937 829 5000 είς
874 4936 1020 5006 ἡμᾶς
1062 4930 1417 5002 ὲπταισμένα,
1467 4927 1542 5000 μὴ
1570 4929 1693 4981 ἐπι-

126 5029 451 5103 μετροῦντες
490 5029 559 5082 τὰ
588 5027 677 5081 ίσα
715 5022 795 5091 οἷς
827 5025 977 5098 παρὰ
1016 5023 1149 5078 Θεοῦ
1181 5022 1556 5093 τετυχήκαμεν
1583 5021 1695 5084 τοῖς

124 5122 412 5195 ἡμετέροις
455 5119 711 5184 οἰκέταις.
744 5118 993 5187 Εύὶόγως
1032 5110 1125 5170 οὗν
1155 5113 1528 5183 ἀγανάκτησις
1570 5108 1695 5166 καθ’

121 5215 280 5287 ἡμῶν
303 5212 726 5284 ἐξενεχθήσεται·
768 5212 861 5265 καὶ
896 5213 926 5263 ὀ
962 5210 1060 5280 τὴν
1087 5209 1267 5262 πᾶσαν
1300 5207 1431 5278 ήμῖν
1473 5201 1694 5276 ὀφειλὴν

121 5310 283 5378 άφεὶς
311 5308 586 5378 Δεσπότης
623 5304 799 5359 οὐκέτ’
842 5303 1040 5373 ἀφήσει
1084 5301 1234 5371 ήμίν·
1269 5296 1384 5352 ἀλλ’
1429 5289 1475 5365 ᾧ
1510 5294 1693 5367 μέτρῳ

126 5404 551 5474 μεμετρήκαμεν
579 5395 894 5469 ἀσυμπαθεί
916 5395 1010 5449 καὶ
1041 5390 1248 5447 άνελεεί
1282 5389 1377 5444 καὶ
1407 5387 1690 5459 ἀποτόμῳ,

120 5495 478 5565 ὲπιμετρήσει
522 5492 670 5562 ήμῖν·
700 5488 793 5543 καὶ
820 5486 910 5540 τὸν
943 5484 1003 5550 ἐξ
1038 5483 1192 5556 ήμῶν
1237 5484 1380 5537 κατα
1404 5478 1514 5535 τῶν
1553 5483 1691 5553 ήμε-

121 5585 296 5656 τέρων
325 5582 621 5639 συνδούλων
643 5582 767 5653 ὃρον
796 5578 917 5634 καθ’
942 5575 1099 5649 ήμῶν
1133 5576 1451 5647 ὲπαρτήσει.
1498 5570 1690 5642 ’Evau-

198 5771 431 5828 ”Matth
485 5787 636 5842 xvttt,
666 5771 757 5827 24.
832 5771 879 5805 ⁸⁸
906 5767 1061 5836 ibid..
1086 5768 1178 5825 2¹.

1792 4748 1981 4811 niam,
2026 4745 2317 4818 deiensqne
2367 4747 2629 4816 scriptum
2685 4756 2872 4804 contra
2925 4763 3023 4803 uos
3084 4749 3362 4819 chirogra-

1791 4838 1955 4911 phum
1987 4853 2003 4891 ε
2030 4853 2128 4893 nos
2157 4849 2337 4895 autem
2370 4840 2513 4894 ieves
2550 4841 2623 4895 ob
2647 4839 2836 4909 rnipas
2868 4854 3160 4897 conservos
3187 4839 3359 4898 suffo-

1792 4944 2002 4994 camus,
2025 4938 2190 4999 atque
2220 4929 2488 4986 obsecrati
2533 4931 2757 4987 minime
2789 4933 3114 4987 renttttimus
3140 4947 3262 5004 qua
3300 4933 3356 4989 in

1797 5036 1898 5078 nos
1918 5030 2139 5092 peccata
2173 5021 2402 5087 fuerint3
2439 5020 2795 5078 t'atnitiaribus
2833 5025 3033 5080 nostris
3078 5023 3222 5103 ''3¹¹‘'
3257 5038 3359 5093 pa-

1796 5117 1877 5169 ria
1919 5113 2182 5170 facientes
2211 5114 2300 5178 iis,
2343 5129 2466 5184 qua
2503 5129 2607 5171 nos
2630 5130 2662 5169 a
2693 5113 2811 5171 Deo
2839 5116 3117 5173 consecuti
3146 5130 3355 5199 snmus.

1793 5204 1991 5261 Merito
2029 5205 2214 5273 itaque
2252 5207 2408 5262 nobis
2433 5207 2702 5261 irascetur
2731 5207 2779 5261 is
2801 5208 2893 5276 qui
2923 5194 3084 5291 omn'e
3110 5206 3354 5263 debitum

1793 5297 1950 5352 nobis
2001 5297 2403 5353 condonaverat
2450 5297 2705 5354 Dominus
2749 5316 2764 5355 ε
2806 5311 2979 5369 neque
3023 5297 3140 5371 iant
3199 5294 3358 5351 nobis

1792 5400 2011 5461 parcen
2075 5390 2166 5445 sed
2206 5405 2310 5460 qua
2367 5406 2620 5447 mensura
2677 5394 2849 5449 mensi
2895 5392 3183 5467 fuerimus.
3220 5390 3355 5449 dura

1796 5481 2062 5550 videlicet,
2091 5481 2520 5539 immisericorde
2549 5493 2605 5540 et
2621 5498 2837 5555 aspera,
2863 5485 3050 5540 eadem
3086 5481 3242 5539 nobis
3268 5496 3357 5539 re·

1792 5573 2029 5641 tribuet3
2055 5568 2352 5657 ,latamque
2382 5587 2413 5628 a
2444 5573 2601 5631 nobis
2643 5578 2902 5632 adversus
2940 5587 3230 5633 conservos
3254 5590 3357 5631 no·

1830 5773 2022 5827 ⁸¹4·
