3692 6134
1046 301 1543 361 commmunia
1582 303 1652 361 {N
1691 306 1948 364 tsAlAM.
1987 341 2058 352 —-
2093 309 2244 368 CAP.
2286 309 2450 366 xxtt.

3257 321 3364 378 246

346 406 517 486 Οἶμαι
561 413 651 470 &a
680 414 884 471 τούτων
916 417 1006 472 τὸν
1034 418 1166 475 Θεὸν
1194 421 1296 494 τὴν
1316 421 1589 494 ἀποὸολὴν
1610 422 1705 477 τοῦ
1734 426 1781 484 Α
1805 424 1924 495 ejtts
1946 427 2166 482 rulnam
2195 429 2507 499 significare
2538 431 2699 499 velle,
2738 431 2995 503 ipsosque
3020 435 3073 489 in
3108 435 3367 509 alienige-

319 505 365 578 Ιλ
390 504 486 560 καὶ
510 506 608 578 τὴν
634 507 865 581 ἐσχάτην
890 509 1206 566 ἀπύπτωσιν
1240 513 1480 585 σημῆναι
1512 513 1699 585 βουλο-

344 596 407 651 ἀν
434 595 516 668 τῷ
531 596 764 668 τάγματι
784 601 892 653 τῶν
907 601 1217 672 ἀλλοφύλων
1243 603 1439 668 αὐτοὺς
1465 605 1702 660 κατατά-

319 685 481 752 ison<
507 689 1062 764 παραληφθένταςτῆς
1088 693 1201 748 τῶν
1228 694 1539 766 ἀλλοφύλων
1556 697 1697 768 Γρα-

319 777 453 834 m&
477 779 572 834 καὶ
590 779 691 852 τὴν
711 781 916 837 πτῶσιν
940 783 1043 856 τῆς
1080 784 1430 860 Ἰερουσαλὴμ
1458 786 1699 860 ἠγοῦμαι

319 865 441 934 θαι,
473 868 562 924 διὰ
592 869 752 924 τοῦτο
791 871 1051 944 φάραγγα
1088 873 1229 929 Σιὼν
1256 874 1557 948 ὀνομάζων.
1586 874 1702 930 Καὶ

324 958 383 1015 δὲ
421 960 697 1034 μέμφεται
722 963 753 1017 ὁ
779 963 913 1029 θεὸς
930 963 1027 1018 τοῦ
1066 965 1331 1022 Ἰουδαίων
1362 966 1549 1031 ἔθνους
1575 966 1702 1031 τοὺς

319 1053 505 1119 τόντας
532 1053 627 1109 τοῦ
659 1054 829 1126 ὕψους
856 1056 953 1112 τοῦ
970 1056 1253 1125 θεοσεύοῦς
1282 1058 1697 1132 πλιτεύματος,

351 1146 491 1218 ἃὴὲν
518 1146 729 1202 κοιλάσι
760 1147 857 1204 καὶ
880 1149 941 1204 ἀν
966 1148 1206 1223 φάραγξι
1246 1151 1345 1206 τοῦ
1374 1151 1477 1224 τῆς
1504 1152 1701 1218 κακίας

344 1238 865 1305 καταπεπτωκότας.
916 1239 1061 1297 Σιὼν
1114 1241 1215 1314 μὲν
1240 1241 1353 1316 γάρ
1392 1243 1519 1317 ὅρος
1550 1245 1700 1300 &mlv

319 1346 351 1395 ο,
390 1330 475 1400 ἐφ’
503 1326 564 1385 οὗ
592 1332 623 1384 ὁ
665 1328 803 1395 νεὼς
828 1330 927 1386 τοῦ
954 1331 1089 1388 Θεοῦ
1122 1332 1457 1408 ᾠκοδόμητο·
1480 1334 1561 1391 διὸ
1608 1335 1696 1390 λέ-

319 1438 330 1453 ·
366 1440 387 1474 ι
433 1421 551 1474 Ἐπ’
577 1420 703 1493 ὄρος
723 1421 925 1495 ὑψηλὸν
946 1423 1199 1498 ἀνόθηθι,
1230 1427 1263 1482 ὁ
1280 1426 1693 1500 εὐαγγελιζόμε-

320 1511 398 1567 bv·
454 1533 472 1565 ι
512 1515 629 1580 καὶ,
660 1533 681 1567 ι
725 1515 1167 1591 Προσεληλύθατε
1219 1518 1361 1574 Σιὼν
1408 1519 1547 1594 opst,
1596 1523 1691 1578 καὶ

319 1605 439 1660 Βεοῦ
468 1604 671 1672 ζῶντος
710 1607 1057 1684 Ἰερουσαλὴμ
1092 1611 1419 1687 ἐπουρανίῳ.
1461 1633 1481 1668 a
1518 1615 1631 1670 Καὶ
1660 1615 1691 1668 ὁ

322 1697 348 1750 ὲ
375 1700 404 1753 ὁ
434 1698 785 1767 εύαγγελικδς
807 1700 895 1756 διά
921 1701 1013 1756 τοῦ
1032 1701 1307 1776 Σιὼνὸρος
1327 1703 1693 1777 σημαίνεσθαι

1800 529 1996 572 narum
2023 513 2214 573 ordine
2245 532 2544 588 reponere3
2573 535 2694 574 nam
2740 522 2900 577 medii
2939 523 3081 579 inter
3109 525 3368 598 alienige-

1799 619 1900 660 nas
1940 605 1994 660 ln
2047 605 2330 678 Scriptura
2376 608 2646 665 locantur.
2698 610 2805 666 Sed
2843 614 3009 668 etiam
3051 625 3185 685 puto
3236 632 3361 673 eum

1800 695 2184 770 llierosolymae
2211 699 2425 756 ruinam
2442 702 2735 770 declarare,
2764 704 2990 775 ideoque
3011 707 3205 764 vallem
3233 708 3364 765 Sion

1800 787 1974 857 ipsam
2023 803 2242 846 vocare.
2289 790 2544 861 Alioquin
2596 808 2728 850 vero
2757 809 2790 851 e
2833 794 3140 853 Judaeorum
3202 807 3366 867 gente

1799 879 1943 938 Deus
1963 897 2059 939 eoa
2083 884 2354 955 coarguit,
2376 885 2468 956 qui
2498 901 2531 941 a
2550 885 2787 956 religiosi
2818 888 3050 945 instituti
3082 890 3366 947 cacumine

1799 972 2142 1038 deciderunt,
2165 989 2267 1031 ceu
2301 976 2358 1030 in
2394 976 2562 1032 valles
2602 986 2661 1033 et
2691 978 2977 1050 voragines
3005 978 3366 1048 profundissi-

1800 1077 1906 1119 mze
1953 1063 2167 1121 malitiae
2213 1065 2440 1137 delapsi.
2467 1067 2678 1123 Etenim
2733 1066 2864 1124 Sion
2917 1083 3073 1124 mons
3106 1078 3190 1125 est
3221 1083 3364 1139 prae-

1798 1153 1962 1221 altus,
1991 1153 2048 1210 in
2076 1168 2184 1225 quo
2211 1155 2468 1228 templum
2499 1155 2596 1212 Dei
2633 1157 2961 1213 aedlllcatunt
2996 1166 3115 1213 erat
3143 1175 3158 1211 ι
3190 1172 3362 1229 quare

1796 1245 2042 1303 dicitur:
2072 1264 2093 1298 ι
2121 1243 2296 1318 Super
2342 1257 2581 1304 montem
2644 1247 2916 1303 excelsum
2972 1249 3227 1317 ascende,
3268 1248 3363 1317 qui

1793 1337 2144 1409 evangelizas
2193 1337 2395 1406 Sion⁸;
2424 1357 2446 1392 ι
2504 1348 2561 1395 et
2611 1355 2626 1391 τ
2680 1338 3054 1395 «Accessistis
3111 1341 3178 1396 ad
3233 1338 3367 1396 Sion

1791 1440 2062 1495 montem.
2095 1438 2151 1486 et
2196 1430 2469 1487 civitatem
2507 1430 2601 1489 Dei
2638 1429 2875 1486 viventia
2916 1428 3221 1487 Jerusalem
3247 1443 3364 1486 cue-

1792 1520 1991 1578 lestem
2009 1521 2052 1579 ⁸.
2081 1539 2101 1574 ι
2139 1521 2518 1594 Evangelicum
2558 1534 2741 1577 autem
2766 1536 3076 1579 sermonem
3103 1535 3202 1592 per
3234 1518 3366 1577 Sion

1794 1622 2036 1668 montem
2091 1611 2384 1684 significari
2428 1613 2682 1684 superius
2728 1621 3217 1669 commonstratum
3258 1621 3366 1669 est.

1794 1704 1898 1772 Qui
1945 1719 2110 1775 porro
2143 1719 2208 1759 ex
2255 1705 2359 1762 hac
2389 1721 2486 1776 spe
2515 1705 2849 1771 deciderunt,
2879 1705 2937 1761 in
2965 1702 3162 1761 vallem
3209 1701 3364 1759 Sioni

319 1811 342 1843 ν
370 1790 675 1862 ἔμπροσθεν
702 1792 1061 1850 ἐπεδείκνυτο.
1092 1795 1158 1852 ot
1198 1795 1259 1851 δὶ
1281 1795 1492 1867 ταύτης
1536 1797 1699 1849 ὲκπεε-
1724 1781 1769 1837 Β
1796 1792 2138 1860 adiacentem
2161 1794 2361 1865 delapsi
2393 1807 2521 1851 sunt
2558 1816 2570 1851 :
2600 1810 2726 1850 nam
2772 1809 2962 1852 rursus
2990 1795 3248 1852 virtutem
3278 1809 3366 1850 se·

320 1882 418 1953 τῆς
449 1882 659 1948 ἐλπίδος
676 1884 735 1937 ἰν
758 1885 1003 1958 φάραγγι
1018 1886 1403 1959 παρακειμένῃ
1430 1886 1530 1956 τῆς
1559 1883 1699 1938 Σιὼν

319 1992 464 2030 κασι·
490 1975 651 2030 πάλιν
700 1976 810 2050 γάρ
840 1979 1017 2052 ἀρετῇ
1041 1978 1215 2032 κακία
1244 1976 1574 2047 παρέπεται,
1622 1975 1701 2040 είς

319 2067 483 2122 πίπτει
514 2070 545 2124 ὁ
588 2070 687 2142 τῆς
718 2067 926 2142 ἀρετῆς
958 2067 1359 2135 ἐξολισθαίνων.
1389 2065 1547 2122 Οὕτω
1572 2065 1702 2133 γοῦν

319 2158 551 2224 πίστεως
581 2158 1051 2232 ἐξαμαρτάνοντες
1074 2159 1154 2224 είς
1166 2157 1425 2214 ἀπιστίαν
1448 2157 1702 2231 περιτρέ-

321 2288 335 2303 .
370 2250 430 2304 ’0
445 2251 623 2306 τοίνυν
646 2251 713 2306 ἐκ
731 2249 1039 2324 περιτομῆς
1054 2249 1202 2316 λαδς,
1226 2247 1321 2304 τοῦ
1344 2247 1699 2319 εύαγγελικοῦ

350 2339 619 2404 ἐκπεσὼν.
664 2341 763 2398 καὶ
790 2341 895 2414 τῆς
936 2339 1264 2414 ἰπουρανίου
1292 2337 1431 2394 Σιὼν
1465 2338 1699 2394 ἀπαλλο-

319 2433 392 2500 lc,
432 2433 623 2499 είςτδν
655 2433 759 2506 τῆς
781 2433 1045 2499 ἀπιστίας
1070 2433 1407 2508 περιετράπη
1428 2431 1693 2507 κρημνόν·

319 2525 423 2578 liv
468 2523 785 2595 ἀλλοφύλοις
811 2523 1086 2595 ἐλογίσθη.
1121 2522 1287 2579 Ὅθεν
1318 2525 1355 2596 ἡ
1386 2522 1691 2596 προφητεία

319 2615 487 2687 χάτην
513 2615 691 2671 αὐτῶν
728 2615 1004 2688 ἀποδολῆν
1030 2613 1395 2687 αἰνιττομένη,
1422 2613 1487 2669 τὸ
1536 2613 1691 2686 ῥῆμα

320 2723 521 2781 ραγγος
548 2705 870 2778 ἀνέγραψεν.
917 2706 1066 2762 Ἐπεὶ
1093 2707 1167 2780 μή
1190 2707 1310 2762 εστι
1332 2705 1692 2780 προσωπολη-

319 2801 408 2874 ιρά
434 2800 513 2872 τῷ
556 2799 699 2871 Θεῷ,
730 2797 923 2854 τούτου
959 2799 1121 2871 χάριν
1148 2800 1207 2854 ὲν
1230 2801 1344 2864 τοῖς
1390 2798 1531 2854 κατὰ
1579 2799 1691 2853 τῶν

319 2888 425 2944 λων
444 2888 682 2958 ἐλέγχοις
714 2888 877 2958 μέσος
899 2885 1233 2958 ὲμῦέόληται
1261 2885 1357 2940 καὶ
1377 2885 1407 2938 ὁ
1432 2885 1564 2956 περὶ
1590 2884 1691 2955 τῆς

319 2981 456 3052 ίγος.
478 2981 571 3034 Διὸ
610 2980 706 3035 καὶ
731 2978 858 3042 τοὺς
884 2978 985 3049 τῆς
1019 2976 1373 3049 Ἰερουσαλὴμ
1399 2977 1692 3049 οἰκήτορας

338 3075 396 3128 ὲν
422 3071 742 3143 ἀλλοφύλοις
764 3069 1088 3126 κατατάττει
1114 3068 1311 3134 ὀΘεδς,
1334 3068 1429 3124 καὶ
1450 3066 1549 3140 τῆν
1567 3068 1686 3122 κατ’

321 3163 586 3236 προφέρει
612 3161 810 3234 ψῆφον.

319 3253 603 3327 ἶνεπλήσθῆ
634 3255 671 3326 ῆ
701 3253 857 3319 πόλις
880 3251 1145 3325 βοώντων·
1163 3253 1213 3306 οί
1232 3251 1568 3324 τραυματίαι
1596 3269 1690 3306 σου

319 3347 528 3418 οματίαι
546 3346 837 3418 μαχαίρας·
849 3344 957 3399 οὐδ’
968 3343 1213 3415 οίνεκροί
1227 3359 1319 3397 σου
1336 3343 1518 3415 νεκροὶ
1538 3343 1693 3396 πολέ-

334 3433 565 3508 Θεωρῶν
580 3435 637 3489 δὲ
661 3436 692 3489 ὀ
720 3436 1005 3508 προφήτης
1032 3433 1111 3507 τῷ
1132 3433 1401 3504 πνεύματι
1429 3433 1529 3499 τὰς
1550 3432 1693 3486 κατὰ

319 3529 523 3602 ωτῆρος
568 3527 696 3599 βοὰς
731 3526 934 3596 αὐτῶν,
965 3528 1063 3582 καὶ
1098 3528 1198 3591 τὰς
1232 3527 1424 3592 ἀθέους
1446 3527 1565 3580 κατ’
1590 3527 1690 3580 αύ-

319 3619 638 3692 ιασφημίας,
701 3619 767 3673 δι’
822 3617 892 3684 ἀς
943 3618 1327 3691 ἀπεόλήθησαν
1344 3658 1360 3684 ,
1419 3617 1689 3690 ἐπιφέρει·

319 3796 605 3870 ίνεπλήσθη
620 3798 655 3867 ἡ
676 3795 828 3860 πόλις
842 3794 1104 3866 βοώντων.
1131 3796 1337 3861 Πάντες
1363 3797 1413 3850 οἱ
1436 3795 1693 3868 ἄρχοντές

319 3889 590 3960 ιφεύγασι,
625 3887 719 3942 καὶ
763 3888 813 3940 ol.
852 3887 1070 3951 ἁλόντες
1122 3888 1371 3960 σκληρῶς
1420 3888 1691 3958 δεδεμένοι

320 3984 382 4039 αὶ
400 3983 451 4036 οἱ
481 3981 753 4052 ἰσχύοντες
789 3983 846 4036 ὲν
879 3981 963 4036 σοὶ
986 3979 1175 4054 πόρρω
1204 3980 1523 4051 πεφεύγασι.
1556 3998 1574 4032 ι
1604 3981 1695 4034 Διὸ

334 4074 473 4129 κατά
501 4073 564 4127 τὸ
594 4071 819 4127 παλαιὸν
852 4074 979 4145 παρ’
1006 4072 1189 4135 αὐτοῖς
1212 4072 1275 4126 ού
1315 4070 1570 4141 βασιλεῖς,
1595 4070 1695 4141 ούχ

319 4185 435 4237 ινοι,
465 4169 566 4222 ούκ
615 4168 908 4240 ἀρχιερεῖς,
960 4165 1023 4221 ού
1077 4165 1374 4236 προφῆται,
1423 4163 1536 4218 ἀλλ’
1574 4163 1695 4217 οὐδὲ

319 4264 428 4327 ιῖοι,
475 4260 599 4315 οὐδὲ
654 4258 1019 4322 Σαδδουκαῖοι,
1053 4256 1176 4311 οὐδὲ
1209 4258 1323 4311 ὅσοι
1369 4254 1431 4310 τὸ
1469 4256 1694 4310 παλαιὸν

322 4352 408 4424 αρ’
434 4352 615 4414 αὐτοῖς
643 4349 839 4420 ἀρχαῖς
866 4346 1169 4418 τετίμηντο.
1194 4343 1379 4399 Ταῦτα
1417 4342 1637 4398 συνιδὼν
1666 4344 1696 4397 ὁ

319 4457 412 4514 της
435 4439 513 4510 τῷ
548 4436 841 4508 πνεύματι,
880 4435 977 4488 καὶ
1004 4433 1104 4506 τὴν
1134 4436 1201 4488 ὲκ
1235 4434 1491 4488 τοσούτου
1531 4431 1697 4503 ὕψους

319 4549 367 4603 ην
403 4529 637 4602 ἐσχάτην
669 4525 867 4582 κακίαν
908 4524 1098 4596 ὥσπερ
1134 4523 1255 4579 τινά
1286 4524 1567 4597 φάραγγα,
1600 4523 1696 4597 τὴν

319 4619 447 4678 ατοῦ
489 4617 758 4675 Ἰουδαίων
788 4614 919 4672 λαοῦ
935 4614 1334 4687 ἀπολοφύρεται
1362 4615 1555 4683 λέγων·

322 4796 356 4852 ἀ
382 4795 540 4851 τοῦτο
566 4791 715 4859 εἶπα,
744 4792 941 4864 Ἀφετέ
975 4808 1065 4864 με,
1112 4788 1322 4862 πικρῶς
1370 4787 1690 4860 κλαύσομαι,

319 4887 625 4960 ιτισχύσητε
660 4885 994 4958 παρακαλεῖν
1037 4900 1106 4956 με
1141 4882 1235 4936 ἐπὶ
1279 4881 1341 4935 τὸ
1382 4881 1694 4953 σύντριμμα

319 4983 537 5056 ιγατρος
588 4981 681 5037 τοῦ
722 4981 911 5050 γένους
952 4996 1075 5051 μου.
1108 4997 1130 5032 ι
1176 4973 1309 5032 Οἶδα
1347 4974 1476 5048 γὰρ,
1510 4974 1694 5048 φησὶν,

319 5075 395 5142 ὃς,
428 5075 522 5129 καὶ
550 5072 629 5145 τῷ
662 5071 932 5143 πνεύματι
965 5067 1207 5142 προορῶ,
1234 5068 1330 5122 καὶ
1347 5065 1437 5121 διά
1460 5066 1528 5120 τά
1558 5081 1697 5137 προ-

319 5185 391 5222 τα
432 5165 633 5229 πάντα,
674 5164 769 5219 καὶ
799 5163 835 5236 ἡ
865 5161 1019 5228 πόλις
1047 5163 1083 5233 ἡ
1109 5160 1189 5232 τῷ
1213 5157 1334 5229 θεῷ
1363 5157 1699 5229 ἀνακειμένη

319 5275 401 5314 ται
422 5297 439 5323 ,
469 5259 563 5312 καὶ
599 5257 794 5320 πάντες
817 5257 868 5310 οἱ
903 5256 963 5308 ὲν
986 5254 1123 5325 αὐτῇ
1162 5254 1242 5315 εἰς
1283 5250 1461 5323 χαράν
1492 5249 1701 5321 ἐχθρῶν

319 5351 615 5422 οθῆσονται.
648 5349 847 5420 Διόπερ
897 5344 1148 5401 ἐντεῦθεν
1202 5342 1306 5415 ἤδη
1336 5341 1701 5414 ἀποδύρομαι,

319 5460 447 5515 τπερ
491 5443 585 5497 ἐπὶ
628 5439 868 5513 γνησίοις
899 5436 1134 5510 ἐμαυτοῦ
1196 5434 1520 5506 σπλάγχνοις
1569 5433 1703 5488 ἀπο-

319 5551 410 5589 ιαι.

319 5740 378 5796 ni.
415 5755 499 5808 xl..
532 5739 584 5795 9,
661 5738 680 5771 ⁸
709 5735 867 5794 llebr.
908 5752 1004 5805 ιιι,
1028 5734 1116 5790 22³..

1800 1885 1988 1954 quitur
2025 1884 2253 1950 malitia,
2299 1887 2352 1940 in
2389 1901 2551 1956 quam
2583 1885 2786 1941 decidit
2823 1886 3014 1957 quiex
3044 1887 3247 1942 virtute
3273 1886 3367 1943 de-

1801 1974 2026 2030 labitur.
2049 1972 2143 2029 Sic
2172 1972 2335 2045 igitur
2365 1976 2456 2044 qui
2488 1989 2558 2029 ex
2588 1973 2697 2030 ilde
2724 1975 2982 2032 aberrant
3019 1978 3086 2033 ad
3114 1978 3366 2033 incredu-

1798 2064 2008 2122 litatem
2049 2074 2358 2122 vertuntur.
2396 2065 2634 2136 Populus
2669 2068 2858 2138 itaque
2889 2082 2956 2123 ex
2995 2067 3368 2124 circumcisio·

1801 2170 1892 2222 ne,
1931 2171 2000 2212 ex
2051 2156 2372 2227 evangelico
2419 2158 2703 2214 cacumine
2747 2158 2947 2229 lapsus,
2980 2167 3037 2214 et
3082 2173 3113 2212 a
3159 2159 3366 2215 coelesti

1800 2247 1931 2304 Sion
1961 2248 2316 2316 abalienatus,
2348 2250 2402 2306 in
2428 2250 2793 2322 praecipitium
2821 2249 3220 2306 incredulitatis
3242 2265 3363 2306 cor-

1796 2339 1907 2396 ruit
1943 2355 1960 2396 :
2001 2354 2173 2410 quare
2228 2340 2372 2397 inter
2451 2339 2786 2414 alienigenas
2849 2350 3150 2411 reputatur.
3213 2340 3369 2400 Unde

1792 2430 2076 2501 prophetia
2111 2440 2411 2488 extremam
2450 2446 2641 2489 eorum
2691 2431 2961 2504 repulsam
3010 2432 3363 2496 adumbrans,

1790 2521 2021 2578 verbum
2053 2522 2212 2579 vullis
2242 2523 2553 2594 descripsit.
2583 2523 2719 2592 Quia
2750 2539 3013 2583 veronen
3044 2533 3130 2581 est
3173 2537 3359 2594 perso·

1790 2625 1985 2669 narum
2033 2613 2278 2684 acceptio
2326 2615 2464 2686 apud
2506 2615 2714 2683 Deum,
2763 2616 2885 2673 ideo
2940 2616 2995 2672 in
3036 2614 3363 2687 alienigena·

1792 2718 1915 2760 rum
1953 2703 2466 2775 reprehensionibus
2497 2705 2712 2761 medius
2735 2705 2802 2763 de
2831 2704 3001 2762 Sione
3047 2690 3360 2763 sermo'in-

1789 2809 1972 2854 sertus
2004 2806 2111 2854 est.
2155 2796 2416 2865 Quocirca
2446 2797 2834 2871 Hierosolyma!
2858 2798 3087 2861 incolas.
3116 2798 3271 2869 quasi
3306 2798 3361 2852 in

1790 2887 2117 2960 alienigenis
2162 2887 2307 2944 Deus
2350 2887 2654 2954 constituit,
2684 2888 3118 2960 sententiamque
3155 2888 3364 2958 proiert

1789 2981 2073 3038 adversum
2100 2979 2240 3038 illos.

1872 3233 2037 3294 Vsus.
2061 3235 2117 3292 2.
2153 3253 2173 3290 ι
2202 3235 2429 3309 Repleta
2475 3244 2558 3294 est
2589 3246 2788 3294 civitas
2819 3235 3181 3294 clamantibus
3208 3256 3222 3294 ε
3253 3239 3368 3293 vnl-

1797 3327 1974 3383 nerati
2010 3327 2113 3395 tui,
2141 3343 2252 3385 non
2288 3328 2556 3384 vulnerati
2595 3328 2805 3400 gladi03
2839 3343 3013 3398 neque
3034 3330 3230 3385 mortui
3265 3332 3364 3397 tui,

1798 3418 1998 3475 mortui
2025 3418 2188 3474 bello.
2213 3437 2235 3472 ι
2269 3418 2475 3490 Spiritu
2500 3421 2846 3490 conspicatus
2887 3420 3148 3491 propbeta
3173 3436 3363 3478 eorum

1798 3520 1990 3566 eontra
2043 3511 2386 3568 Salvatorem
2420 3512 2709 3578 clamores,
2756 3512 3058 3586 impiasque
3094 3514 3148 3570 in
3190 3516 3364 3586 ipsunt

1798 3604 2186 3674 blasphemias,
2218 3619 2452 3675 quarum
2495 3619 2664 3662 causa
2691 3605 2877 3674 rejecti
2917 3616 3067 3673 sunt,
3092 3606 3369 3679 subjungit

1800 3698 1929 3755 illud
1961 3713 1979 3754 ε

1872 3788 2035 3845 Vens.
2065 3790 2119 3845 5.
2160 3808 2180 3845 ι
2207 3789 2427 3861 Repleta
2467 3798 2550 3847 est
2581 3790 2777 3848 civitas
2807 3791 3190 3849 clamantibus.
3237 3794 3367 3850 (Jun-

1799 3894 1898 3937 nes
1932 3881 2203 3951 principes
2240 3882 2318 3937 tui
2364 3880 2643 3953 fugerunt,
2671 3891 2729 3938 et
2772 3883 2915 3953 capti
2960 3884 3166 3940 duriter
3199 3886 3369 3940 vincti

1798 3982 1949 4039 sunt,
1977 3984 2034 4029 et
2059 3974 2151 4043 qui
2185 3981 2432 4044 potentes
2476 3985 2603 4030 sunt
2647 3975 2703 4029 in
2738 3984 2810 4043 te,
2837 3975 2996 4046 longe
3027 3976 3302 4046 sugerunt.
3338 3995 3357 4028 ι

1798 4064 1981 4131 Quare
2012 4077 2120 4118 non
2153 4063 2384 4133 amplius
2409 4072 2469 4118 ut
2505 4063 2807 4136 antiquitus
2828 4080 3006 4137 reges.
3041 4082 3145 4121 non
3179 4067 3369 4129 duces».

1800 4171 1909 4210 nen
1943 4153 2276 4221 sacerdotes,
2303 4169 2412 4210 non
2457 4156 2737 4225 propbeta:
2761 4157 2902 4226 apud
2933 4156 3052 4211 illus
3080 4164 3237 4215 sunu
3268 4156 3364 4210 sed

1800 4260 1978 4317 neque
2023 4245 2300 4313 Pharisaei,
2345 4259 2520 4316 neque
2563 4246 2830 4313 Saducaei,
2866 4263 3043 4317 neque
3088 4245 3175 4299 alii
3210 4257 3370 4314 «prot-

1802 4334 2077 4404 quotolim
2113 4350 2302 4391 eorum
2330 4336 2741 4407 magistratibus
2770 4335 3042 4407 perfuncti
3068 4346 3212 4390 sunt.
3247 4336 3372 4392 llaec

1802 4440 1926 4482 cum
1973 4427 2168 4497 spiritu
2213 4439 2462 4483 cerneret
2507 4429 2801 4499 propheta,
2853 4441 3064 4484 necnon
3105 4426 3252 4483 illum
3301 4443 3370 4484 ex

1805 4526 1952 4574 tanta
1997 4517 2330 4574 sublimitate
2385 4519 2437 4573 in
2493 4527 2796 4574 extremam
2853 4517 3152 4578 maiitiam.
3182 4534 3277 4574 cen
3315 4520 3367 4575 in

1801 4608 2093 4681 quamdam
2137 4608 2356 4674 vallem.
2386 4608 2597 4664 ludaici
2639 4608 2822 4680 populi
2872 4607 3104 4678 lapsum,
3135 4609 3286 4665 luctu
3310 4624 3373 4666 se

1801 4697 2097 4754 discruciat
2128 4696 2315 4752 dicens
2347 4714 2362 4750 ε

1871 4788 2035 4847 Vsus.
2077 4789 2132 4844 4.
2183 4786 2517 4858 «Propterea
2578 4786 2723 4854 dixi,
2788 4788 2950 4845 sinite
3017 4805 3141 4859 me,
3188 4803 3373 4847 amare

1797 4884 1960 4950 flebo,
2005 4899 2110 4939 non
2156 4880 2404 4953 poteritis
2453 4879 2718 4936 consolari
2788 4896 2873 4936 me
2937 4897 3100 4952 snper
3168 4883 3368 4939 contri·

1800 4976 1946 5032 tione
1998 4973 2119 5030 liliae
2170 4972 2388 5043 generis
2440 4972 2569 5028 mei.
2597 4992 2617 5026 ι
2653 4968 2787 5027 Nam
2820 4985 3073 5031 accurate
3103 4974 3250 5038 novi,
3294 4974 3369 5028 in·

1798 5067 1937 5138 quit,
1969 5074 2022 5122 et
2042 5066 2238 5138 spiritu
2267 5063 2558 5135 praevideo,
2583 5065 2751 5121 etiam
2786 5080 2853 5121 ex
2882 5067 2950 5123 iis
2974 5066 3225 5123 onmibus
3252 5081 3373 5138 qua}

1803 5173 1964 5229 supra
2006 5157 2149 5212 dicta
2200 5164 2349 5222 sunt,
2389 5154 2661 5212 civitatem
2693 5156 2804 5212 Deo
2850 5158 3120 5214 addictam
3149 5157 3372 5227 capien-

1806 5249 1956 5315 dam,
1985 5256 2042 5303 et
2062 5262 2252 5303 omnes
2280 5246 2374 5317 qui
2413 5246 2465 5311 in
2506 5245 2593 5300 illa
2637 5257 2781 5314 sunt,
2808 5247 2862 5302 in
2896 5247 3151 5317 gaudium
3192 5245 3369 5301 inimi-

1805 5356 1994 5398 corum
2048 5340 2253 5397 dandos
2292 5355 2437 5396 esse.
2502 5340 2683 5408 Quare
2723 5339 2837 5412 jam
2870 5339 3069 5395 exhinc
3111 5338 3288 5410 lugeo,
3315 5345 3373 5394 et

1807 5434 1960 5504 quasi
1985 5434 2223 5506 genuina
2254 5433 2462 5491 viscera
2490 5448 2607 5490 mea
2638 5430 2879 5501 deploro.
