3692 6134
117 327 227 383 805

1242 328 1526 385 CONTRA
1566 329 2002 388 MARCELLUM
2042 331 2170 386 [AB.
2213 332 2282 389 ll.

3267 338 3376 395 8⁰6

115 445 283 515 ῑτερά
327 458 449 495 τινα
483 439 727 504 διελθὼν,
761 440 1010 511 ιπιφερει
1045 459 1058 473 ·
1095 461 1114 494 ι
1145 443 1354 497 οὐκοῦν
1405 445 1703 516 ἐπειδήπερ
1729 452 1773 506 Α
1808 464 1826 495 ι
1873 445 2236 516 apostolorum
2261 444 2372 517 typi
2397 447 2922 515 praenuntiabantur.
2951 448 3196 507 Heminit
3223 453 3372 508 enim

123 556 143 588 ι
180 533 313 603 περὶ
355 531 465 584 τῶν
504 530 853 601 προαγόντων
883 532 1213 604 εἰρήκαμεν,
1258 534 1549 588 ἀκόλουθόν
1579 536 1697 589 ἐστι

123 643 143 675 ι
180 624 276 676 καὶ
301 619 362 674 τό
382 620 563 673 λεῖπον
587 618 996 691 ἀναπληρῶσαι.
1014 621 1206 676 Λείπει
1225 621 1281 674 δὲ
1301 621 1383 686 τὸ,
1412 640 1432 674 t
1455 624 1606 676 κατὰ
1625 624 1698 677 τὰ

124 735 142 765 ι
183 713 295 782 ὄρη
311 711 409 767 καί
442 711 584 777 τοὺς
603 711 893 777 βουνούς.
945 713 1059 785 Πρὸ
1085 715 1194 786 γάρ
1216 713 1311 766 τοῦ
1331 714 1400 767 τά
1427 714 1529 786 όρη
1547 715 1698 786 ἐδρα-

102 795 142 856 ’σ
180 803 392 875 σθῆναι,
445 803 597 875 φησὶ,
635 804 740 875 πρὸ
777 803 835 856 δὲ
874 804 1093 859 πάντων
1134 805 1243 859 τῶν
1282 804 1508 875 βουνῶν,
1531 807 1694 877 γεννᾷ

123 915 143 948 ι
187 913 274 967 με.
306 897 444 967 Ὄρη
479 896 572 948 καὶ
600 894 819 965 βουνοὺς
842 897 967 959 τοὺς
987 895 1312 959 ἀποστόλους
1330 897 1565 961 καὶτοὺς
1585 897 1693 950 τῶν

124 1002 144 1037 ι
182 983 495 1037 ἀποστόλων
521 983 799 1054 διαδόχους
842 980 978 1038 εἶναι
997 1025 1012 1050 ,
1038 985 1125 1039 ἴνα
1153 986 1306 1058 παρὰ
1346 987 1472 1052 τοὺς
1500 987 1692 1052 ἀλλους

123 1091 144 1126 ι
182 1072 501 1146 ἀνθρώπους
525 1072 625 1144 τὴν
669 1075 789 1128 κατ’
815 1075 994 1129 αὐτῶν
1013 1075 1226 1130 δικαίαν
1257 1075 1528 1132 πολιτείαν
1554 1095 1693 1151 παρ-

123 1184 144 1217 e
183 1164 451 1236 οιμιωδῶς
497 1164 761 1236 σημαίνῃ.
823 1184 842 1217 ι
893 1166 1158 1230 Τοιαύτας
1203 1166 1354 1232 τινὰς
1396 1169 1692 1241 ἑρμηνείας

116 1260 441 1332 ἐκθέμενος,
490 1256 647 1324 αὖθις
691 1261 784 1314 ἐπὶ
827 1261 926 1324 τάς
972 1260 1331 1326 ἀποστολικάς
1376 1261 1691 1332 μεταῦαίνει

118 1351 324 1422 φωνὰς,
345 1352 603 1406 τάναντία
629 1351 709 1422 τῷ
749 1351 1054 1423 ’Λποστόλῳ
1078 1352 1465 1424 φθεγγόμενος.
1507 1354 1564 1406 Ὁ
1592 1355 1689 1425 μὲν

118 1445 231 1518 γάρ
261 1445 354 1500 τὸν
413 1444 652 1516 προόντα
711 1443 848 1498 ner
878 1445 985 1500 τοῦ
1015 1444 1163 1500 Θεοῦ
1188 1445 1283 1499 καὶ
1308 1446 1690 1514 Πρωτότοκον

118 1532 321 1602 πάσης
355 1534 607 1597 κτίσεως
650 1530 812 1584 αὑτὸν
855 1527 998 1586 εἶναι
1035 1531 1281 1586 ἐδίδασκε
1300 1548 1314 1563 ·
1339 1530 1409 1586 τά
1430 1530 1606 1584 πάντα
1630 1533 1689 1586 ἐν

24 1671 26 1678 .
119 1623 289 1696 αὐτῷ,
312 1624 406 1677 καί
420 1623 487 1676 δι’
513 1620 674 1676 αὐτοῦ
703 1622 966 1677 ἐκτίσθαι·
990 1622 1151 1678 αὐτόν
1185 1639 1246 1676 τε
1281 1617 1420 1676 εἶναι
1436 1621 1542 1693 πρὸ
1562 1622 1690 1675 πάν-

116 1730 226 1768 των
271 1712 482 1785 μεγάλῃ
505 1710 601 1783 βοῇ
627 1712 1055 1785 μαρτυρόμενος·
1080 1714 1112 1766 ό
1143 1711 1203 1765 δέ
1231 1712 1326 1765 ἐπὶ
1363 1711 1462 1782 τὴν
1483 1712 1686 1783 σάρκα,

1804 552 1823 585 ι
1871 544 2052 590 textus
2075 535 2168 591 ille
2191 535 2476 592 duodecim
2504 537 2734 594 lontium
2764 538 2819 594 in
2843 538 2982 594 Elim
3005 582 3024 609 ,
3075 553 3200 596 eum
3241 556 3377 612 apo-

1804 642 1823 675 ι
1870 625 2134 681 stolorum
2175 626 2377 682 chorus
2423 638 2569 685 esset
2608 628 2992 687 duodenarius.
3023 649 3045 683 a
3084 630 3226 688 idem
3269 633 3375 688 ite-

1799 732 1918 771 rum
1948 717 2039 772 ille
2067 717 2272 787 regerit
2319 719 2387 773 ad
2445 720 2589 775 bunc
2616 720 2858 787 modum,
2885 722 3137 793 inquiens
3158 739 3177 778 a
3215 741 3237 776 ι
3260 722 3372 778 Me·

1801 824 1820 857 ι
1872 808 1977 861 rito
2020 806 2187 878 igitur
2210 808 2276 861 de
2308 809 2658 877 generatione
2686 813 2980 866 secundnm
3008 826 3231 880 earnem
3266 813 3372 868 Do-

1800 914 1818 944 «
1867 896 2047 950 ininius
2097 910 2192 965 per
2231 897 2554 966 proplietam
2611 898 2958 955 Salomonem
2989 901 3175 958 dixit:
3204 906 3369 959 Aute-

1800 1004 1819 1037 «
1866 1001 2024 1057 quam
2051 986 2223 1056 sontes
2265 1005 2527 1058 aquarum
2577 992 2931 1061 provenirent.
2961 1011 2981 1044 a
3012 990 3070 1047 ln
3101 998 3375 1063 sequenti-

1792 1077 1927 1142 bus,
1974 1080 2219 1147 quaedam
2267 1079 2374 1134 alia
2440 1091 2761 1150 prosecutus
2819 1082 2983 1153 stylo,
3044 1081 3367 1158 inl'ert:[R.

1789 1165 1962 1241 xxti]
1989 1187 2008 1220 ι
2023 1167 2288 1236 Quocirca
2309 1185 2433 1226 cum
2452 1172 2811 1240 praeeedentia
2831 1171 3093 1229 fuerimus
3108 1176 3371 1241 exsecuti,

1797 1279 1816 1312 ι
1861 1274 2201 1330 consequens
2242 1270 2347 1326 est,
2380 1271 2441 1315 ut
2476 1263 2617 1332 quod
2645 1272 2813 1317 restat
2838 1262 3016 1318 adbuc
3039 1263 3372 1334 expleamus.

1794 1369 1814 1402 ‹
1860 1350 2049 1407 Restat
2086 1361 2264 1407 autem
2311 1351 2466 1418 illud,
2502 1368 2609 1421 qno
2639 1353 2891 1415 tueminit¹
2912 1355 3176 1410 montium
3210 1364 3371 1423 atque

1796 1459 1815 1492 ι
1858 1441 2123 1496 saltuum:
2159 1441 2231 1496 ait
2259 1443 2402 1497 enim
2435 1442 2762 1511 :Antequam
2794 1456 2993 1497 montes
3010 1442 3370 1511 firmarentur,

1797 1550 1815 1581 ι
1863 1546 1986 1586 ante
2018 1547 2197 1585 omnes
2228 1533 2402 1585 saltus
2443 1533 2622 1602 genuit
2659 1547 2755 1585 rue.
2790 1528 2927 1587 Esse
2964 1547 3132 1603 porro
3159 1540 3372 1588 montes

1798 1637 1817 1670 ι
1864 1621 2031 1675 hosce
2057 1631 2222 1692 atque
2259 1622 2436 1677 saltus
2468 1623 2749 1690 apostolos
2783 1632 2835 1678 et
2862 1637 3206 1680 successores
3237 1637 3370 1694 apo-

1796 1726 1815 1758 «
1863 1707 2119 1763 stolorum
2161 1723 2178 1764 t
2225 1718 2285 1763 ut
2323 1710 2395 1763 ita
2450 1709 2663 1765 illorum
2696 1711 2997 1782 justissima
3024 1712 3371 1768 conversatio

118 1806 214 1860 καὶ
248 1804 450 1874 ταύτην
476 1802 802 1858 καταὸάλλει
851 1803 948 1876 τὴν
999 1803 1292 1873 θεολογίαν·
1318 1803 1511 1875 μικρὸν
1527 1804 1684 1858 bete.
1714 1791 1758 1851 Β
1790 1816 1809 1848 ι
1856 1808 2023 1868 atque
2068 1799 2188 1854 vitae
2235 1800 2519 1867 institutio,
2548 1813 2674 1857 ante
2719 1818 2907 1860 omnes
2968 1802 3200 1859 aliorum
3229 1805 3369 1875 poli·

23 1865 31 1960 f.
123 1911 215 1967 ρον
250 1895 344 1949 καὶ
391 1892 593 1964 ταύτην
624 1892 971 1965 ἀρνούμενος.
1015 1894 1179 1963 Λέγει
1216 1893 1274 1947 δὲ
1307 1893 1482 1947 οὕτω·
1526 1913 1545 1946 r
1587 1893 1689 1946 Διά

24 1979 33 1989 ’
127 2007 148 2039 ι
186 1986 343 2040 τοῦτο
360 1985 583 2049 εἰκότως
604 1985 875 2057 ἐπιφέρει,
902 1985 1003 2050 'Oc
1022 1985 1194 2039 ἐστιν
1212 1983 1390 2039 εἰκὼν
1408 1984 1515 2040 τοῦ
1539 1983 1689 2040 Θεοῦ

126 2098 146 2134 t
184 2079 289 2133 τοῦ
306 2076 581 2146 ἀοράτου.
615 2095 634 2128 ι
657 2076 795 2130 Πότε
821 2076 1112 2146 γενόμενος
1137 2075 1333 2142 εἰκών;
1359 2076 1432 2130 Ἢ
1449 2076 1689 2147 ὁπηνίκα

119 2170 183 2226 τὸ
217 2169 337 2224 κατ’
384 2168 567 2221 εἰκόνα
589 2168 681 2221 καὶ
717 2167 838 2221 καθ’
861 2167 1122 2238 ὁμοίωσιν
1149 2167 1409 2239 ἀνείληφε
1428 2167 1687 2238 πλάσμα;

126 2282 146 2313 ι
187 2261 453 2332 Πρότερον
479 2258 608 2331 γὰρ,
642 2257 830 2330 ὥσπερ
859 2256 1117 2321 πολλάκις
1144 2257 1301 2328 ἔφην,
1327 2257 1482 2312 οὐδὲν
1507 2258 1690 2330 ἕτερον

126 2371 147 2404 ι
184 2348 253 2423 ἦν
285 2352 318 2421 ἢ
356 2351 546 2419 Λόγος·
589 2369 609 2402 a
647 2350 743 2404 καὶ
793 2348 1041 2421 ἐπιμένει
1070 2348 1133 2402 τὸ
1180 2349 1312 2403 αὐτὸ
1343 2348 1690 2421 γυμνώτερον

118 2443 415 2513 διασαφῶν,
452 2444 517 2497 δι’
553 2436 627 2496 ὧν
657 2459 821 2514 φησιν
842 2458 856 2472 ·
880 2461 899 2494 r
925 2440 1134 2496 Οὐκοῦν
1169 2440 1451 2514 πρόδηλον,
1466 2442 1548 2496 ὅτι
1585 2440 1692 2514 πρὸ

127 2556 149 2588 ι
172 2536 275 2606 τῆς
305 2536 396 2589 τοῦ
422 2535 689 2608 ἡμετέρου
725 2533 975 2606 σώματος
994 2533 1312 2606 ἀναλήψεως
1331 2534 1544 2603 όΛόγος
1569 2532 1691 2587 καθ’

126 2641 146 2677 t
170 2622 359 2676 ἐαυτὸν
390 2622 488 2675 οὐκ
535 2618 604 2695 ἦν
631 2620 793 2676 υἰκὼν
821 2622 914 2677 τοῦ
934 2622 1169 2695 ἀοράτου
1205 2621 1363 2677 Θεοῦ.
1419 2623 1534 2696 Τὴν
1583 2622 1691 2693 γὰρ

28 2873 33 2884 Ι
124 2823 144 2857 ι
171 2805 245 2878 μὴ
277 2806 550 2877 ὁρώμενον
585 2805 811 2890 ὁρᾶσθαι
850 2805 1094 2878 δύνηται.
1123 2825 1142 2858 ι
1169 2808 1277 2861 Καὶ
1295 2806 1458 2861 πάλιν
1469 2806 1692 2879 προστί-

24 2903 59 2978 “3⁸
116 2897 243 2968 θησι
265 2896 436 2965 λέγων
455 2913 470 2927 ·
509 2914 528 2946 ι
569 2895 692 2960 Πῶς
719 2892 812 2949 οῦν
832 2896 1013 2949 εἰκόνα
1045 2894 1139 2949 τοῦ
1172 2894 1404 2969 ἀοράτου
1430 2894 1565 2948 Θεοῦ
1602 2894 1692 2948 τὸν

24 2995 28 3021 '
122 3005 147 3042 ι
180 2985 274 3040 τοῦ
295 2985 427 3039 Θεοῦ
469 2986 638 3054 Λόγον
674 2987 944 3059 Ἀστέριος
974 2982 1111 3040 εἶναι
1148 2989 1451 3058 γέγραφεν;
1485 2987 1551 3037 Αἰ
1584 2984 1692 3057 γάρ

125 2734 145 2766 ι
170 2715 355 2769 εἰκόνα
368 2715 595 2786 ὁρᾶσθαι
616 2717 901 2787 προσήκει,
928 2714 1014 2769 ἵνα
1033 2714 1119 2770 διά
1140 2715 1240 2787 τῆς
1255 2714 1460 2779 εἰκόνος
1472 2714 1535 2769 τὸ
1554 2715 1709 2779 τέως

1794 1909 1813 1942 ι
1867 1891 2004 1956 tias,
2049 1891 2385 1962 intelligatur
2430 1894 2697 1950 denotari.
2724 1915 2744 1949 ι
2797 1896 3183 1966 nujuscemodi
3233 1912 3364 1953 suas

1791 1983 2275 2052 interpretationes
2303 1982 2392 2038 ubi
2432 1995 2808 2054 proposuerat,
2841 1988 3017 2059 pergit
3055 1989 3271 2045 demum
3299 1989 3367 2043 ad

1792 2075 2101 2130 testimonia
2142 2074 2461 2145 apostolica,
2503 2085 2561 2130 ct
2596 2075 2856 2147 Apostolo
2896 2080 3167 2134 contraria
3210 2081 3265 2136 in
3305 2094 3370 2136 os

1789 2166 2069 2237 obgannit.
2123 2185 2143 2219 ι
2166 2164 2269 2220 Ille
2327 2166 2464 2220 euim
2517 2169 2933 2238 pru-existentem
2997 2169 3190 2226 Filium
3245 2171 3367 2235 Dei,

1796 2275 1815 2309 ι
1861 2257 2045 2313 omnia
2086 2265 2353 2312 creaturae
2414 2255 2840 2328 Primogenitum
2891 2259 3120 2329 appellnt
3145 2261 3368 2316 :omnia

1793 2371 1817 2396 e
1864 2351 1918 2405 in
1950 2350 2045 2406 illo
2074 2357 2129 2404 et
2156 2364 2256 2416 per
2289 2348 2440 2404 illum
2472 2350 2688 2405 condita
2741 2350 2898 2405 docet
2926 2368 2941 2404 z
2976 2365 3210 2422 euntque
3239 2362 3371 2407 ante

1797 2460 1815 2494 ‹
1863 2441 2046 2496 omnia
2092 2441 2372 2496 exstitisse
2423 2459 2614 2512 nunqua
2645 2458 2764 2496 voce
2795 2451 3166 2509 protestatur:
3199 2451 3255 2497 at
3284 2446 3369 2500 hic

1799 2553 1817 2587 ‹
1864 2533 1999 2588 hanc
2023 2536 2192 2602 ipsam
2221 2535 2535 2604 elieoloqiam
2569 2536 2638 2587 ad
2681 2550 2893 2589 carnem
2925 2536 3136 2590 deducit
3161 2548 3184 2589 .·
3205 2551 3368 2606 qm

1796 2645 1815 2677 ι
1861 2635 1909 2681 et
1953 2627 2123 2696 ipsam
2149 2626 2329 2681 statim
2365 2637 2516 2697 negat
2546 2641 2563 2679 .·
2592 2626 2669 2680 ait
2729 2636 2909 2680 autem
2955 2642 2972 2681 ε
3009 2623 3100 2698 [tt.
3123 2621 3370 2700 Lxxxt]

1797 2739 1814 2768 ι
1863 2716 2068 2774 idcirco
2098 2719 2292 2774 merito
2322 2717 2509 2783 insert,
2545 2717 2647 2784 Qui
2691 2727 2775 2772 est
2796 2718 2971 2788 imago
2996 2717 3092 2774 Dei
3117 2718 3364 2776 invisibi-

1798 2827 1817 2860 ι
1863 2809 1951 2876 lis,
1983 2810 2201 2879 qnando
2226 2820 2406 2864 antem
2451 2809 2526 2865 ita
2559 2809 2773 2864 sactus?
2798 2808 2936 2864 Num
2970 2809 3096 2866 cum
3133 2809 3359 2884 tigmen-

1797 2918 1816 2950 ι
1867 2908 1979 2954 tum
2010 2900 2304 2969 assumpsit
2329 2900 2457 2955 illud
2480 2900 2624 2970 quod
2656 2899 2857 2956 lactum
2881 2900 3048 2957 estad
3073 2901 3363 2974 imaginem

1800 3009 1818 3040 ι
1865 3001 1920 3045 et
1945 2989 2397 3046 similitudinem?
2430 2996 2490 3055 ›1‹
2522 2988 2684 3046 Prius
2710 2992 2935 3056 etenim,
2974 2994 3119 3063 quod
3159 2993 3349 3066 aliquo

54 3070 63 3106 ³
120 3097 142 3133 ⁸
184 3080 389 3143 alaeve<
446 3080 670 3142 τούτων,
706 3072 781 3133 ὧν
813 3081 951 3133 εἰσιν
1001 3079 1228 3143 εἰκόνες,
1281 3078 1378 3133 καὶ
1417 3078 1686 3144 ἀπόντων,
1715 3122 1758 3180 c
1799 3101 1816 3133 ι
1868 3082 1967 3137 ties
2016 3081 2274 3145 diximus,
2325 3083 2457 3138 nibil
2503 3082 2653 3137 aliud
2678 3096 2846 3153 qnam
2899 3083 3132 3140 Verbum
3174 3095 3310 3142 erat.
3338 3105 3360 3139 s

23 2800 41 2835 Ι-

33 2975 63 3018 ὕ

23 3077 47 3117 a:

24 3149 65 3208 ἦ
120 3189 142 3224 a
180 3169 443 3224 δεικτικαί
483 3172 636 3225 εἰσιν·
680 3170 820 3224 ὥστε
852 3171 946 3225 καὶ
985 3169 1077 3225 τὸν
1122 3170 1327 3223 ἀπόντα
1353 3168 1462 3239 (69)
1495 3168 1561 3221 δι’
1589 3170 1686 3222 αὐ-

23 3255 65 3314 «¹
121 3278 144 3313 c
179 3261 286 3315 τῶν
302 3260 586 3330 φαίνεσθαι
603 3262 795 3316 δοκεῖν.
822 3262 885 3315 Εἰ
903 3262 960 3315 δὲ
980 3261 1073 3315 τοῦ
1097 3260 1232 3315 Θεοῦ
1258 3260 1490 3330 ἀοράτου
1511 3260 1684 3325 ὄντος,

23 3337 61 3434 τί
122 3372 143 3405 ι
181 3353 408 3425 ἀόρατον
429 3348 567 3408 εἶναι
595 3357 694 3409 καὶ
714 3353 804 3407 τὸν
836 3354 1008 3421 Λόγον
1037 3352 1344 3424 συμίἳαίνει,
1370 3351 1490 3416 πῶς
1522 3350 1687 3406 εἰκὼν

23 3443 55 3494 l*
122 3464 144 3497 ι
184 3443 278 3498 τοῦ
310 3445 543 3516 ἀοράτου
570 3445 703 3500 Θεοῦ
730 3444 850 3499 καθ’
871 3445 1065 3500 ἐαυτὸν
1093 3446 1122 3498 ό
1158 3444 1329 3514 Λόγος
1359 3440 1497 3500 εἰναι
1523 3444 1686 3499 δύνα·

24 3523 51 3574 ἰ·
120 3555 142 3587 ι
183 3551 294 3597 ται,
333 3536 426 3589 καὶ
465 3534 625 3599 αὐτὸς
666 3536 892 3607 ἀόρατος
932 3535 1045 3601 tim
1080 3535 1341 3592 ἀδύνατον
1371 3536 1481 3610 γάρ
1511 3537 1573 3591 τὸ
1611 3536 1687 3610 μὴ

24 3627 43 3666 ⁶
119 3648 145 3683 a
182 3628 376 3701 ὁρατὸν
405 3628 493 3682 διὰ
529 3628 624 3682 τοῦ
659 3630 892 3702 ἀοράτου
930 3630 1165 3701 φανῆναί
1211 3647 1364 3686 ποτε.
1396 3650 1418 3683 ι
1470 3629 1579 3685 Καὶ
1629 3632 1688 3686 ἐν

23 3715 47 3758 ’⁸
112 3720 330 3784 τούτοις
354 3720 412 3775 δὲ
438 3723 467 3775 ό
492 3721 808 3794 Μάρκελλος
834 3723 894 3777 οὐ
923 3723 1144 3795 συνορᾷ,
1173 3723 1277 3789 ὅτι,
1306 3724 1355 3779 εἰ
1382 3723 1483 3797 την
1508 3724 1688 3798 σάρκα

23 3813 41 3850 ⁶
110 3810 341 3883 δοίημεν
373 3808 636 3884 εἶναιτὴν
668 3812 848 3866 εἰκόνα
880 3812 976 3867 τοῦ
1006 3811 1166 3877 Θεοῦ,
1196 3811 1314 3885 ὥρα
1337 3814 1433 3867 καὶ
1473 3814 1687 3869 πάντων

23 3909 47 3934 ··
110 3900 419 3974 ἀνθρώπιον
433 3902 530 3964 τάς
550 3901 778 3973 σάρκας,
801 3902 895 3957 καὶ
914 3901 984 3956 τά
1003 3902 1113 3956 τῶν
1137 3903 1402 3974 σωμάτων
1421 3903 1688 3975 πρόσωπα

24 3999 41 4032 ¹5
112 3994 333 4058 εἰκόνας
359 3991 496 4049 εἶναι
524 3995 698 4065 λέγειν
720 3995 812 4050 τοῦ
840 3993 998 4050 Θεοῦ.
1029 3995 1191 4048 ’Ὥστε
1222 3996 1345 4049 κατ’
1363 3994 1525 4049 αὐτὸν
1577 4013 1684 4066 μη-

23 4093 49 4124 ῐ
114 4085 216 4140 δέν
265 4084 539 4158 ἐξαίρετον
578 4087 865 4158 ἐσχηκέναι
901 4087 992 4141 τὸν
1024 4085 1274 4157 Σωτῆρα.
1311 4086 1369 4140 '0
1407 4085 1452 4140 δ’
1499 4084 1686 4159 ὥσπερ

26 4183 51 4218 ²
112 4176 507 4249 ἀπιλαθόμενος
539 4173 618 4234 ὧν
649 4178 787 4250 μετά
816 4177 986 4232 ταῦτα
1018 4179 1147 4250 περὶ
1180 4178 1280 4249 τῆς
1308 4177 1507 4249 σαρκὸς
1560 4194 1685 4231 συν-

110 4268 346 4342 έγραψε,
375 4270 559 4323 δούλου
595 4270 806 4342 μορφὴν
842 4268 1009 4340 αὐτὴν
1035 4266 1206 4322 εἰπὼν
1236 4267 1296 4335 ἐξ
1328 4266 1683 4339 ἀποστολικῆς

24 4371 49 4404 b
110 4361 491 4431 παραθέσεως,
552 4362 643 4418 καὶ
687 4361 775 4416 διά
832 4360 992 4415 τοῦτο
1055 4361 1131 4433 μὴ
1188 4358 1447 4415 δύνασθαι
1508 4361 1684 4413 συνεῖ-

1791 3172 2029 3235 Perstat,
2061 3182 2115 3226 et
2155 3172 2258 3230 boc
2288 3171 2617 3243 explicatius
2667 3172 2923 3240 elucidat,
2956 3173 3046 3230 ubi
3073 3173 3309 3248 loquitur
3342 3193 3359 3231 ι

1789 3263 1879 3337 [R.
1899 3262 2092 3318 xxxn
2109 3264 2238 3319 coll.
2253 3278 2306 3333 p.
2322 3263 2396 3320 2⁴
2414 3263 2486 3338 ll]
2507 3283 2526 3317 ι
2553 3264 2648 3322 Est
2661 3280 2793 3337 ergo
2816 3263 3190 3334 manifestum,
3211 3273 3355 3342 qnod

1787 3372 1894 3412 non
1927 3364 2048 3411 erat
2072 3355 2309 3413 Verbum
2350 3356 2530 3427 imago
2565 3356 2855 3412 invisibilis
2883 3357 2978 3412 Dei
3023 3367 3151 3414 ante
3178 3360 3360 3417 earnis

1788 3458 1991 3506 nostrae
2035 3449 2488 3518 assumptionem.
2519 3446 2655 3503 Nam
2694 3462 2920 3505 necesse
2955 3457 3040 3503 eat
3068 3448 3358 3522 imaginem

1786 3539 1964 3597 oculis
1983 3539 2155 3605 cerni,
2168 3550 2230 3594 ut
2252 3538 2327 3594 ita
2345 3554 2444 3609 per
2460 3538 2747 3611 imaginem
2760 3539 3107 3596 discernatur
3127 3540 3180 3596 id
3204 3543 3349 3611 qnod

1789 3647 1894 3688 non
1911 3640 2122 3701 poterat
2135 3640 2290 3687 antea
2318 3628 2489 3686 oculls
2516 3631 2814 3695 usurpari.»
2834 3629 2964 3684 Dein
2981 3630 3132 3685 addit
3155 3631 3358 3700 :eQne-

1795 3738 1815 3774 ι
1865 3720 2231 3777 madmodum
2260 3721 2427 3791 igitur
2450 3721 2696 3774 Asterius
2720 3717 2974 3784 affirmat,
3003 3718 3094 3775 Dei
3123 3717 3356 3776 Verbum

1792 3832 1813 3866 ι
1857 3813 2134 3870 exstitisse
2181 3813 2472 3883 imaginem
2535 3809 2823 3865 invislbilis
2886 3809 3019 3866 Dei!
3091 3809 3358 3883 Imagines

1790 3925 1809 3958 ι
1855 3905 2057 3961 etenim
2094 3913 2219 3960 snm
2251 3919 2440 3959 earum
2483 3917 2664 3960 rernm
2716 3900 3154 3959 demonstrativa
3189 3903 3354 3958 etiam

1791 4015 1811 4048 ι
1855 3997 2191 4062 absentium,
2228 4011 2455 4066 quarum
2495 4004 2624 4049 sunt
2668 3993 2938 4064 imagines
2974 3993 3096 4050 :ita
3153 4003 3211 4050 ut
3257 4007 3358 4066 per

1792 4103 1811 4136 ι
1860 4086 1980 4142 illas
2006 4084 2094 4141 vel
2127 4086 2406 4141 absentem
2434 4086 2704 4156 possimus
2731 4085 2956 4140 intueri.
2993 4083 3195 4153 Quodsi
3233 4085 3352 4150 Dei,

1791 4196 1810 4230 ι
1857 4194 1980 4234 cum
2011 4177 2087 4234 sit
2118 4177 2428 4245 invisibilis,
2454 4179 2675 4234 verbnm
2697 4193 2913 4249 quoque
2933 4177 3208 4234 invisibile
3231 4177 3303 4233 sit
3329 4196 3347 4234 ε

1789 4290 1807 4321 ι
1849 4269 2122 4339 quomodo
2153 4268 2372 4323 tandem
2407 4264 2662 4334 Verbum,
2704 4270 2757 4324 in
2784 4283 2846 4323 se
2878 4267 3173 4338 invisibile,
3206 4268 3350 4323 invi-

1788 4380 1806 4414 ‹
1854 4360 2029 4417 sibilis
2062 4359 2154 4416 Dei
2194 4359 2370 4431 ilnago
2395 4373 2515 4415 esse
2549 4370 2725 4430 potest
2749 4359 2773 4413 ἰ
2796 4359 2959 4415 Certe
2998 4367 3082 4415 est
3128 4374 3350 4430 prorsus

23 4457 47 4496 Ι
110 4467 212 4507 ναι
238 4452 454 4523 (70)·τῷ
477 4454 654 4525 Λόγῳ,
689 4452 779 4507 διά
811 4452 1069 4507 τδδούλου
1107 4450 1320 4525 μορφὴν
1347 4444 1515 4506 εἶναι·
1550 4451 1683 4506 ἀλλά
1715 4455 1758 4510 Ι)
1792 4468 1813 4503 ι
1860 4451 2218 4523 impossibiie,
2266 4460 2327 4506 ut
2370 4452 2511 4521 qnod
2573 4466 2679 4506 non
2727 4451 2965 4516 videtur,
3006 4466 3103 4523 per
3145 4451 3350 4523 aliquid

28 4535 51 4578 ἐ
112 4543 217 4598 καὶ
235 4546 414 4616 γυμνῇ
442 4547 507 4616 τῇ
536 4546 741 4617 κεφαλῇ
777 4547 988 4617 φήσας,
1020 4562 1040 4596 t
1072 4544 1190 4607 πῶς
1226 4539 1458 4615 ἐγχωρεῖ
1486 4540 1582 4613 τὴν
1613 4542 1678 4596 ἐκ

23 4633 57 4684 ir·
122 4652 146 4686 a
189 4635 292 4706 γῆς
317 4653 373 4689 τε
404 4632 590 4701 οὖσαν,
617 4639 710 4691 καὶ
739 4637 905 4709 μηδὲν
945 4635 1279 4704 ὠφελοῦσαν,
1308 4635 1367 4687 ἐν
1399 4636 1511 4695 τοῖς
1547 4632 1672 4704 μέλ·

23 4741 55 4780 ¹:
116 4743 143 4778 ο
184 4723 362 4779 λουσιν
385 4727 544 4782 αἰῶσι
575 4731 812 4782 συνεῖναι
838 4727 916 4798 τῷ
939 4727 1118 4797 Λόγῳ;
1141 4745 1161 4779 a
1200 4721 1341 4779 εἶναι
1369 4724 1554 4778 εἰκόνα
1581 4723 1676 4777 τοῦ

30 4825 57 4870 i
108 4816 348 4890 ἀοράτου
366 4816 524 4887 Θεοῦ,
547 4820 648 4892 τὴν
679 4819 855 4892 σάρκα
886 4819 979 4873 ἐπὶ
1011 4819 1103 4872 τοῦ
1133 4816 1396 4890 παρόντος
1417 4815 1682 4887 διισχυρί-

24 4937 37 4980 ¹.-
107 4909 271 4976 ζεται
294 4908 766 4982 διαὸεόαιούμενος
789 4908 1191 4981 ἀποφαντικῶς,
1216 4908 1299 4961 ὄτι
1327 4906 1433 4980 πρὸ
1454 4904 1554 4976 τῆς
1586 4904 1679 4960 τοῦ

106 5000 384 5073 ἡμετέρου
443 5003 695 5074 σώματος
746 5002 1061 5073 ἀναλήψεως
1116 4999 1216 5054 οὐκ
1254 4993 1325 5071 ἦν
1379 4996 1542 5051 εἰκὼν
1582 4996 1677 5051 τοῦ

23 5143 75 5178 »-
104 5091 348 5164 ἀοράτου
364 5092 519 5154 Θεοῦ,
540 5095 569 5147 ό
588 5093 760 5163 Λόγος
781 5092 968 5147 αὐτοῦ.
992 5091 1103 5146 Καὶ
1118 5086 1273 5154 αὖθις
1289 5087 1428 5162 μετὰ
1440 5087 1511 5142 τά
1525 5089 1680 5143 ἐκτε-

103 5183 279 5241 θέντα
326 5186 573 5258 ἐπιφέρει
613 5185 802 5255 λέγων·
848 5204 867 5237 t
902 5184 994 5239 Διὸ
1021 5181 1354 5254 πανταχόθεν
1390 5178 1570 5252 δῆλον,
1604 5181 1680 5234 εἰ·

191 5327 253 5387 ³1<
299 5319 401 5377 ΕιΙ.
438 5319 636 5384 Paris..
668 5337 788 5393 pag.
818 5322 912 5377 47.

23 5397 81 5526 ἓ
182 5461 298 5530 (69)
332 5458 502 5531 Vulgo
543 5462 636 5516 καὶ
659 5461 725 5515 δι’
752 5460 932 5517 αὑτῶν
967 5472 1020 5517 et
1048 5460 1141 5515 τοῦ
1170 5460 1404 5532 ἀοράτου
1442 5460 1593 5522 όντος
1625 5467 1682 5513 et

106 5529 296 5602 σάρκα
320 5530 432 5584 δείν
474 5534 571 5602 μὲν
598 5528 756 5586 εἶναι.

23 5621 85 5672 ,ῃ
186 5601 302 5670 (70)
352 5601 447 5669 Μὴ
500 5601 792 5657 δύνασθαι
834 5600 1125 5656 συνεῖναι.
1186 5601 1298 5655 ’Διί
1350 5601 1506 5663 forte,
1551 5613 1673 5653 nam

23 5683 87 5742 -i
108 5668 249 5728 iilud
283 5674 477 5738 po-uit.
513 5670 694 5740 Neque
721 5673 886 5726 inisse
916 5671 1193 5725 adunitam
1215 5673 1384 5726 verbo
1409 5674 1478 5724 ab
1515 5679 1667 5722 tete-r-

24 5767 87 5812 .
108 5756 207 5802 υυ.
234 5753 333 5794 nec
361 5738 594 5795 futuram
622 5741 1001 5806 aduniendam,
1027 5752 1084 5797 ut
1116 5742 1298 5798 statim
1322 5742 1380 5796 ἐν
1400 5743 1510 5805 τοῖς
1536 5738 1661 5810 μὲλ-

1790 4560 1809 4594 ι
1854 4540 2121 4597 invisibile
2154 4541 2547 4596 manifestetur.
2574 4560 2594 4593 ι
2629 4542 2744 4598 Non
2780 4542 2870 4596 bie
2916 4541 3167 4613 intelligit
3196 4541 3340 4597 Har-

1785 4634 1981 4700 cellus,
2015 4634 2157 4704 quod
2202 4634 2246 4688 si
2287 4634 2359 4688 sit
2402 4648 2625 4689 necesse
2654 4649 2872 4690 carnem
2908 4635 3194 4705 imaginem
3227 4635 3346 4689 lieri

1787 4726 1924 4794 Del,
1968 4739 2164 4780 carnes
2212 4735 2269 4780 et
2310 4739 2540 4796 corpora
2584 4726 2861 4782 bominum
2916 4724 3246 4798 singulorum
3289 4738 3344 4781 et

1786 4829 2063 4886 personae,
2114 4816 2378 4887 imagines
2421 4815 2672 4871 dicantur
2725 4829 2845 4870 esse
2883 4813 3001 4873 Dei.
3042 4815 3120 4870 lta
3157 4826 3214 4868 ιιι
3248 4832 3348 4887 per

1783 4906 2135 4976 semetipsum
2182 4906 2457 4978 singulare
2498 4905 2632 4962 nibil
2678 4906 2876 4963 babeat
2914 4907 3192 4963 senator.
3239 4908 3347 4963 lste

1782 5012 1931 5065 vero,
1965 5008 2220 5068 tanquam
2259 4998 2460 5055 oblitus
2487 5013 2671 5054 eorum
2708 5013 2827 5068 quae
2849 4999 3104 5070 deinceps
3127 4999 3194 5055 da
3224 5015 3344 5054 car-

1781 5102 1849 5142 ne
1887 5091 2161 5145 mandavit
2198 5090 2565 5155 litteris,.cum
2596 5105 2662 5145 ex
2691 5090 3015 5145 auctoritate
3045 5091 3340 5160 apostoliea

1785 5182 1929 5237 servi
1966 5183 2193 5239 formam
2228 5185 2373 5240 illam
2400 5182 2754 5246 nominasset,
2783 5194 2883 5237 nec
2919 5180 3123 5238 idcirco
3150 5182 3344 5238 ιιιιίειι-

1776 5456 1959 5510 λουσιν
1985 5456 2165 5510 αἰῶσι.
2189 5455 2285 5511 Ubi
2311 5455 2448 5509 forte
2465 5454 2772 5523 legendum,
2799 5466 2852 5510 et
2881 5454 3342 5526 distinguendum,

1774 5523 1913 5579 εἶναι
1943 5526 2000 5578 δέ
2022 5525 2203 5580 εἰκόνα
2223 5525 2316 5578 τοῦ
2341 5527 2573 5597 ἀοράτου
2607 5525 2746 5579 Θεοῦ
2775 5525 2873 5598 τὴν
2901 5529 3097 5597 σάρκα,
3128 5523 3220 5578 ἐπὶ
3245 5524 3344 5581 τοῦ

1774 5598 2042 5668 παρόντος
2063 5595 2447 5666 διισχυρίζεται
2477 5593 2974 5667 διαόεῦαιούμενος.
3005 5595 3076 5650 Π.
3102 5623 3171 5636 —-
3209 5595 3339 5650 Dein

1773 5671 1932 5733 vulgo
1958 5662 2096 5719 εἶναι
2117 5664 2426 5737 διισχυρ.οι
2448 5665 2804 5736 ἀποφατικῶς
2842 5677 2898 5724 et
2930 5665 3102 5722 ταῦτα
3147 5665 3216 5721 τὰ
3255 5665 3340 5723 itte

1769 5736 1932 5793 θέντα
1956 5735 2032 5807 τῷ
2059 5733 2176 5805 Θεῷ
2204 5733 2381 5804 Λόγῳ.
