3692 6134
1083 233 1596 294 commmunia
1633 235 1703 293 ΙΝ
1737 236 1995 294 tsAum.
2036 268 2107 281 —
2141 236 2296 298 GAP.
2335 237 2426 297 Vl.

3276 232 3381 290 ¹³0

322 372 372 421 ε,
404 353 499 408 καὶ
533 354 597 409 οὐ
637 353 713 426 μὴ
743 350 910 423 ἴδητε.
951 369 974 404 r
1023 351 1158 406 Τίνα
1186 351 1244 406 δέ
1274 351 1561 424 βλέποντες
1591 350 1711 423 βλέ-
1734 361 1784 420 Α
1814 352 2143 423 respicietis,
2189 365 2244 412 et
2281 372 2389 413 non
2435 356 2708 415 videbitis.
2739 374 2763 412 r
2822 354 3081 425 Quaenam
3132 350 3382 405 videntes

350 446 446 502 καὶ
488 446 633 511 τίνος
679 446 816 518 ἀκοῇ
862 443 1209 509 ἀκούσονται,
1243 444 1307 499 ού
1334 444 1703 517 παρέστησεν·

319 536 591 595 αταλιπὼν
615 539 838 593 σκοπεῖν
863 540 931 592 ἐκ
943 538 1045 609 τῆς
1055 537 1153 592 τοῦ
1177 537 1338 607 λόγου
1363 535 1704 603 ἀκολουθίας,

319 645 392 701 ης
422 629 529 693 ὃτι,
554 627 753 683 Τοῦτον
776 628 837 683 δν
870 629 936 683 σὺ
983 628 1236 683 τεθέασαι
1269 626 1494 701 Κύριον,
1522 628 1618 684 καὶ
1647 627 1708 685 δν

320 725 374 789 ῖς
395 722 692 794 ὀφθαλμοῖς
729 717 887 788 εἶδες,
919 715 967 776 ὦ
1012 722 1290 795 προφῆτα,
1313 721 1504 777 τοῦτον
1545 722 1642 777 καὶ
1677 724 1708 778 δ

319 804 435 878 bue<
463 830 602 867 ποτε
634 812 844 882 ὄψεται·
871 810 1012 866 ἀλλά
1034 811 1130 865 καὶ
1158 810 1259 882 τῆς
1301 810 1485 882 φωνῆς
1511 806 1585 883 ἦς
1611 810 1708 865 ἐπὶ

319 905 523 979 ιρόντος
551 905 816 977 ἀκήκοας,
846 902 1212 957 ἐπακούσεται
1256 901 1435 975 καιρῷ
1463 919 1570 957 τινι
1610 903 1706 957 καὶ

343 996 405 1049 οὐ
433 995 540 1068 μὴν
568 994 664 1050 καὶ
689 993 932 1066 συνήσει,
955 993 1081 1047 οὐδὲ
1108 992 1398 1062 γνώσεται,
1423 993 1544 1048 οὐδὲ
1579 993 1705 1065 βου-

320 1104 344 1140 ,ι
393 1086 558 1143 αὐτοῦ
605 1086 706 1159 τὴν
738 1086 901 1158 χάριν
945 1085 1373 1159 παραδέξασθαι.
1424 1086 1620 1158 Σαφῶς
1647 1086 1706 1141 δὲ

319 1174 442 1231 ὅτων
464 1174 562 1248 τὴν
590 1176 673 1240 είς
709 1172 1035 1248 ἀνθρώπους
1058 1174 1225 1229 αὐτοῦ
1251 1174 1558 1247 παρουσίαν
1582 1174 1707 1248 ἐδή-

319 1358 566 1433 παχύνθη
602 1358 713 1432 γὰρ
750 1361 786 1433 ἡ
835 1359 1032 1432 καρδία
1059 1358 1154 1414 τοῦ
1189 1359 1324 1415 λαοῦ
1351 1360 1562 1426 τούτου,
1605 1359 1703 1414 καὶ

319 1455 389 1510 τὶν
407 1453 589 1510 αὐτῶν
611 1453 822 1526 βαρέως
839 1453 1102 1526 ῆκουσαν,
1130 1453 1368 1518 καὶτοὺς
1392 1452 1705 1525 ὀφθαλμοὺς

340 1547 688 1619 ἐκάμμυσαν,
724 1547 938 1618 μήποτε
975 1544 1127 1599 ίδωσι
1173 1547 1290 1609 τοῖς
1325 1543 1641 1617 ὀφθαλμοῖς.
1676 1563 1697 1597 ι

1807 443 2096 511 videbunt,
2120 455 2178 502 et
2203 462 2455 518 quaenam
2487 449 2675 506 auditu
2712 446 2958 511 audient,
2997 459 3106 500 non
3137 441 3384 497 declara·

1806 536 1909 602 vit,
1938 536 1992 591 id
2018 538 2477 597 considerandum
2520 540 2679 596 nobis
2706 538 3023 608 relinquens
3067 549 3133 590 ex
3170 546 3384 589 sermo·

1807 626 1895 681 nis
1932 625 2097 694 serie,
2118 642 2241 698 qua·
2266 628 2350 685 sic
2374 629 2540 686 babet
2575 630 2788 698 :Quem
2820 638 2877 683 tu
2918 624 3152 681 intueris
3188 622 3381 679 Domi·

1806 732 1958 783 uum,
1990 729 2049 774 et
2088 733 2252 791 quem
2281 721 2416 792 ipsis
2450 722 2622 778 oculis
2656 721 2825 788 vides,
2852 733 2886 775 o
2916 717 3202 791 propbeta,
3234 716 3385 770 buno

1805 808 1974 865 ethic
2004 810 2235 880 populus
2260 811 2551 881 aliquando
2574 811 2779 867 videbit
2803 826 2819 877 ;
2849 808 2948 866 sed
2971 809 3136 863 etiam
3168 820 3381 870 vocem,

1807 914 1970 970 quam
2012 910 2067 957 tu
2100 902 2157 958 in
2211 904 2468 974 praesenti
2531 902 2811 968 audivisti,
2864 909 2921 958 et
2974 900 3089 971 ipse
3141 897 3378 969 quodam

1806 1002 2050 1065 tempore
2079 995 2264 1051 audiet
2296 1013 2312 1051 ι
2343 1011 2520 1069 neque
2548 1003 2733 1052 tamen
2763 993 3021 1061 intelliget
3061 991 3148 1046 vel
3180 1004 3387 1061 cogno·

1807 1095 1920 1142 acet
1948 1125 1965 1153 ,
2020 1100 2197 1156 neque
2264 1087 2497 1160 gratiam
2562 1088 2682 1156 eius
2737 1085 3013 1156 suscipere
3061 1084 3231 1140 volet.
3291 1080 3386 1137 ilis

1807 1186 1992 1234 autem
2047 1186 2238 1249 aperte
2293 1193 2453 1235 suum
2505 1178 2574 1233 ad
2630 1177 2880 1235 homines
2912 1177 3204 1233 adventum
3239 1173 3387 1230 indi-

1804 1268 1989 1326 eabat.

1880 1359 2047 1417 Vsus.
2087 1361 2175 1419 to.
2243 1380 2264 1416 ι
2290 1362 2665 1435 Aggravatum
2721 1371 2806 1420 est
2863 1361 3009 1417 enim
3055 1376 3150 1417 cor
3202 1357 3383 1431 populi

1805 1450 1988 1523 buius,
2032 1466 2092 1512 et
2119 1454 2349 1512 auribus
2398 1454 2643 1526 graviter
2694 1454 3027 1518 audierunt,
3085 1462 3146 1509 ct
3195 1452 3385 1509 oculos

1804 1559 1936 1600 suos
1960 1545 2310 1613 clauserunt,
2365 1561 2434 1603 ne
2488 1546 2632 1603 sorte
2684 1544 2905 1601 videant
2953 1543 3146 1600 oculis.
3178 1561 3200 1596 ο
3248 1540 3384 1597 Nam
3427 1588 3439 1600 .

319 1654 326 1682 ·
354 1634 463 1708 γὰρ
488 1633 702 1707 Σωτὴρ,
729 1634 825 1690 ἀτε
857 1634 974 1705 φῶς
1000 1634 1283 1707 ὑπάρχων,
1314 1635 1533 1691 πάντων
1559 1633 1703 1704 ὲφώ-
1808 1634 2060 1693 Salvator
2106 1637 2331 1709 quidem
2362 1646 2571 1705 noster,
2615 1636 2798 1692 lumen
2828 1649 2950 1691 cum
2995 1636 3088 1702 sit,
3142 1635 3383 1689 omnium

319 1726 374 1792 k<
401 1725 599 1797 ψυχάς·
644 1725 723 1790 ὡς
750 1727 847 1780 καὶ
879 1725 1102 1797 τυφλοῖς
1143 1725 1206 1780 τδ
1237 1725 1457 1797 βλέπειν
1483 1725 1706 1797 χαρίζε·
1732 1708 1778 1765 Β
1809 1727 2022 1784 animas
2046 1726 2374 1785 illuminavit
2397 1770 2414 1795 ,
2462 1729 2539 1785 ita
2578 1737 2640 1783 ut
2676 1736 2731 1784 et
2755 1726 2920 1785 caecis
2945 1726 3126 1781 visum
3156 1724 3388 1796 largire-

319 1817 360 1871 οί
395 1815 452 1870 δὲ
477 1817 608 1881 τοὺς
631 1814 941 1890 ὀφθαλμούς
971 1814 1160 1888 tueor,
1189 1815 1330 1871 ὥστε
1356 1815 1434 1887 μὴ
1467 1814 1707 1886 βλέπειν·

319 1926 387 1963 ιω
418 1906 705 1980 βλέποντες
727 1909 828 1964 οὐκ
847 1907 1093 1963 έδλεπον.
1125 1908 1295 1962 Ὅταν
1354 1907 1464 1978 γάρ
1489 1922 1593 1970 τις,
1619 1906 1709 1959 ὲν-

319 1999 486 2065 texat
509 1998 754 2073 ἀκριδῶς
776 1999 1134 2071 θεασάμενος,
1153 1997 1405 2071 ὑπερίδῃ,
1419 1998 1515 2053 καὶ
1539 2012 1712 2053 κατα-

319 2089 484 2166 τητοῦ
513 2091 819 2162 ὁρωμένου,
861 2089 899 2162 ἢ
953 2089 1102 2161 μύσῃ
1138 2084 1217 2142 ’τὰ
1263 2089 1491 2160 ὄμματα
1536 2104 1711 2159 προσ-

319 2199 443 2249 .ενος
486 2183 562 2254 μὴ
608 2182 936 2255 ἑωρακέναι,
967 2182 1089 2237 τότε
1119 2180 1330 2253 βλέπων
1353 2181 1455 2236 οὐκ
1482 2176 1612 2235 είδε.
1637 2180 1712 2234 Τὸ

321 2292 352 2329 ν
377 2275 569 2347 βλέψαι
599 2273 844 2347 ὑπῆρξεν
884 2274 1071 2339 αὐτοῖς
1103 2273 1214 2329 ἀπὸ
1234 2272 1337 2344 τῆς
1368 2273 1588 2345 χάριτος
1612 2271 1709 2327 τοῦ

319 2384 403 2432 ος·
431 2367 495 2421 τὸ
517 2367 575 2421 δέ
615 2366 693 2439 μὴ
720 2366 851 2421 ίδεῖν
874 2365 1221 2439 συμδέδηκεν
1256 2366 1369 2421 ἀπὸ
1391 2364 1486 2420 τοῦ
1508 2366 1709 2429 αὐτοὺς

318 2459 442 2522 τοὺς
461 2455 674 2512 ἑαυτῶν
693 2455 1023 2528 ὀφθαλμοὺς,
1047 2456 1143 2512 καὶ
1166 2457 1600 2530 προσποιηθῆναι
1630 2457 1706 2530 μὴ

319 2565 366 2604 ν.
391 2546 547 2602 Οὕτω
569 2547 628 2601 δὲ
663 2548 757 2602 καὶ
781 2548 918 2619 ἀκοῇ
948 2548 1137 2602 ἀκούει
1165 2565 1272 2614 τις,
1299 2550 1393 2604 καὶ
1419 2547 1581 2604 πάλιν
1605 2550 1706 2605 ούκ

319 2654 332 2672 ·
359 2637 579 2693 ἐπειδὰν
605 2638 683 2710 μὴ
713 2640 844 2710 συνῇ
874 2638 944 2692 τὰ
984 2638 1274 2711 λεγόμενα,
1308 2638 1344 2711 ij
1379 2641 1508 2696 ὅταν
1528 2658 1708 2714 παρα-

319 2731 396 2786 ιαὶ
428 2733 739 2803 καταφρονῇ
781 2730 891 2785 τῶν
936 2730 1266 2802 λεγομένων.
1316 2731 1614 2804 Συμδαίνει
1644 2732 1706 2787 δὲ

331 2824 550 2879 ἐπειδάν
600 2840 686 2887 τις
734 2822 805 2877 τὰ
849 2817 965 2879 ὦτα
1011 2824 1206 2881 ἑαυτοῦ
1251 2824 1478 2899 βαρύνῃ,
1514 2825 1705 2899 ῶσπερ

319 2908 442 2976 tea<
479 2910 577 2965 καὶ
607 2911 993 2981 ἀποκωφώσας
1037 2913 1200 2969 αὐτὰ.
1249 2913 1415 2969 Ταῦτ’
1453 2910 1549 2969 οὖν
1590 2914 1709 2969 ἔσε-

319 3000 399 3071 ερὶ
425 3002 519 3056 τὸν
544 3001 656 3057 τῶν
687 3003 957 3061 Ἰουδαίων
976 3004 1106 3061 λαὸν
1130 3007 1165 3078 ἡ
1193 3005 1346 3078 φωνὴ
1372 3005 1468 3060 τοῦ
1495 3007 1704 3080 Κυρίου
1728 3043 1774 3104 c

319 3110 425 3149 σεν.
470 3094 806 3167 Ἐπληροῦτο
833 3095 890 3150 δὲ
929 3096 991 3152 τὸ
1029 3096 1190 3170 ἔργον
1231 3096 1325 3151 ἐπὶ
1353 3096 1454 3170 τῆς
1475 3095 1572 3152 τοῦ
1600 3098 1706 3153 Σω-

319 3185 474 3260 ῆμῶν
506 3186 823 3260 ἐπιδημίας,
863 3188 985 3243 καθ’
1011 3189 1101 3262 ῆν,
1136 3189 1384 3261 παρόντα
1419 3189 1583 3245 αὐτὸν
1608 3191 1708 3260 ὀφ-

320 3295 350 3343 ς
369 3277 624 3351 δρῶντες,
648 3279 751 3334 οὐκ
771 3278 1019 3343 ἔδλεπον,
1049 3279 1147 3335 καὶ
1166 3279 1490 3337 διδάσκοντα
1519 3280 1589 3336 τὰ
1613 3298 1708 3355 μυ·

319 3388 327 3423 ·.
351 3370 451 3442 τῆς
479 3369 750 3441 βασιλείας
774 3372 838 3425 οὐ
867 3373 1126 3445 συνῆκαν.

319 3461 364 3516 tt
410 3456 560 3517 είπα·
609 3462 756 3528 Ἕως
781 3463 937 3530 πότε,
968 3463 1180 3538 Κύριε;
1217 3465 1331 3521 Καὶ
1352 3460 1525 3523 εἶπεν·
1561 3466 1707 3533 Ἕως

324 3553 544 3627 μωθῶσι
561 3555 765 3625 πόλεις,
788 3576 809 3610 r
845 3558 941 3613 καὶ
963 3555 1034 3613 τὰ
1057 3555 1206 3629 ἑξῆς.
1239 3559 1352 3614 Καὶ
1375 3558 1539 3633 μέχρι
1561 3558 1707 3625 τίνος

319 3645 432 3720 ιίνη
456 3646 519 3700 τὸ
542 3645 915 3721 ἀρρώστημα;
950 3648 1061 3703 Καὶ
1087 3651 1266 3723 ἐρωτᾷ
1283 3648 1478 3720 λέγων·
1509 3668 1531 3703 ε
1559 3650 1706 3715 Ἕως

319 3737 506 3812 ζύριες
530 3757 550 3791 t
567 3740 621 3794 τί
650 3740 758 3814 γὰρ
773 3741 929 3796 ἔσται
953 3741 1105 3807 τέλος
1126 3743 1230 3815 τῆς
1254 3742 1515 3816 τοιαύτης
1528 3742 1705 3799 αύὼν

320 3831 390 3893 ξας
418 3830 464 3902 (ί
474 3831 568 3902 5);
607 3832 865 3905 Σημαίνει
888 3829 983 3889 οὖν
1000 3833 1089 3890 διὰ
1114 3835 1320 3890 τούτων
1344 3835 1445 3908 τὴν
1458 3834 1708 3890 ἐπελθοῦ-

320 3919 466 3993 ώτην
492 3921 599 3975 ὑπὸ
634 3921 916 3994 Ῥωμαίων
936 3924 1015 3996 τῷ
1027 3924 1179 3997 τόπῳ
1203 3924 1540 4001 πολιορκίαν,
1568 3924 1707 3997 μετὰ

319 4015 365 4071 τά
383 4016 478 4071 τοῦ
500 4017 751 4090 Σωτῆρος
777 4018 962 4083 αὐτοῖς
978 4018 1342 4091 τολμηθέντα,
1366 4018 1491 4074 καθ’
1508 4020 1577 4092 ῆν
1596 4018 1706 4073 τῶν

319 4108 407 4162 ίων
429 4107 675 4164 πλεῖσται
700 4107 884 4173 πόλεις
905 4109 998 4162 ἐπὶ
1024 4110 1423 4183 αύτοκράτορος
1451 4111 1703 4165 Οὐεσπα-

356 4199 642 4275 δῃωθεῖσαι
671 4200 896 4273 ἀφανεῖς
920 4200 1200 4266 παντελῶς
1223 4201 1584 4274 κατέστησαν·
1628 4200 1706 4267 ὡς

319 4293 515 4367 ινήμην
536 4293 716 4349 αὐτῶν
746 4292 883 4367 μηδὲ
905 4292 1075 4366 ὄνομα
1099 4292 1524 4367 περιλείπεσθαι.
1550 4292 1707 4349 Οὕτω

1812 1824 1901 1868 trae
1925 1830 1942 1881 ;
1998 1815 2073 1869 illi
2103 1830 2236 1873 vero
2260 1817 2453 1874 oculos
2490 1818 2839 1881 claudebant,
2874 1825 2937 1872 ut
2964 1831 3073 1873 non
3102 1815 3383 1882 viderent3

1811 1913 1974 1974 atque
2012 1906 2093 1962 sic
2134 1907 2382 1964 videntes
2434 1923 2542 1965 non
2595 1908 2875 1966 videbant.
2911 1908 3046 1964 Cum
3084 1908 3230 1964 enim
3261 1912 3386 1977 quis

1813 1995 2088 2063 intuitus,
2133 2008 2191 2053 et
2238 2014 2299 2055 re
2346 2008 2643 2073 conspecta
2706 2001 3011 2071 diligenter,
3061 2016 3176 2056 rem
3208 1999 3383 2056 visam

1812 2088 2047 2159 despicit
2090 2099 2147 2145 et
2185 2093 2514 2156 contemnit,
2571 2107 2637 2148 ac
2671 2092 2874 2148 claudit
2924 2092 3134 2158 oculos,
3165 2108 3227 2149 se
3274 2108 3383 2149 non

1810 2178 2001 2234 videre
2032 2177 2334 2248 simulans;
2370 2190 2499 2236 tunc
2527 2180 2852 2251 respiciens,
2898 2195 3010 2237 non
3038 2182 3193 2236 vidit.
3231 2181 3385 2250 Quod

1810 2272 1980 2343 igitur
2012 2272 2283 2338 viderent,
2333 2272 2388 2328 id
2429 2287 2499 2329 ex
2542 2274 2720 2344 gratia
2776 2273 2895 2344 ejus
2932 2275 3028 2346 qui
3079 2275 3383 2341 videbatur,

1810 2364 1943 2434 ipsis
1973 2364 2185 2432 inerat;
2227 2365 2370 2435 quod
2404 2376 2587 2422 autem
2637 2383 2745 2423 non
2805 2368 3075 2434 viderent,
3134 2369 3187 2423 id
3221 2383 3288 2423 ex
3320 2384 3385 2425 eo

1807 2455 2061 2512 veniebat
2089 2460 2234 2528 quod
2254 2458 2446 2515 oculos
2471 2458 2789 2515 clauderent
2810 2499 2827 2526 ,
2875 2470 2932 2517 et
2964 2475 3025 2517 se
3057 2476 3163 2516 non
3199 2462 3386 2518 videre

1805 2547 2158 2603 simularent.
2194 2547 2273 2603 lta
2302 2548 2512 2618 pariter
2538 2548 2664 2619 quis
2694 2550 2882 2606 auditu
2918 2550 3090 2618 audit,
3114 2560 3171 2609 et
3203 2562 3383 2609 tamen

1807 2652 1918 2692 non
1961 2639 2155 2705 audit3
2210 2640 2429 2710 quando
2461 2654 2526 2695 ea
2575 2654 2697 2710 quae
2729 2642 2989 2698 dicuntur
3026 2659 3133 2700 nun
3179 2644 3386 2701 intelli-

1806 2730 1888 2800 git
1913 2769 1930 2797 ,
1965 2740 2062 2787 aut
2089 2746 2215 2787 cum
2242 2732 2403 2788 dictis
2435 2747 2542 2788 uon
2575 2732 2949 2805 obtemperat,
2984 2750 3161 2807 eaque
3204 2737 3384 2808 despi-

1805 2821 1904 2879 cit.
1958 2822 2075 2879 Hoc
2105 2836 2271 2893 porro
2300 2823 2591 2895 contingit,
2641 2840 2765 2881 cum
2796 2826 2920 2896 quis
2945 2842 3108 2885 aures
3128 2842 3259 2885 suas
3284 2845 3383 2902 ag·

1807 2924 2019 2985 gravat,
2075 2928 2169 2971 eas
2224 2916 2381 2986 quasi
2441 2918 2706 2972 obturans
2760 2927 2817 2975 et
2868 2919 3062 2975 surdas
3114 2921 3379 2980 efficiens.

1810 3001 1937 3058 llaec
1960 3002 2127 3074 igitur
2151 3001 2379 3060 ludaico
2400 3005 2601 3076 populo
2639 3004 2822 3062 sutura
2864 3022 3007 3075 esse,
3033 3025 3137 3065 vox
3169 3011 3384 3067 Domini

1811 3096 2158 3153 vaticinatur.
2188 3096 2472 3167 lmpletum
2505 3108 2689 3154 autem
2730 3097 2863 3154 illud
2903 3098 3008 3155 fuit
3054 3100 3107 3155 in
3146 3103 3383 3159 adventu

1807 3187 2113 3245 Salvatoris
2136 3187 2338 3255 nostri,
2364 3203 2496 3260 quo,
2532 3190 2662 3245 dum
2682 3201 3007 3262 praesentem
3033 3191 3182 3251 illum
3210 3193 3385 3248 oculis

1805 3287 2116 3348 cernerent,
2162 3295 2273 3337 uon
2324 3282 2616 3349 videbant,
2670 3291 2726 3340 et
2784 3281 3077 3340 docentem
3122 3287 3383 3356 mysteria

1806 3371 1983 3443 regni,
2009 3386 2116 3429 non
2142 3372 2537 3445 intelligebant.

1878 3466 2046 3524 Vns.
2101 3467 2194 3523 ll.
2258 3483 2279 3520 ι
2304 3466 2376 3523 Et
2430 3466 2564 3534 dixi,
2620 3466 2939 3542 usquequo,
2995 3469 3258 3529 Domine?
3313 3473 3383 3532 Et

1804 3555 1965 3623 dixit,
1993 3557 2178 3614 Donec
2218 3554 2533 3613 desolemur
2562 3557 2841 3623 civitatee,
2870 3577 2891 3611 ι
2921 3569 3032 3615 etc.
3066 3559 3132 3614 Et
3182 3574 3382 3631 usque-

1804 3665 1913 3721 quo
1940 3649 2157 3706 durabit
2180 3647 2470 3706 infirmitas
2487 3649 2513 3703 l
2538 3647 2847 3721 interrogat
2870 3651 3080 3716 dicens,
3115 3669 3134 3703 t
3163 3650 3350 3723 Usque

1806 3756 1941 3811 quo,
1970 3739 2243 3797 Domine?
2273 3758 2296 3793 r
2326 3741 2450 3811 quis
2481 3740 2628 3796 enim
2647 3738 2770 3795 linis
2794 3742 2900 3796 erit
2931 3740 3238 3811 hujusmodi
3262 3745 3382 3800 illo·

1806 3846 1927 3886 rnm
1969 3831 2276 3888 caecitatis?
2317 3830 2418 3888 His
2468 3831 2615 3888 enim
2677 3830 2949 3901 significat
3002 3834 3233 3905 primam
3280 3838 3383 3893 sub

1807 3921 2069 3978 Romanis
2102 3922 2343 3979 futuram
2392 3921 2498 3979 loci
2546 3922 2909 3992 obsidionem,
2955 3935 3079 3996 post
3119 3926 3264 3983 edita
3311 3931 3382 3983 ab

1805 4013 1943 4085 ipsis
1974 4022 2162 4071 contra
2191 4013 2532 4093 salvatorem
2563 4014 2814 4072 facinora
2844 4032 2994 4088 :qua
3044 4018 3228 4074 multoe
3279 4019 3379 4075 lu·

1807 4106 2048 4163 daeorum
2070 4106 2325 4164 civitates
2351 4109 2453 4165 sub
2481 4105 2821 4177 Vespasiano
2844 4111 3179 4180 imperatore
3201 4117 3383 4165 vasta-

1809 4209 1898 4267 ιω,
1929 4198 2045 4256 solo
2067 4200 2309 4272 -penitus
2346 4211 2577 4271 aequatae
2608 4210 2771 4268 sunt,
2826 4201 2899 4257 ita
2944 4210 3002 4256 ut
3046 4216 3234 4256 earum
3282 4216 3383 4257 nec

1807 4291 2073 4347 memoria
2124 4306 2227 4349 nec
2273 4305 2473 4348 nomen
2535 4292 2954 4364 relinqueretur.
3010 4291 3144 4347 Cum
3199 4302 3381 4348 autem

319 4384 515 4457 ρημίαν
543 4383 779 4455 παντελῆ
837 4384 1299 4457 προαγορεύοντος
1357 4383 1451 4439 τοῦ
1506 4383 1666 4454 λόγου
1688 4423 1705 4450 ,
1736 4400 1784 4457 1)
1809 4383 2181 4440 omnimodam
2224 4382 2618 4440 desolationem
2658 4398 2840 4439 sermo
2871 4383 3165 4455 significet,
3201 4387 3380 4442 conti-

319 4476 435 4531 οῦτο
456 4477 512 4531 δέ
536 4478 630 4531 καὶ
650 4476 790 4549 αὕτη
816 4476 958 4532 κατὰ
986 4478 1113 4541 τοὺς
1152 4476 1431 4551 Ἀδριανοῦ
1463 4476 1706 4549 χρόνους,

319 4568 372 4635 λς
397 4568 658 4640 δευτέραν
684 4567 1076 4641 ὑπομείναντες
1113 4568 1352 4623 Ἰουδαῖοι
1371 4566 1706 4639 πολιορκίαν,

319 4661 400 4716 ἶτο
426 4660 489 4714 τὸ
531 4660 700 4714 κακὸν
725 4660 1110 4734 περιέστησαν,
1150 4660 1227 4725 ὡς
1264 4659 1449 4731 νόμοις
1477 4658 1573 4713 καὶ
1595 4658 1711 4713 δια-

321 4771 404 4810 σιν
430 4754 910 4826 αύτοκρατορικοῖς
939 4753 1073 4825 μηδὲ
1102 4751 1163 4819 ἐξ
1188 4752 1434 4808 ἀπόπτου
1459 4750 1559 4824 τὴν
1586 4752 1711 4823 ὲρη·

320 4841 387 4915 ῆς
411 4840 622 4895 ἑαυτῶν
643 4840 1022 4914 μητροπόλεως
1050 4841 1274 4914 θεωρεῖν
1293 4839 1703 4914 ἐπιτρέπεσθαι.

319 4938 384 4991 ,αὶ
412 4935 550 5008 μετὰ
580 4934 753 4991 ταῦτα
803 4939 1068 5009 μακρυνεί
1093 4938 1123 4990 ὀ
1152 4935 1286 5001 Θεὸς
1313 4937 1444 5002 τοὺς
1488 4933 1705 5010 ἀνθρώ·

325 5029 418 5082 καὶ
439 5029 489 5084 oi
518 5027 965 5098 καταλειφθέντες
988 5025 1453 5101 πληθυνθήσονται
1481 5013 1577 5082 ἐπὶ
1602 5030 1703 5103 τῆς

319 5121 401 5175 ἰαὶ
433 5120 506 5175 ἔτ’
537 5122 624 5175 ἐπ’
664 5121 833 5193 αὐτῆς
879 5122 993 5175 ἐστι
1025 5121 1088 5175 τὸ
1124 5120 1460 5177 ἐπιδέκατον.
1504 5141 1523 5176 ι
1558 5122 1704 5195 Σύμ-

343 5212 570 5279 ὲξέδωκε
589 5229 602 5245 ·
643 5232 662 5266 ι
709 5213 942 5285 Μακράν
970 5214 1190 5285 ποιήσει
1222 5212 1427 5287 Κύριος
1451 5215 1579 5279 τοὺς
1608 5215 1703 5270 ἀν-

320 5320 405 5367 υς.
459 5323 480 5357 ι
516 5304 777 5377 Σημαίνει
814 5302 927 5376 γὰρ
958 5302 989 5356 δ
1017 5301 1174 5373 λόγος
1215 5301 1304 5356 διὰ
1341 5302 1443 5374 τῆς
1490 5302 1704 5357 τοιᾶσδε

319 5400 597 5472 μακρυνεῖ,
624 5419 642 5450 ι
663 5396 978 5470 ἑρμηνείας,
993 5396 1163 5468 ῆγουν
1173 5392 1289 5460 τοῦ,
1310 5411 1330 5445 ι
1353 5392 1573 5465 μακρὰν
1582 5411 1706 5448 ποι-

319 5488 423 5561 νῆν
466 5487 607 5543 κατὰ
632 5488 724 5542 τὸν
760 5488 920 5543 αὑτὸν
953 5486 1148 5559 χρόνον
1184 5484 1483 5557 ὑπέμειναν
1501 5486 1704 5556 αίχμα-

1809 4474 1889 4545 git
1912 4484 1970 4530 et
1992 4473 2083 4529 illa
2111 4472 2338 4530 Adriani
2398 4483 2666 4545 tempore,
2701 4489 2827 4531 cnm
2860 4471 3055 4543 ludaei,
3087 4481 3381 4533 secundam

1807 4566 1950 4638 passi
1998 4565 2358 4631 obsidionem,
2419 4566 2477 4622 iu
2523 4574 2733 4622 tantum
2773 4566 3103 4625 calamitatis
3149 4569 3383 4626 devene-

1805 4667 1955 4725 runt,
1980 4667 2039 4712 ut
2067 4657 2282 4729 legibus
2318 4667 2375 4713 et
2409 4655 2583 4726 iussis
2620 4657 3024 4727 Imperatoriis,
3057 4676 3125 4716 ne
3158 4662 3381 4733 quidem

1807 4750 1997 4821 procul
2031 4748 2352 4819 metropolis
2391 4764 2505 4805 suae
2540 4749 2854 4806 vastitatem
2886 4753 3204 4823 conspicere
3250 4769 3379 4825 per-

1813 4840 2184 4922 mitterentur.

1886 4931 2049 4990 Vns.
2091 4934 2180 4989 ¹2.
2228 4953 2248 4988 ι
2280 4933 2347 4990 Et
2390 4943 2577 5005 postea
2623 4934 2901 5008 elongabit
2933 4936 3075 4993 Deus
3109 4938 3376 5004 hommes,

1811 5026 1994 5097 etqui
2033 5025 2208 5081 relicti
2253 5026 2460 5081 fuerint
2502 5026 3012 5097 multiplicabuntur
3062 5043 3226 5097 super
3271 5039 3382 5086 ter·

1812 5131 1950 5175 ram.
1982 5117 2050 5174 Et
2076 5119 2256 5176 adbuc
2286 5134 2451 5191 super
2479 5136 2601 5177 eam
2632 5130 2717 5177 est
2748 5122 3055 5178 decimatio.
3078 5138 3100 5174 r
3134 5121 3384 5193 Symma-

1808 5211 1949 5268 cltus
1987 5212 2194 5278 edidit,
2252 5230 2273 5266 ι
2302 5211 2489 5285 Longe
2533 5212 2701 5270 faciet
2742 5213 3004 5270 Dominus
3056 5213 3328 5272 bomines.
3356 5234 3379 5271 ε

1811 5303 1927 5361 llac
1974 5303 2462 5377 interpretatione,
2505 5322 2545 5356 -ι
2573 5305 2889 5378 elongabit,
2923 5326 2944 5361 ι
3006 5305 3123 5362 sive
3180 5323 3201 5360 t
3228 5305 3389 5380 longe

1809 5394 1994 5459 saciet,
2026 5416 2047 5450 ι
2076 5396 2276 5454 indicat
2306 5392 2588 5470 Scriptura
2623 5397 2995 5481 captivitatem
3022 5395 3194 5465 illam,
3221 5415 3385 5471 quam

1811 5501 1879 5543 eo
1910 5486 2026 5557 ipso
2053 5499 2297 5564 tempore
2323 5490 2609 5550 multitudo
2650 5488 2889 5547 ludaicae
2912 5488 3089 5560 genus
3126 5501 3385 5562 perpessa

364 5667 488 5727 llaec
523 5670 649 5726 item
691 5671 745 5725 lu
785 5665 1101 5739 Hieronymi
1137 5664 1564 5736 Commentario,
1611 5664 1703 5725 sed
1740 5663 2009 5739 pluribus.
