3692 6134
358 207 469 266 ¹57

1325 201 1830 263 cottum-rama
1869 200 1936 258 m
1975 181 2233 255 issisti.
2274 224 2344 238 -
2380 187 2533 248 car.
2572 183 2641 242 x.

3501 169 3605 228 {58

279 291 295 342 ι’
352 326 455 384 „1
503 322 656 378 tm:
696 325 727 378 ὁ
771 323 898 387 λαὸς
935 324 1012 388 ὡς
1060 323 1541 394 mwuxaupevoc
1588 322 1694 376 one
1735 321 1930 394 πυρός,
1961 324 2009 382 Α
2035 318 2194 370 busta
2228 320 2314 368 est
2340 308 2593 363 universa
2628 303 2870 362 terra,et
2895 292 3005 348 erit
3041 288 3271 360 populos
3297 285 3451 357 quasi
3483 296 3608 339 sue-

356 415 682 490 ’Δνθρωταις
713 416 803 469 τὸν
832 415 1056 486 ἀδελφὸν
1089 415 1253 470 αὑτοῦ
1285 416 1386 470 οὐκ
1410 416 1640 487 ἐλεήσει·
1674 414 1810 469 ἀλλά
1835 414 1931 467 ἐκ·

358 508 536 566 κλονεῖ
562 508 643 571 είς
668 506 738 560 τά
765 505 930 572 δεξιὰ,
958 507 1043 561 ὅτι
1075 508 1321 562 πεινάσει
1345 508 1440 561 καὶ
1467 506 1700 577 φάγεται
1732 507 1799 561 ἐκ
1822 504 1933 559 τῶν

356 598 685 684 ἀριστερῶν,
737 599 833 653 καὶ
880 600 942 653 οὐ
989 598 1066 671 μή
1108 597 1396 671 ἐμπλησθῇ
1429 598 1717 670 ἄνθρωπος
1761 596 1934 651 ἔσθων

356 689 463 756 τὰς
490 690 696 762 σάρκας
725 688 821 743 τοῦ
865 688 1145 762 βραχίονος
1176 689 1365 744 αὐτοῦ.
1399 689 1637 759 Φάγεται
1667 690 1777 762 γάρ
1808 689 1934 746 Μα-

279 771 287 808 ¹
358 775 565 848 νισσῆς
592 776 688 830 τοῦ
734 777 995 850 Ἐφραίμ,
1021 778 1116 832 καὶ
1148 777 1387 851 Ἐφραῖμ
1412 779 1505 834 τοῦ
1531 780 1821 852 Μανασσῆ,
1852 782 1934 836 ὅτι

280 869 287 900 ³
358 863 479 940 ἃμα
504 866 926 940 πολιορκήσουσι
953 867 1045 922 τὸν
1076 868 1301 923 Ἰούδαν.
1348 870 1470 925 Ἐπὶ
1506 870 1720 935 τούτοις
1769 874 1936 928 πᾶσιν

354 959 463 1018 ὡκ
489 960 814 1033 ἀπεστράφη
858 963 889 1016 ό
932 959 1124 1033 θυμὸς,
1156 961 1272 1016 ἀλλ’
1305 961 1386 1018 ἐτι
1432 964 1465 1035 ἠ
1506 964 1627 1037 χεὶρ
1665 963 1867 1037 ὑψηλή.
1911 983 1932 1017 ι

280 1055 287 1088 ²
362 1049 862 1122 Ὧς-ἐπαναστῆναι
899 1050 1128 1123 ἀδελφὸν
1172 1052 1383 1126 ἀδελφῷ
1398 1093 1414 1119 ,
1447 1055 1544 1108 καὶ
1588 1052 1796 1125 μηδένα
1839 1055 1937 1109 τοῦ

350 1141 533 1206 πέλας
562 1142 854 1212 φείσασθαι
878 1160 894 1175 ·
928 1145 1139 1208 πάντας
1168 1143 1224 1199 δέ
1252 1144 1501 1218 ἀλλήλοις
1534 1146 1840 1218 χρήσασθαι
1863 1145 1940 1212 ὡς

352 1235 675 1309 πλιμίοις·
718 1235 796 1300 ὡς
826 1236 908 1301 είς
946 1234 1202 1291 τοσοῦτον
1243 1237 1460 1292 ἐλάσειν
1497 1237 1939 1311 ἀναφλεγομένην

350 1329 549 1394 αὐτοῖς
586 1327 686 1401 τὴν
722 1327 863 1401 πρὸς
893 1328 1147 1399 ἀλλήλοις
1178 1330 1387 1396 στάσιν,
1418 1331 1514 1386 καὶ
1543 1331 1636 1386 τὸν
1671 1332 1938 1405 ἐμφύλιον

352 1419 618 1492 πόλεμον,
643 1420 721 1485 ὡς
748 1421 842 1475 καὶ
870 1420 970 1485 τὰς
990 1420 1085 1475 δύο
1108 1421 1299 1491 φυλὰς,
1322 1423 1422 1496 τήν
1445 1422 1540 1478 τοῦ
1575 1424 1813 1498 Ἐφραίμ
1842 1424 1939 1480 καὶ

352 1509 463 1584 τὴν
479 1506 573 1566 τοῦ
595 1509 887 1583 Μανασσῆ,
911 1510 972 1578 ἐξ
1002 1511 1121 1577 ἐνὸς
1148 1513 1354 1587 πατρὸς
1375 1515 1670 1588 γενομένας
1690 1516 1788 1571 τοῦ
1827 1518 1942 1572 Ἰω-

356 1603 496 1676 σὴφ,
536 1603 643 1657 ὑπὸ
675 1601 775 1672 τὴν
814 1603 984 1675 αὐτὴν
1028 1605 1188 1671 ὄντας
1222 1605 1519 1678 βασιλείαν,
1568 1609 1698 1681 μίαν
1736 1609 1795 1664 δὲ
1844 1610 1941 1665 καὶ

2033 419 2229 462 census
2249 403 2319 456 ab
2346 401 2487 470 igne.
2521 394 2694 450 liomo
2713 386 2905 444 l'ratris
2928 384 3012 440 sui
3055 396 3163 437 non
3214 376 3560 433 miserebitur
3591 390 3607 429 ι

2033 496 2130 553 sed
2163 490 2459 551 declinabit
2486 487 2553 543 ad
2580 485 2884 544 dexteram,
2919 475 3046 547 quia
3078 473 3302 535 esuriet,
3335 478 3393 525 et
3421 480 3605 523 come·

2032 587 2176 642 deta
2215 579 2473 644 sinistris,
2506 584 2562 631 et
2583 587 2689 628 non
2726 567 3064 626 saturabitur
3108 564 3271 618 bomo
3313 557 3606 632 comedens

2033 690 2229 735 carnes
2303 667 2510 727 brachii
2585 664 2690 719 sui.
2761 655 3057 715 Devorabit
3109 654 3258 707 enim
3328 647 3607 704 Hauasses

2034 764 2315 839 Ephraim,
2349 773 2407 819 et
2432 756 2692 829 Ephraim
2740 752 3050 813 Manassen,
3088 743 3217 816 quia
3250 739 3411 797 simul
3461 735 3608 792 obsi-

2036 862 2237 917 debunt
2259 854 2478 911 ludam.
2519 851 2579 906 ln
2610 847 2696 902 bis
2724 842 2976 902 omnibns
3004 854 3113 894 non
3146 848 3341 891 aversa
3375 840 3460 888 est
3485 831 3608 894 ira,

2037 953 2131 1008 aed
2162 949 2339 1004 adbuc
2374 957 2568 1000 manus
2596 939 2839 996 excelsa.
2882 953 2902 987 ι
2937 933 3014 989 lta
3053 939 3114 986 ut
3142 929 3388 998 insurgat
3437 923 3609 976 frater

2040 1043 2094 1099 in
2115 1043 2361 1103 fratrem,
2396 1050 2464 1090 ac
2499 1044 2659 1089 nemo
2690 1028 2940 1099 proximo
2968 1037 3068 1080 suo
3114 1028 3304 1090 pareat
3333 1034 3350 1072 ι
3383 1026 3609 1070 omnes-

2037 1148 2147 1206 que
2174 1139 2358 1187 mutuo
2388 1134 2558 1197 agant
2578 1132 2638 1178 ut
2670 1120 2909 1183 inimici,
2935 1118 3009 1171 ita
3036 1123 3095 1168 ut
3119 1120 3306 1168 coorta
3332 1115 3390 1164 et
3413 1105 3611 1161 ardens

2039 1226 2185 1281 inter
2235 1228 2495 1289 utrosque
2551 1213 2773 1277 seditio,
2814 1220 2868 1263 et
2900 1206 3062 1263 civile
3121 1202 3321 1258 bellum
3347 1213 3414 1253 eo
3443 1209 3612 1265 usque

2037 1315 2236 1381 veniat,
2263 1320 2323 1367 ut
2342 1312 2462 1366 duae
2489 1307 2593 1362 illoe
2631 1303 2805 1359 tribus
2829 1297 3084 1370 Ephraim
3113 1305 3171 1348 et
3199 1290 3504 1351 Manasses,
3544 1297 3612 1338 ex

2040 1422 2149 1464 uno
2173 1416 2326 1477 patre
2344 1401 2548 1472 loseph
2566 1407 2727 1460 ortae,
2757 1409 2825 1448 ac
2871 1389 2973 1446 sub
2997 1387 3188 1444 eodem
3216 1394 3384 1451 regno
3410 1377 3613 1445 degen-

2042 1512 2143 1564 tes,
2171 1507 2334 1567 atque
2363 1509 2527 1550 unam
2553 1488 2917 1554 eatndemque
2941 1480 3136 1535 urbem
3191 1471 3494 1529 incolentes
3514 1464 3615 1522 Sa-

2043 1589 2296 1653 mariam,
2318 1594 2507 1642 contra
2543 1596 2604 1636 se
2637 1589 2824 1633 mutuo
2861 1574 3168 1641 insurgant,
3193 1581 3261 1621 ae
3288 1560 3512 1620 brachia
3532 1559 3615 1613 in-

354 1695 463 1767 τήν
487 1694 658 1767 αὐτὴν
702 1694 858 1750 πόλιν
892 1696 1170 1763 οἰκοῦντας
1192 1699 1526 1771 Σαμάρειαν,
1552 1699 1813 1771 ἀλλήλαις
1846 1702 1943 1753 επ.
1974 1671 2014 1725 Β
2042 1683 2213 1737 vicem
2240 1679 2521 1740 devorent,
2555 1670 2696 1727 bello
2720 1677 2910 1725 contra
2937 1663 3134 1720 ludam
3191 1654 3494 1720 inferendo,
3550 1664 3617 1705 ae

358 1784 683 1858 αναστῆναι,
709 1787 805 1841 καὶ
826 1787 952 1852 τοὺς
982 1787 1223 1861 ἀλλήλων
1252 1789 1542 1862 βραχίονας
1570 1793 1909 1859 καταφαγεῖν
1925 1807 1939 1819 ·

364 1878 566 1953 μηκέτι
614 1878 713 1951 μὲν
764 1878 1116 1951 σχολάζοντας
1154 1880 1234 1951 τῷ
1277 1882 1418 1935 κατὰ
1485 1881 1651 1935 Ἰούδα
1703 1882 1943 1952 πολέμῳ,

366 1969 504 2044 μηδὲ
533 1971 602 2042 τῇ
630 1969 915 2043 πολιορκία
944 1970 1045 2042 τῆς
1081 1970 1462 2052 Ἰερουσαλὴμ,
1496 1970 1619 2024 καθ’
1652 1970 1861 2025 ἐαυτῶν
1889 1969 1947 2023 δὲ

363 2062 738 2134 ἀκονήσαντας
753 2061 821 2116 τά
844 2061 1053 2116 δαυτῶν
1067 2061 1220 2133 ξίφη,
1242 2063 1469 2126 ἐαυτους
1488 2061 1946 2135 διαχειρίσασθαι,

367 2154 465 2210 καὶ
492 2152 555 2219 ἐξ
581 2153 883 2226 ἀνθρώπιον
907 2153 1187 2223 ἀφανίσαι.

909 2247 1308 2301 ΚΕΦΑΔΑΙΟΝ
1346 2248 1402 2303 l'.

446 2357 469 2392 ε
506 2339 643 2394 Ούαὶ
678 2340 794 2403 τοῖς
842 2337 1115 2411 γράφουσι
1155 2337 1438 2410 πονηρίαν·
1487 2337 1790 2410 γράφοντες
1835 2337 1945 2412 γὰρ

368 2430 637 2503 πονηρίαν
693 2429 1017 2501 γράφουσιν·
1064 2429 1407 2495 ἐκκλίνοντες
1453 2430 1631 2503 κρίσιν
1688 2429 1939 2502 πτωχῶν,

366 2517 705 2594 ἁρπάζοντες
733 2520 908 2590 κρῖμα
930 2519 1179 2590 πενήτων
1197 2517 1295 2572 τοῦ
1323 2517 1455 2574 λαοῦ
1486 2536 1610 2592 μου·
1634 2518 1775 2574 ὥστε
1799 2516 1941 2574 εἶναι

360 2607 554 2673 αὐτοῖς
584 2610 755 2681 χήραν
779 2608 860 2672 είς
888 2606 1218 2680 διαρπαγὴν,
1252 2610 1349 2664 καὶΙ
1373 2610 1611 2683 ὀρφανὸν
1639 2611 1721 2676 είς
1747 2628 1943 2683 προνο-

362 2701 496 2776 μήν.
539 2718 560 2754 ι
605 2698 711 2754 Τοῦ
756 2700 1089 2772 καλουμένου
1119 2696 1215 2755 οὖν
1268 2701 1505 2776 Ἰσραὴλ,
1537 2703 1682 2774 λέγω
1727 2704 1794 2777 δή
1846 2705 1943 2759 τοῦ

360 2792 497 2850 λαοῦ
516 2792 629 2847 τῶν
670 2792 936 2846 Ἰουδαίων
967 2793 1027 2846 ἐν
1060 2792 1346 2866 Σαμαρείᾳ
1373 2793 1815 2867 βασιλευομένου,
1849 2798 1946 2852 καὶ

284 2943 287 2972 ἱ
352 2883 537 2940 «ταῦτα
559 2883 696 2957 πρὸς
719 2886 832 2947 τοίς
855 2883 1143 2955 προτέροις
1171 2885 1202 2938 ό
1221 2884 1414 2957 παρὼν
1434 2885 1591 2956 λόγος
1622 2890 1943 2959 κατηγορεῖ,

358 2975 591 3046 φάσκων
627 2974 823 3038 αὐτοὺς
853 2973 992 3045 πρὸς
1024 2971 1140 3045 ἔριν
1169 2975 1266 3029 καὶ
1312 2973 1647 3044 φιλονεικίαν
1685 2974 1795 3030 τῶν
1843 2976 1943 3042 τάς

283 3039 293 3066 ⁵
358 3065 586 3140 ἀληθεῖς
625 3065 721 3121 τοῦ
765 3066 903 3121 Θεοῦ
950 3064 1287 3137 προφητείας
1332 3066 1800 3138 παραγραφόντων
1846 3065 1947 3130 τάς
1971 3027 2015 3085 C

284 3221 289 3232 Ι
362 3156 870 3231 ψευδοπροφητείας
891 3154 1222 3209 συντάττειν.
1247 3150 1430 3214 Ἦσαν
1455 3154 1607 3224 γοῦν,
1636 3151 1779 3229 ἦσαν
1811 3157 1947 3228 ψευ-

284 3243 289 3254 '
364 3250 707 3323 δοπροφῆται
750 3250 1013 3315 πλεῖστοι,
1059 3249 1175 3304 ὅσοι
1219 3249 1279 3302 ἐν
1331 3247 1411 3320 τῷ
1470 3247 1688 3324 Ἰσραήλ
1729 3250 1950 3306 ἐναντία

368 3342 755 3415 φθεγγόμενοι,
784 3342 878 3399 καὶΙ
900 3340 1120 3398 ἐναντία
1147 3339 1451 3412 γράφοντες
1475 3343 1587 3404 τοῖς
1608 3341 1834 3414 ἀληθέσι
1852 3342 1949 3399 τοῦ

366 3432 510 3490 Θεοῦ
530 3433 854 3506 προφήταις.
883 3433 949 3488 Oi
967 3431 1025 3485 δὲ
1039 3431 1194 3486 αὐτοὶ
1211 3433 1306 3486 καὶ
1324 3431 1647 3505 συγγραφάς
1670 3433 1952 3496 ἐποιοῦντο

370 3526 743 3600 παρανόμους,
781 3526 877 3581 καὶ
917 3524 1100 3597 πάσης
1143 3525 1408 3597 πονηρίας
1442 3526 1676 3598 μεστάς·
1712 3525 1951 3601 πένητας

366 3618 623 3690 σίκτροῦς
645 3616 1122 3682 κατεδυνάστευον,
1147 3615 1451 3689 βιαζόμενοί
1479 3634 1537 3671 τε
1564 3618 1949 3674 ἐπλεονέκτουν

368 3708 772 3780 ἀπεριστάτους
812 3709 1079 3780 ὀρφανοὺς
1109 3709 1203 3762 καὶ
1245 3708 1440 3779 χήρας.
1485 3707 1773 3774 Τοιούτους
1809 3707 1855 3763 δ’
1882 3707 1949 3764 ἀν

367 3797 550 3864 εἴποις
573 3800 669 3855 καὶ
698 3800 828 3862 τοὺς
852 3798 941 3853 διὰ
981 3798 1271 3870 μοχθηρῶν
1302 3799 1755 3871 συγγραμμάτων
1782 3800 1951 3855 είσέτι

370 3891 471 3950 καὶ
494 3891 592 3948 νῦν
611 3890 1035 3963 διαστρέφοντας
1060 3889 1171 3943 τῶν
1197 3890 1598 3963 ἀκεραιοτέρων
1618 3890 1717 3955 τάς
1749 3890 1948 3962 ψυχάς.

451 4001 473 4037 ι
515 3984 625 4038 Καὶ
650 3983 704 4037 τί
732 3983 1049 4054 ποιήσουσιν
1073 3984 1133 4037 ἐν
1170 3984 1237 4053 τῇ
1270 3981 1455 4055 ήμέρα
1480 3982 1580 4055 τῆς
1610 3983 1949 4055 ἐπισκοπῆς;

372 4077 414 4149 ἡ
441 4076 551 4148 γάρ
580 4075 757 4149 θλίψις
784 4076 915 4147 ὑμῖν
942 4074 1224 4148 πόρρωθεν
1247 4074 1387 4148 ἥξει.
1419 4077 1530 4131 Καὶ
1552 4076 1689 4148 πρὸς
1709 4075 1827 4131 τίνα
1861 4092 1956 4131 κα-

371 4167 708 4238 1εαιρεύξειτθε
726 4168 820 4223 τοῦ
846 4166 1209 4240 βοηθηθῆναι;
1239 4169 1335 4221 καὶ
1357 4166 1460 4223 ποῦ
1482 4167 1833 4240 καταλείψετε
1855 4166 1955 4240 τὴν

373 4259 534 4326 δόξαν
551 4260 725 4333 ὑμῶν,
745 4260 840 4315 τοῦ
863 4261 938 4333 μή
954 4263 1217 4333 ἐμπεσεῖν
1240 4262 1322 4325 είς
1346 4260 1678 4334 ἀπαγωγήνς
1712 4279 1731 4312 ι
1773 4261 1955 4320 Ἀπει-

2042 1770 2308 1826 obsidionl
2335 1764 2741 1835 Hierosolyma-2,
2759 1773 2866 1814 non
2892 1757 3030 1811 ultra
3048 1759 3328 1813 vacantes,
3355 1746 3452 1803 sed
3477 1758 3617 1799 con-

2047 1874 2133 1917 tra
2162 1877 2222 1917 se
2250 1870 2436 1914 mutuo
2455 1857 2663 1929 gladios
2687 1862 2967 1916 acuentes,
2990 1857 3051 1904 ut
3068 1863 3129 1905 se
3149 1844 3462 1902 vulneribus
3485 1854 3617 1896 con-

2047 1953 2234 2008 ficiant
2254 1965 2319 2006 ac
2334 1948 2568 2006 deleant.

2657 2233 2890 2293 CAPUT
2925 2231 2998 2291 X.

2118 2350 2282 2406 Vens.
2321 2344 2442 2403 t·2.
2500 2360 2519 2397 ι
2561 2343 2653 2399 Vae
2705 2336 3074 2398 scribentibus
3123 2330 3435 2388 malitiamt
3493 2341 3618 2384 nam

2041 2443 2367 2504 scribentes,
2401 2434 2662 2492 malitiam
2682 2431 2927 2488 scribunt
2955 2446 2969 2483 ε
3000 2424 3333 2483 declinantes
3355 2422 3619 2495 judicium

2045 2545 2367 2604 pauperum,
2404 2527 2676 2599 rapientes
2702 2522 2964 2594 iudicium
3001 2518 3223 2588 inopum
3257 2513 3441 2588 populi
3464 2513 3616 2580 meh

2044 2623 2120 2679 ita
2152 2631 2212 2677 ut
2238 2620 2309 2676 sit
2344 2618 2451 2675 lllis
2489 2617 2652 2673 vidua
2678 2616 2732 2671 in
2775 2612 3039 2685 raplnam,
3062 2619 3119 2665 et
3138 2607 3419 2678 orphanus
3448 2605 3503 2661 in
3530 2605 3617 2662 di·

2047 2712 2372 2781 reptionem.
2407 2728 2427 2765 ι
2462 2709 2617 2765 lllum
2649 2707 2905 2763 lsraelem
2936 2695 3170 2768 dictum,
3211 2697 3469 2756 videlicet
3520 2691 3620 2753 Ju-

2046 2805 2261 2861 daicum
2287 2801 2543 2875 populum
2589 2813 2756 2872 regno
2796 2793 3065 2853 Samariae
3101 2791 3398 2858 subditum,
3427 2790 3497 2847 de
3533 2787 3625 2845 bia

2047 2898 2199 2962 item,
2239 2903 2433 2967 praetcr
2462 2907 2528 2949 ea
2553 2904 2674 2964 quae
2699 2886 2949 2959 superius
3001 2894 3298 2942 memorata
3321 2890 3469 2946 sunt,
3522 2894 3619 2936 ac·

2047 2996 2202 3045 cusat
2230 2985 2539 3056 Scriptura,
2568 2981 2779 3046 dicens,
2804 2992 2900 3034 eos
2920 2978 2991 3034 ob
3005 2975 3403 3034 contentionem
3419 2981 3476 3028 et
3502 2970 3620 3027 dis-

2048 3075 2410 3149 ceptationem
2457 3087 2669 3138 eorum,
2695 3070 2790 3142 qui
2820 3083 2978 3126 veras
3007 3067 3100 3124 Dei
3125 3063 3439 3138 prophetias
3469 3061 3624 3118 adul-

2051 3168 2323 3234 terabant,
2358 3163 2496 3221 l'alsa
2529 3161 2789 3219 vaticinia
2817 3157 3184 3217 comminisci.
3220 3153 3391 3209 Erant
3414 3153 3619 3223 itaque,

2048 3267 2208 3318 erant
2251 3255 2743 3330 pseudopropheta
2786 3251 2962 3319 multi,
3013 3251 3066 3305 in
3100 3248 3300 3305 israele
3347 3245 3620 3302 contraria

2049 3352 2331 3423 loquentes
2361 3359 2416 3405 et
2437 3346 2711 3403 contraria
2762 3344 3066 3400 scribentes
3114 3341 3203 3407 iis,
3237 3355 3357 3410 qnae
3383 3337 3494 3392 veri
3524 3335 3619 3392 Dei

2048 3442 2325 3514 prophetae
2361 3437 2667 3495 tradebant.
2691 3434 2859 3490 lidem
2892 3446 3021 3487 vero
3052 3431 3154 3500 ipsi
3177 3427 3380 3499 scripta
3411 3424 3621 3482 nefaria

2048 3533 2304 3598 edebant,
2331 3538 2386 3587 et
2410 3526 2562 3585 omni
2603 3525 2958 3598 improbitate
2997 3523 3201 3579 referta
3237 3538 3252 3575 ι
3286 3520 3340 3573 ἰιι
3389 3519 3623 3572 miseros

2049 3638 2316 3695 pauperes
2351 3619 2684 3676 dominatum
2719 3616 3072 3679 exercebant,
3122 3628 3188 3669 ac
3234 3610 3500 3667 violenter
3524 3624 3620 3666 su-

2052 3713 2328 3782 perbeque
2356 3710 2590 3781 agebant
2616 3708 2669 3764 in
2696 3708 2972 3777 orplianos
2998 3712 3055 3759 et
3081 3702 3276 3757 viduas
3322 3699 3623 3772 patrocinio

2051 3814 2324 3863 carentes·
2360 3801 2519 3858 Tales
2539 3803 2667 3859 item
2699 3801 2907 3858 dixeris
2927 3815 3043 3866 eos,
3082 3799 3174 3869 qui
3206 3798 3370 3854 bodie
3404 3810 3625 3868 perver-

2052 3898 2129 3955 sis
2156 3895 2375 3966 scriptis
2404 3893 2795 3965 simpliciorum
2821 3890 3036 3968 *autimas
3066 3899 3337 3946 evertunt.

2123 3986 2285 4042 Vm.
2319 3984 2440 4040 54.
2479 3999 2502 4036 ι
2537 3982 2602 4038 Et
2621 3983 2750 4054 quid
2772 3981 2979 4037 sacient
3009 3981 3062 4036 iu
3115 3981 3203 4036 die
3246 3969 3621 4034 visitationis?

2050 4094 2178 4140 nam
2202 4078 2473 4135 tribulatio
2510 4076 2662 4132 vobis
2692 4089 2723 4131 e
2745 4074 3039 4146 longinquo
3066 4074 3266 4129 veniet.
3294 4071 3359 4126 Et
3379 4070 3445 4125 ad
3470 4069 3623 4142 cujus

2052 4170 2310 4226 auxilium
2360 4166 2722 4238 confugietis?
2754 4164 2813 4222 Et
2872 4165 2964 4221 ubi
3024 4162 3343 4233 relinquetis
3391 4159 3618 4233 gloriam

2052 4275 2307 4328 vestram,
2342 4276 2410 4318 ne
2430 4261 2640 4316 cadatis
2667 4260 2719 4316 in
2744 4255 3160 4314 abductionem?
3188 4274 3208 4308 ι
3246 4252 3624 4310 comminatur

377 4348 467 4406 λεί
486 4352 660 4407 τοίνυν
685 4352 912 4417 ἐκείνοις
935 4354 961 4406 ὁ
984 4352 1323 4425 προφητικὸς
1345 4352 1500 4422 λόγος
1524 4353 1766 4423 φάσκων·
1795 4372 1813 4406 ι
1836 4354 1951 4408 Καὶ
1982 4370 2027 4427 1)
2054 4369 2183 4427 ergo
2217 4355 2288 4410 iis
2312 4353 2661 4426 propheticus
2704 4364 2885 4406 sermo
2932 4350 3122 4403 dicens
3150 4366 3164 4401 ε
3203 4364 3221 4398 ι
3262 4344 3328 4400 Et
3354 4344 3484 4414 quid
3536 4342 3620 4397 fa-

374 4441 434 4498 τί
463 4444 773 4515 ποιήσουσιν
803 4443 861 4498 ἐν
888 4447 954 4516 τῇ
984 4443 1169 4516 ἡμέρᾳ
1181 4444 1283 4513 τῆς
1300 4443 1656 4515 ὲπισκοπῆς,ι
1677 4443 1799 4499 καθ’
1825 4446 1894 4517 ἢν
1920 4447 1958 4523 ή

378 4533 561 4605 θλίψις
588 4536 682 4589 καὶ
710 4535 743 4606 ἠ
774 4535 915 4590 κατὰ
940 4535 1146 4590 τούτοιν
1174 4536 1313 4609 ὀργὴ
1339 4536 1621 4610 πόρῤωθεν
1644 4535 1800 4609 ήξει;
1832 4539 1957 4593 Μα-

380 4625 526 4699 κράν
551 4626 662 4698 γάρ
693 4621 859 4681 οὖσαν
893 4627 1061 4699 αὐτήν
1081 4644 1236 4699 φησι,
1264 4626 1354 4683 διά
1383 4627 1447 4681 τὸ
1474 4627 1871 4684 ἀπελαύνεσθαι
1898 4629 1957 4698 ἐξ

374 4716 519 4790 ὶμοῦ
534 4717 628 4773 τοῦ
645 4712 1051 4790 Θεοῦ·ύμεῖς,ὧ
1079 4715 1397 4791 οὗτοι,πρὸς
1412 4718 1507 4783 οὓς
1520 4720 1692 4775 ταῦτα
1722 4721 1956 4791 λέγεται,

374 4808 571 4882 ὥσπερ
605 4809 912 4882 βιαζόμενοι
954 4811 1074 4865 καθ’
1107 4811 1315 4866 ἑαυτῶν
1344 4813 1515 4884 αὐτὴν
1547 4812 1950 4868 ἐπεσπάσασθε·

374 4895 452 4975 ἧς
481 4901 830 4975 ἐπελθούσης,
860 4902 951 4957 ἐπὶ
976 4904 1098 4959 τίνα
1129 4903 1532 4975 καταφεύξεσθε
1551 4903 1649 4958 τοῦ
1680 4903 1953 4978 βοηθηθῆ-

376 5010 503 5060 ναις
555 5012 577 5047 ι
619 4995 742 5049 Ἐπὶ
770 4997 905 5050 πᾶσι
945 4996 1161 5061 τούτοις
1196 4998 1296 5051 οὐκ
1343 4997 1670 5068 ἀπεστράφη
1702 4997 1738 5069 ή
1780 4997 1949 5069 ὀργή·

377 5086 499 5143 ἀλλ’
527 5085 609 5140 [τι
638 5087 672 5157 ή
698 5087 819 5159 χεὶρ
849 5087 1050 5160 ὑψηλή.
1084 5106 1104 5140 ι
1148 5088 1544 5159 Ἐπιμενόντων
1566 5088 1679 5162 γάρ
1706 5091 1819 5154 τοῖς
1852 5091 1951 5144 αύ-

376 5179 497 5241 τοίς
531 5178 846 5249 ἀτοπήμασι
871 5178 980 5233 τῶν
1011 5178 1100 5233 διὰ
1129 5178 1224 5233 τοῦ
1252 5179 1411 5249 λόγου
1440 5180 1951 5254 κατηγορουμένων,

379 5265 677 5322 ἀκόλουθον
700 5262 770 5338 ἦν
798 5268 892 5322 καὶ
909 5269 1008 5340 τήν
1030 5271 1149 5324 κατ’
1173 5270 1354 5325 αὐτῶν
1379 5270 1694 5343 παράμονον
1708 5271 1955 5340 γίνεσθαι

379 5361 579 5436 ὀργήν.

463 5475 485 5508 ι
517 5457 652 5512 Οὐαὶ
691 5458 1014 5532 Ἀσσυρίοις,
1047 5461 1081 5531 ή
1119 5458 1312 5531 ράδδος
1351 5457 1445 5513 τοῦ
1493 5456 1668 5530 θυμοῦ
1699 5474 1820 5530 μου·
1857 5458 1952 5513 καὶ

381 5551 526 5623 ὀργή
561 5553 708 5607 ἐστιν
731 5554 790 5607 ἐν
816 5556 933 5617 ταῖς
961 5554 1147 5625 χερσὶν
1171 5550 1370 5607 αὐτῶν.
1401 5552 1513 5625 Τήν
1541 5553 1711 5624 ὀργήν
1739 5569 1840 5624 μου
1874 5553 1953 5616 είς

381 5641 539 5707 ἔθνος
585 5643 784 5715 ἄνομον
827 5643 1127 5713 ἀποστελῶ,
1170 5645 1263 5699 καί
1301 5643 1379 5715 τῷ
1420 5641 1536 5714 λαῷ
1567 5641 1684 5714 ἐμῷ
1714 5640 1956 5710 ουντάξω

2053 4449 2198 4505 cient
2234 4447 2288 4502 in
2320 4446 2409 4502 die
2431 4443 2783 4509 visitationis,
2816 4462 2836 4496 ι
2865 4457 2971 4513 qua
3003 4440 3281 4495 tribulatio
3310 4449 3363 4493 et
3398 4440 3477 4493 ira
3505 4451 3624 4508 pro-

2055 4538 2140 4595 cul
2173 4539 2305 4609 ipsis
2323 4536 2541 4592 veniet?
2569 4535 2703 4592 Nam
2728 4527 2851 4589 cum
2879 4548 2943 4589 ea
2987 4531 3174 4603 procul
3204 4531 3455 4596 exsistat,
3497 4528 3621 4599 quia

2055 4633 2172 4699 ipsa
2205 4646 2237 4686 a
2265 4646 2351 4685 me
2377 4629 2490 4685 Deo
2516 4628 2793 4684 eliminata
2826 4634 2945 4693 est;
2971 4640 3071 4681 vos
3102 4640 3253 4693 sane,
3286 4623 3486 4695 quibus
3509 4622 3625 4676 baeo

2056 4724 2332 4789 dicuntur,
2360 4721 2514 4792 quasi
2549 4721 2600 4773 vi
2641 4729 2860 4775 utentes
2898 4726 3093 4774 contra
3124 4731 3219 4771 vos
3276 4717 3444 4784 ipsos,
3499 4727 3620 4765 cam

2056 4815 2395 4870 attraxistis:
2434 4827 2540 4882 qua
2572 4810 3013 4883 superveniente,
3056 4808 3124 4865 ad
3169 4808 3327 4879 cujus
3362 4803 3623 4862 auxilium

2056 4906 2425 4980 cniitfugietis?
2459 4925 2477 4959 ι
2512 4906 2687 4984 Super
2736 4904 2820 4959 bis
2866 4901 3117 4958 omnibus
3150 4917 3256 4958 non
3290 4911 3487 4953 aversa
3538 4902 3625 4949 est

2058 5000 2137 5053 ira
2160 5014 2178 5065 ς
2203 5000 2298 5057 sed
2325 4999 2503 5055 adbuc
2527 5012 2715 5053 mamis
2746 4994 2978 5066 egcclsa.
3002 5015 3022 5049 ι
3042 4995 3176 5051 Nam
3206 4993 3273 5049 iis
3287 4990 3378 5060 qni
3401 4989 3455 5043 in
3483 5002 3625 5057 prae-

2058 5091 2198 5147 scntl
2226 5100 2575 5156 accusantur,
2604 5090 2789 5145 cadem
2816 5089 2869 5143 in
2900 5088 3237 5145 absurditate
3263 5079 3626 5153 permanenti-

2064 5182 2185 5249 bus,
2204 5196 2545 5253 consequens
2566 5190 2705 5245 erat,
2743 5192 2800 5235 ut
2831 5181 2910 5238 ira
2936 5192 3153 5252 quoqne
3187 5183 3552 5248 permaneret.

3407 5333 3456 5370 δ·

2130 5453 2295 5510 Vens.
2319 5452 2436 5512 543.
2466 5474 2485 5509 ι
2521 5455 2612 5511 Vae
2634 5455 2899 5528 Assyriis,
2936 5451 3100 5523 virgae
3148 5447 3351 5507 furoris
3382 5446 3487 5502 mei
3520 5464 3536 5504 ι
3567 5456 3622 5505 et

2061 5549 2146 5606 ira
2178 5559 2265 5604 est
2298 5550 2351 5604 in
2384 5549 2630 5606 manibus
2661 5562 2870 5604 eorum.
2903 5544 3041 5598 lram
3097 5554 3269 5597 meam
3303 5539 3358 5594 in
3404 5547 3622 5609 gentem

2065 5639 2305 5714 iniquam
2330 5638 2561 5705 mittam,
2587 5645 2640 5695 ct
2666 5635 2860 5706 populo
2895 5647 3015 5691 mco
3042 5631 3350 5701 praecipiam
3378 5637 3437 5684 ut
3457 5625 3622 5688 faciat
