3692 6134
387 355 491 413 ³⁰7

1083 345 1353 406 Eusssmt
1391 346 1866 406 CAESARIENSIS
1902 345 2053 405 01³9.
2095 342 2276 401 PARS
2313 339 2906 403 1¹1.-·-8xssc1·3'rtca‚

3516 345 3621 403 508

385 471 672 545 principie,
704 485 826 526 cum
852 468 1083 526 nondum
1112 469 1242 540 ipsis
1269 470 1408 525 Deus
1438 470 1805 525 dominaretur
1828 509 1845 535 ,
1879 478 1939 524 ut
1964 476 2011 533 A
2043 487 2063 520 ι
2106 465 2436 539 Ἐγενόμεθα
2457 467 2535 529 ὡς
2557 463 2620 517 τὸ
2641 462 2735 516 ἀπ’
2762 460 2958 530 ἀρχῆς,
2990 474 3078 511 ,τε
3100 475 3203 512 ουκ
3225 453 3401 531 ἦρξας
3435 462 3621 533 ἡμῶν,

387 565 568 622 dicere
600 562 815 618 valeant
848 579 863 617 ε
895 579 914 612 ι
948 560 1098 616 Facti
1140 576 1324 617 sumus
1347 560 1491 615 velut
1521 560 1590 615 ab
1629 561 1782 615 initio
1814 574 1940 615 cum

386 671 492 712 non
522 653 877 711 dominareris
919 652 1125 717 nostri,
1155 666 1324 722 neque
1369 652 1707 708 invocaretur
1749 664 1942 706 nomen

383 755 537 804 tuum
565 759 731 816 super
757 757 876 799 nos.
910 760 935 796 ι

942 831 1167 889 CAPUT
1205 830 1386 887 thV.

454 925 616 981 Vns.
648 924 700 979 l.
736 940 759 976 c
799 923 856 979 Si
897 922 1110 993 aperias
1142 921 1340 976 coelum
1363 959 1380 986 ‚
1415 928 1620 975 tremor
1645 921 1947 991 apprehen·

383 1013 476 1069 det
504 1029 534 1068 a
570 1021 626 1070 te
673 1022 919 1078 montes,
951 1022 1005 1067 et
1035 1011 1352 1081 liquescent.
1394 1028 1421 1062 ι
1468 1010 1736 1067 Caeterum
1780 1010 1947 1081 probe

382 1106 634 1160 novimus
665 1113 717 1159 et
741 1116 1057 1174 persuasum
1089 1100 1381 1165 habemus,
1408 1100 1453 1157 si
1483 1099 1716 1156 volueris
1740 1101 1944 1158 coelum

383 1194 637 1262 aperire,
677 1201 860 1262 utpote
920 1191 1062 1247 Deus
1111 1190 1484 1260 omnipotens.
1532 1198 1823 1246 tremorem
1869 1189 1946 1246 tui

383 1293 600 1340 montes
650 1283 1113 1354 apprehensurum
1143 1295 1298 1346 esse,
1326 1278 1578 1335 videlieet
1608 1280 1948 1336 adversarias

382 1382 701 1446 potestates,
751 1390 869 1442 quae
904 1381 1094 1430 contra
1133 1371 1499 1443 cognitionem
1537 1370 1613 1425 tui
1643 1370 1946 1440 eriguntur.

457 1467 614 1521 Vnus.
650 1464 707 1530 2,
738 1465 793 1521 3.
825 1483 845 1518 ι
884 1463 1037 1519 Sicut
1058 1477 1183 1519 cera
1228 1476 1259 1516 a
1304 1459 1446 1517 facie
1490 1459 1635 1530 iguis
1671 1459 1949 1531 liquescit,

384 1568 440 1615 et
464 1558 745 1614 comburet
778 1555 919 1627 ignis
948 1562 1068 1611 tuos
1093 1551 1455 1618 adversarios,
1508 1559 1565 1608 et
1604 1551 1950 1607 manifestum

386 1649 492 1710 erit
521 1661 716 1702 nomen
764 1654 917 1702 tuum
961 1643 1337 1700 adversariis:
1370 1656 1403 1699 a
1444 1640 1585 1697 l'aeie
1630 1650 1720 1697 tua
1766 1650 1953 1714 gentes

389 1737 764 1794 turbabuntur.
792 1753 812 1789 ι
835 1736 979 1792 Sane
1004 1753 1026 1788 ‹
1052 1736 1218 1792 Deu-
1234 1745 1393 1791 nemo
1412 1730 1546 1786 vidit
1565 1746 1800 1801 unquam
1816 1733 1901 1801 ¹⁸3
1923 1751 1944 1786 ι

2045 560 2166 614 οὐδὲ
2189 556 2389 631 ἐκλήθη
2418 555 2481 611 τὸ
2502 553 2673 627 ᾶνομά
2702 568 2795 606 σου
2817 550 2902 621 ἐφ’
2927 549 3095 621 ἡμᾶς.
3133 568 3152 602 ι

2553 816 2947 874 ΚΕΦΑΑΑῙΟΝ
2986 813 3103 869 ΞΔ’.

2126 933 2146 969 t
2197 914 2321 970 Ἐὰν
2339 912 2557 984 ἀνοίξῃς
2584 911 2676 964 τὸν
2712 907 2968 981 οὐρανὸν,
3010 907 3215 979 τρόμος
3232 907 3469 980 λήψεται
3516 909 3625 963 άπὸ

2050 1005 2146 1062 σοῦ
2178 1006 2302 1079 ὅρη,
2331 1005 2425 1059 καὶ
2466 1002 2822 1074 τακήσονται.·
2856 1017 2877 1051 ι
2924 998 3074 1070 Πλὴν
3114 998 3231 1053 ἀλλ’
3265 998 3424 1070 ίσμεν
3465 1000 3624 1070 ἀκρι-

2050 1096 2161 1161 effi<
2198 1097 2290 1150 καὶ
2328 1089 2689 1164 πεπείσμεθα,
2725 1090 2828 1156 ὅτι,
2868 1087 2964 1143 ἐὰν
3005 1087 3239 1162 θελήσῃς
3289 1089 3498 1156 ἀνοῖξαι
3530 1091 3623 1143 τὸν

2048 1186 2277 1260 οὐρανὸν
2298 1185 2431 1250 Θεὸς
2457 1184 2532 1238 ὢν
2575 1182 2668 1237 καὶ
2707 1182 2884 1235 πάντα
2929 1180 3259 1254 δυνάμενος,
3294 1183 3495 1253 τρόμος
3527 1182 3623 1251 λή-

2048 1278 2210 1349 ψεται
2234 1276 2342 1332 άπὸ
2365 1276 2459 1330 σοῦ
2485 1274 2607 1347 ὅρη,
2629 1273 2726 1337 τὰς
2742 1272 3124 1344 ἀντικειμένας
3143 1272 3334 1344 δηλαδὴ
3357 1272 3619 1344 δυνάμεις

2050 1369 2151 1434 τάς
2182 1355 2545 1442 ἐπαιρομένας
2574 1365 2715 1421 κατὰ
2744 1365 2845 1436 τῆς
2876 1362 3136 1433 γνώσεώς·
3156 1381 3267 1418 σου.

2129 1477 2149 1512 ι
2207 1457 2297 1522 Ὧς
2326 1456 2495 1530 κηρὸς
2530 1455 2637 1510 άπὸ
2682 1452 2973 1526 προσώπω
3015 1455 3179 1527 πυρὸς
3221 1454 3467 1526 τήκεται,
3512 1455 3610 1509 καὶ

2055 1548 2385 1604 κατακαύσει
2413 1546 2526 1621 πῦρ
2543 1548 2669 1611 τοὺς
2694 1544 3056 1612 ὑπεναντίους,
3080 1544 3176 1600 καὶΙ
3199 1546 3428 1618 φανερὸν
3451 1546 3613 1600 ἔσται

2051 1642 2115 1696 τὸ
2141 1640 2313 1713 ὄνομά
2343 1657 2438 1695 σου
2472 1642 2585 1703 τοῖς
2621 1636 2977 1703 ὑπεναντίοις.
3020 1636 3149 1692 Ἀπὸ
3189 1637 3481 1709 προσώπου
3518 1655 3616 1690 σου

2056 1729 2183 1803 ἔθνη
2201 1729 2654 1805 ταραχθὴσονται.
2688 1748 2707 1781 ι
2728 1730 2841 1785 Καὶ
2872 1729 2977 1801 μὴν
3002 1748 3021 1781 e
3045 1728 3175 1783 Θεὸν
3202 1729 3372 1793 οὐδεὶς
3399 1728 3618 1801 ἑώρακε

388 1837 529 1896 οΙ,.ι
558 1827 727 1884 Nemo
754 1828 959 1884 videbit
985 1826 1177 1884 faciem
1204 1838 1401 1891 meam,
1422 1830 1478 1877 et
1512 1823 1654 1877 vivet
1677 1822 1748 1878 ¹⁸.
1787 1841 1808 1875 ι
1845 1822 1955 1878 Sed
1984 1832 2028 1888 Β
2054 1824 2295 1889 πώποτε,
2335 1843 2355 1876 ι
2391 1823 2506 1889 καὶ,
2542 1840 2564 1875 t
2606 1825 2795 1889 Οὐδεὶς
2826 1821 3016 1893 ὄψεταί
3057 1839 3158 1893 μου
3199 1820 3262 1875 τὸ
3302 1821 3625 1894 πρόσωπον,

384 1917 476 1974 his
505 1918 720 1974 videtur
746 1919 909 1973 Deum
934 1917 1300 1981 subindicare,
1327 1914 1418 1984 qui
1448 1913 1501 1969 in
1532 1913 1754 1968 deserto
1779 1912 1951 1986 Moysi

383 2010 609 2067 oracula
644 2009 816 2072 dedit,
840 2016 896 2062 et
924 2008 1014 2078 qui
1041 2007 1111 2062 ab
1149 2005 1296 2061 omni
1339 2004 1536 2074 populo
1557 2004 1709 2062 visus
1742 2014 1825 2061 ext
1857 2020 1955 2075 per

385 2101 613 2172 gloriam
662 2098 916 2155 omuibus
948 2104 1318 2169 apparentem,
1352 2096 1420 2151 de
1461 2110 1571 2165 qua
1602 2097 1804 2153 dictum
1832 2104 1949 2152 est:

390 2209 413 2244 ι
441 2191 513 2249 Et
536 2188 669 2247 vidit
691 2188 873 2246 omnis
903 2187 1135 2261 populus
1161 2186 1389 2259 gloriam
1416 2186 1629 2243 nemini
1659 2189 1728 2243 ²¹.
1762 2206 1784 2241 »

455 2362 619 2422 Vnus.
645 2362 762 2420 6-6.
805 2381 828 2417 ι
856 2362 993 2420 Cum
1029 2362 1226 2421 seceris
1249 2363 1508 2435 gloriosa,
1538 2372 1740 2420 tremor
1764 2362 1840 2419 tui
1867 2363 1953 2418 ln-

384 2455 546 2511 vadet
570 2464 802 2511 montes.
825 2453 869 2509 A
899 2443 1097 2511 siculo
1121 2470 1228 2511 uon
1250 2456 1577 2520 audivimus,
1605 2470 1782 2526 neque
1805 2457 1948 2513 ocu}

386 2545 557 2602 nostri
584 2545 834 2601 viderunt
856 2544 1045 2611 Deum.
1071 2552 1266 2616 proeter
1302 2554 1382 2610 te,
1401 2553 1458 2600 et
1489 2560 1650 2615 opera
1676 2555 1801 2614 tua,
1830 2562 1952 2619 quae

386 2636 558 2692 facies
581 2636 1019 2705 exspectantibus
1045 2634 1493 2692 misericordiam.
1517 2636 1777 2698 Occurrat
1801 2630 1947 2694 enim

386 2728 457 2784 iis
502 2725 595 2798 qui
641 2723 849 2782 faciunt
885 2724 1174 2796 justitiam,
1198 2732 1255 2782 et
1278 2726 1485 2782 viarum
1531 2734 1744 2783 tuarum
1771 2742 1949 2784 recor·

388 2818 684 2874 dabtmtur.
711 2816 854 2874 Ecce
901 2824 955 2873 tu
1001 2816 1172 2874 iratus
1218 2832 1313 2884 es,
1346 2827 1403 2875 et
1444 2833 1546 2876 uos
1584 2818 1947 2890 peccavimus.

387 2907 597 2966 Idcirco
620 2908 955 2976 erravimus.
995 2918 1051 2978 et
1080 2908 1210 2965 l'acti
1260 2923 1446 2966 sumus
1488 2910 1645 2981 quasi
1688 2909 1951 2966 immundi

388 3013 577 3058 omues
603 3015 741 3058 nos:
775 3009 1033 3072 tanquam
1069 3013 1282 3071 pannus
1322 3000 1563 3058 sedentis
1586 3000 1763 3057 omnis
1789 3000 1951 3072 iusti·-

388 3090 467 3146 tia
488 3098 696 3149 nostra.
728 3111 750 3146 »
781 3091 934 3161 Quod
959 3091 1003 3149 si
1033 3107 1139 3162 qua
1169 3092 1308 3161 apud
1337 3107 1437 3148 nos
1481 3091 1707 3163 reperiri
1732 3101 1947 3162 putetur

2052 1916 2149 1972 atat
2173 1915 2394 1990 ζήσεται
2413 1933 2430 1948 ·
2470 1935 2490 1968 ι
2518 1915 2631 1969 ἀλλ’
2667 1914 2808 1969 ἔοικε
2834 1914 2925 1969 τὸν
2950 1913 3083 1968 Θεὸν
3108 1912 3196 1967 διὰ
3224 1913 3428 1967 τούτων
3455 1914 3628 1967 αἰνίτ·

2050 2008 2239 2064 τεσθαι
2258 2007 2350 2062 τὸν
2376 2006 2472 2062 καὶ
2497 2007 2590 2060 ἐπὶ
2609 2007 2708 2079 τῆς
2728 2007 2932 2080 ἐρήμου
2961 2003 3374 2077 χρηματίσαντα
3392 2005 3627 2075 Μωῦσῆ,

2048 2098 2131 2171 τῷ
2163 2115 2224 2153 τε
2262 2098 2424 2153 παντὶ
2459 2096 2571 2167 λαῷ
2609 2095 2906 2169 ἑωραμένῳ
2944 2093 3037 2149 διὰ
3076 2094 3176 2166 τῆς
3218 2093 3632 2165 ἐμφαινομένης

2049 2192 2165 2255 τοῖς
2207 2191 2343 2245 πᾶσι
2367 2188 2525 2261 δόξης
2559 2189 2687 2262 περὶ
2712 2182 2782 2259 ἦς
2808 2187 3051 2260 εἴρηται·
3084 2204 3106 2239 ι
3131 2184 3240 2240 Καὶ
3281 2183 3429 2258 ἐώρα
3463 2188 3574 2249 πᾶς
3600 2188 3629 2239 ὁ

2049 2281 2179 2347 λαὸς
2207 2281 2306 2354 τὴν
2335 2281 2489 2348 δόξαν
2532 2281 2757 2353 Κυρίου.
2791 2298 2810 2332 ι

2127 2392 2147 2427 ι
2182 2374 2349 2428 Ὅταν
2383 2376 2540 2445 ποιῇς
2569 2373 2639 2426 τὰ
2670 2370 2877 2434 ἔνδοξα,
2902 2369 3103 2442 τρόμος
3133 2368 3363 2442 λήψεται
3393 2368 3504 2423 ἀπὸ
3532 2368 3627 2427 σοῦ

2048 2462 2172 2535 ὅρη.
2215 2462 2347 2516 Ἀπὸ
2386 2462 2477 2517 τοῦ
2503 2464 2695 2526 αἰῶνος
2715 2462 2815 2516 οὐκ
2841 2460 3176 2531 ἠκούσαμεν,
3210 2460 3335 2514 οὐδὲ
3358 2458 3629 2532 ὀφθαλμοὶ

2047 2553 2206 2628 ἡμῶν
2226 2550 2364 2609 εἶδον
2389 2554 2519 2608 Θεὸν
2561 2553 2700 2625 πλήν
2727 2571 2841 2621 σου,
2876 2553 2971 2608 καὶ
3003 2551 3073 2606 τὰ
3101 2552 3239 2624 ἔργα
3282 2569 3398 2618 σου,
3433 2551 3470 2607 ά
3507 2569 3632 2606 ποι-

2050 2645 2202 2717 ήσεις
2235 2648 2347 2711 τοῖς
2376 2644 2735 2715 ὑπομένουσιν
2758 2645 2922 2720 ἔλεον.
2949 2644 3346 2716 Συναντήσεται
3375 2643 3487 2716 γάρ
3511 2646 3628 2708 τοῖς

2047 2735 2260 2791 ποιοῦσι
2282 2736 2344 2790 τὸ
2365 2735 2593 2803 δίκαιον,
2626 2736 2720 2790 καὶ
2751 2737 2857 2790 τῶν
2896 2734 3030 2790 ὁδῶν
3075 2752 3170 2790 σου
3203 2733 3623 2808 μνησθήσονται.

2061 2827 2191 2881 Ἰδοὺ
2226 2827 2291 2881 σὺ
2314 2825 2610 2900 ὠργίσθης,
2648 2828 2741 2881 καὶ
2772 2827 2933 2898 ἡμεῖς
2961 2825 3296 2898 ἡμάρτομεν.
3325 2823 3422 2878 Διὰ
3457 2823 3626 2880 τοῦτο

2048 2918 2431 2993 ἐπλανήθημεν
2459 2920 2554 2976 καὶ
2600 2918 2935 2993 ἐγενήθημεν
2974 2919 3050 2984 ὡς
3081 2918 3369 2991 ἀκάθαρτοι
3411 2917 3624 2981 πάντες

2047 3008 2236 3081 ἡμεῖς·
2266 3008 2343 3074 ὡς
2384 3008 2549 3079 ῥάκος
2588 3009 3009 3081 άποκαθημένης
3047 3009 3197 3061 πᾶσα
3234 3009 3268 3078 ἡ
3300 3006 3623 3077 δικαιοσύνη

2047 3095 2225 3171 ἡμῶν.
2277 3115 2298 3150 2
2330 3097 2396 3153 Et
2422 3097 2481 3153 δὲ
2510 3097 2602 3152 καί
2627 3115 2710 3163 τις
2736 3100 2792 3152 ἐν
2832 3099 2963 3168 ἡμῖν
2990 3095 3246 3168 ἐνομίσθη
3269 3091 3621 3167 εὑρίσκεσθαι

384 3179 593 3251 iustitia
627 3184 877 3253 actioque
906 3183 1097 3254 probs,
1130 3196 1195 3239 ea
1241 3184 1490 3241 sordibus
1525 3183 1682 3256 plena
1706 3194 1762 3241 ct
1788 3183 1945 3243 inde·
1971 3176 2016 3236 C
2045 3187 2356 3262 δικαιοσύνη
2388 3189 2483 3244 καὶ
2507 3188 2705 3264 πρᾶξις
2734 3188 2936 3255 δικαία,
2962 3187 3326 3261 ὲρρυπωμένη
3354 3187 3447 3243 καὶ
3476 3187 3621 3259 αὐτὴ

387 3289 513 3332 cora
547 3290 674 3331 esse
700 3275 1140 3347 deprehenditur.

465 3367 625 3423 Vns.
669 3367 822 3423 742.
856 3386 876 3419 o
907 3367 976 3422 Et
1007 3368 1323 3426 defluximus
1361 3367 1515 3439 quasi
1557 3368 1680 3425 folia
1731 3379 1950 3442 propter

388 3460 702 3533 iniquitates
736 3470 984 3516 nostras:
1010 3459 1090 3517 sic
1122 3472 1315 3519 ventus
1350 3460 1558 3518 auferet
1602 3476 1734 3526 nos,
1758 3473 1812 3519 et
1840 3476 1948 3519 non

387 3564 475 3611 est
490 3555 596 3624 .qui
634 3552 848 3611 invocet
890 3566 1085 3608 nomen
1132 3562 1319 3620 tuum,
1365 3568 1468 3609 nec
1497 3553 1589 3624 qui
1639 3554 1948 3611 recordatus

389 3645 758 3716 apprehendat
787 3655 879 3701 tex
914 3643 1169 3716 quoniam
1206 3643 1448 3702 avertisti
1497 3640 1703 3701 lacieni
1743 3654 1890 3701 tuam
1914 3660 1947 3702 a

389 3738 569 3802 nobis,
599 3747 656 3790 et
696 3736 963 3793 tradidisti
991 3753 1089 3794 nos
1117 3747 1342 3809 propter
1371 3736 1683 3810 iniquitates
1708 3746 1944 3796 nostras.

387 3825 639 3890 Eumne,
670 3826 913 3894 Domine.
945 3828 1106 3885 Pater
1143 3840 1329 3885 noster
1360 3838 1441 3895 tu,
1466 3845 1567 3888 nos
1587 3846 1717 3888 vero
1749 3831 1944 3897 lutum,

388 3934 524 3989 opus
568 3932 821 3973 inanuum
855 3927 1067 3976 tuarum
1114 3935 1325 3987 onmes,
1372 3936 1441 3976 ne
1488 3922 1742 3977 irascaris
1790 3921 1946 3978 nobis

388 4010 569 4074 valde,
618 4023 791 4080 neque
844 4010 897 4064 in
947 4020 1190 4081 tempore
1246 4012 1556 4068 memineris
1590 4012 1938 4082 iniquitatum

392 4109 720 4155 nostrarum.
751 4100 817 4155 Et
850 4115 995 4157 nunc
1024 4102 1257 4162 intuere.
1294 4102 1537 4170 Domine,
1566 4103 1819 4170 quoniam
1845 4118 1947 4174 po-

391 4190 549 4261 pulus
575 4201 697 4246 tuus
737 4205 925 4247 omnes
956 4207 1074 4248 nos.
1105 4192 1308 4247 Civitas
1350 4193 1523 4248 sancti
1560 4192 1633 4247 tui
1679 4191 1819 4249 l'acta
1863 4201 1947 4251 est

392 4281 601 4338 deserta
629 4281 758 4337 Sion
793 4300 808 4337 ε
846 4291 904 4337 ut
935 4283 1208 4338 desertum
1233 4283 1373 4338 lacta
1401 4292 1487 4339 est
1508 4282 1832 4347 Jerusalem,
1889 4284 1943 4338 in

390 4374 826 4429 maledictionem
862 4376 1074 4438 domus,
1108 4382 1352 4427 sanctum
1384 4383 1653 4438 nostrum,
1693 4381 1747 4427 et
1773 4371 1942 4442 gloria

389 4464 477 4518 cui
502 4464 895 4519 benedixerunt
924 4474 1104 4535 patres
1131 4463 1324 4528 nostri,
1348 4464 1473 4532 igne
1496 4461 1796 4529 combusta,
1825 4478 1944 4519 om-

388 4553 589 4623 niaque
619 4554 848 4624 gloriosa
873 4563 1058 4610 nostra
1087 4554 1459 4610 conciderunt.
1486 4555 1664 4625 Atque
1686 4554 1741 4609 in
1771 4554 1943 4610 omni·

390 4643 492 4700 lma
527 4644 646 4701 istis
673 4645 1000 4714 sustinuisti,
1036 4644 1282 4712 Domine,
1310 4654 1368 4701 et
1416 4645 1651 4712 tacuisti,
1679 4654 1736 4703 et
1764 4644 1947 4701 humi-

392 4732 539 4789 liasti
570 4750 669 4791 nos
698 4735 874 4790 valde.
907 4752 929 4788 t

946 4823 1174 4882 CAPUT
1205 4824 1372 4882 LXV.

461 4911 623 4971 Vsus.
663 4916 774 4971 1-3.
813 4932 833 4968 c
863 4917 1099 4989 Apparui
1129 4932 1234 4975 uon
1265 4917 1580 4990 rogantibus
1600 4932 1684 4973 me
1710 4933 1726 4972 ι
1753 4917 1943 4976 lnven-

389 5010 479 5062 tus
500 5019 619 5060 sum
646 5006 715 5061 ab
739 5006 805 5063 iis
832 5008 925 5078 qui
969 5022 1056 5063 me
1103 5024 1209 5065 uon
1240 5008 1574 5080 quaerebant.
1610 5006 1728 5063 Dixi
1760 5024 1776 5062 ι
1804 5009 1943 5066 Ecce

389 5098 602 5161 adsum,
634 5099 778 5167 genti
827 5113 950 5168 quae
1002 5114 1108 5156 non
1166 5099 1443 5154 invocavit
1488 5113 1684 5156 nomen
1738 5113 1938 5156 meum.

390 5184 633 5253 Expandi
665 5201 856 5241 manus
894 5201 1044 5242 meas
1068 5195 1179 5244 tota
1211 5187 1299 5243 die
1320 5188 1388 5243 ad
1414 5187 1667 5258 populum
1695 5200 1800 5243 non
1837 5186 1941 5243 ob·

390 5281 801 5344 temperantem,
828 5283 878 5331 et
924 5276 1410 5343 contradicentem,
1446 5276 1548 5343 iis,
1581 5275 1673 5347 qui
1700 5275 1944 5333 ambula·

390 5365 523 5420 bant
546 5363 599 5419 in
623 5364 707 5420 via
740 5380 843 5421 non
870 5368 1030 5434 bona,
1060 5368 1153 5423 sed
1176 5377 1298 5437 post
1316 5377 1536 5438 peccata
1561 5382 1679 5423 sua.
1709 5366 1944 5439 Populus

392 5451 502 5517 hic,
525 5452 619 5523 qui
643 5455 933 5511 exacerbat
965 5470 1074 5523 me,
1119 5455 1175 5511 in
1203 5465 1497 5527 conspectu
1529 5470 1651 5513 meo
1678 5471 1893 5527 semper
1922 5473 1938 5512 ι

393 5540 493 5612 ipsi
525 5541 804 5601 immolant
830 5544 887 5602 in
923 5545 1120 5612 bortis.
1147 5554 1205 5604 et
1230 5544 1447 5603 adolent
1477 5546 1753 5604 incensum
1778 5562 1946 5620 super

471 5720 517 5753 ¹⁸
538 5718 692 5779 Joatt.
724 5738 764 5791 t,
799 5722 888 5782 18.

2046 3280 2354 3353 καὶάτιμος
2380 3282 2721 3353 ἐλήλεγκται.

2120 3388 2142 3423 ι
2170 3372 2284 3427 Kat
2303 3370 2533 3444 ἐξερρύη
2542 3389 2640 3443 μεν
2660 3371 2736 3436 ὡς
2762 3371 2932 3442 φύλλα
2955 3369 3044 3425 διά
3062 3370 3164 3436 τάς
3187 3371 3417 3443 ἀνομίας
3431 3371 3626 3443 ,ἡμῶν

2043 3460 2218 3527 οὕτως
2254 3462 2454 3534 άνεμος
2485 3463 2621 3517 οἴσει
2651 3463 2826 3534 ἡμᾶς·
2863 3461 2956 3517 καὶ
2976 3451 3252 3516 οὐκέστιν
3277 3464 3308 3515 ό
3333 3461 3624 3517 ἐπικαλού-

2047 3569 2209 3625 μενος
2235 3552 2300 3607 τὸ
2318 3552 2489 3625 ὄνομά
2508 3569 2622 3619 σου,
2643 3554 2739 3609 καὶ
2759 3555 2789 3608 ό
2814 3553 3070 3625 μνησθεὶς
3091 3555 3474 3610 άντιλαόέσθαι
3500 3572 3618 3609 σου·

2042 3645 2125 3701 ὅτι
2154 3644 2499 3717 άπέστρεψας
2518 3645 2579 3700 τὸ
2604 3646 2887 3718 πρόσωπόν
2911 3662 3004 3700 σου
3028 3645 3122 3717 ἀφ’
3144 3644 3324 3718 ἡμῶν,
3362 3647 3455 3701 καὶ
3483 3663 3624 3718 παρ-

2042 3735 2251 3803 έδωκας
2295 3736 2441 3808 ἡμᾶς
2486 3735 2574 3790 διά
2626 3736 2726 3800 τάς
2772 3735 3044 3811 ἁμαρτίας
3099 3735 3274 3807 ἡμῶν.
3336 3737 3450 3790 Καὶ
3498 3737 3615 3799 νῦν,

2042 3829 2215 3900 Κύριε
2236 3866 2253 3893 ,
2280 3827 2467 3900 Πατὴρ
2506 3825 2661 3901 ἡμῶν
2698 3828 2786 3893 σὺ,
2816 3831 2981 3900 ἡμεῖς
3009 3827 3066 3883 δέ
3104 3826 3295 3899 πηλὸς,
3337 3827 3478 3901 ἔργα
3506 3827 3616 3881 τῶν

2042 3920 2241 3992 χειριῖιν
2272 3936 2364 3974 σου
2399 3921 2619 3986 πάντες,
2661 3921 2738 3993 μὴ
2768 3921 2986 3994 ὀργίζου
3018 3923 3146 3994 ἡμῖν
3179 3921 3411 3994 σφόδρα,
3449 3921 3523 3992 μὴ
3554 3922 3611 3975 ἐν

2041 4009 2220 4083 καιρῷ
2251 4010 2496 4083 μνησθῇς
2528 4009 2810 4082 ἁμαρτιῶν
2839 4010 3016 4081 ὴμῶν.
3042 4008 3154 4065 Καὶ
3176 4008 3271 4064 νῦν
3302 4009 3616 4079 ἐπίόλεψον,

2041 4100 2124 4155 ὅτι
2144 4100 2273 4165 λαός
2298 4117 2390 4154 σου
2415 4101 2613 4166 πάντες
2646 4101 2827 4173 ἡμεῖς.
2862 4101 3025 4166 Πόλις
3050 4099 3145 4155 τοῦ
3179 4100 3331 4170 άγίου
3364 4116 3456 4154 σου
3492 4101 3614 4169 ἐγε-

2041 4193 2175 4266 νήθη
2202 4194 2405 4267 ἱρημος
2446 4192 2604 4260 Σιὼν,
2645 4194 2720 4259 ὡς
2743 4195 2945 4268 ἔρημος
2970 4194 3200 4266 ἐγενήθη
3239 4194 3624 4268 Ἰερουσαλὴμ,

2040 4286 2121 4350 είς
2159 4284 2400 4357 κατάραν
2426 4285 2456 4338 ὁ
2484 4280 2661 4350 οἶκος,
2708 4287 2769 4341 τὸ
2795 4286 2951 4355 ἅγιον
2985 4285 3164 4356 ἡμῶν,
3198 4286 3292 4339 καὶ
3322 4288 3357 4357 ἡ
3385 4285 3512 4351 δόξα
3545 4288 3611 4357 ἠν

2039 4374 2350 4448 ηὑλόγησαν
2389 4377 2440 4431 ol
2482 4376 2714 4448 πατέρες
2756 4377 2935 4449 ἡμῶν,
2962 4376 3191 4451 ἐγενήθη
3223 4377 3613 4449 πυρίκαυστος,

2043 4464 2139 4519 καὶ
2188 4464 2369 4520 πάντα
2402 4465 2587 4531 ἔνδοξα
2625 4467 2780 4537 ἠμῖιν
2842 4466 3122 4521 συνέπεσε.
3178 4469 3289 4522 Καὶ
3332 4468 3426 4521 ἐπὶ
3475 4469 3613 4521 πᾶσι

2041 4554 2252 4620 τούτοις
2288 4555 2540 4627 άνέσχου,
2589 4556 2780 4630 Κύριε,
2829 4560 2924 4613 καὶ
2951 4558 3284 4630 ἐσιώπησας,
3337 4559 3436 4614 καὶ
3484 4560 3632 4614 ἐταο-

2045 4644 2315 4710 mmm<
2352 4644 2501 4717 ἡμᾶς
2528 4643 2752 4717 σφόδρα.
2787 4662 2807 4698 ι

2534 4820 2929 4876 ΚΕΦΑΛΑΙΟΝ
2975 4821 3093 4877 ΞΕ’.

2121 4926 2143 4960 ι
2194 4907 2472 4982 Ἐμφανὴς
2501 4910 2765 4985 ἐγενήθην
2791 4915 2904 4977 τοῖς
2925 4914 3024 4983 ἐμὲ
3053 4912 3127 4985 μὴ
3155 4911 3492 4984 ἐπερωτῶσι,
3515 4915 3610 4969 εύ-

2049 4996 2212 5071 ρέθην
2253 5002 2367 5065 τοῖς
2404 5001 2505 5072 ἐμὲ
2541 5000 2617 5074 μὴ
2654 5001 2925 5074 ζητοῦσιν.
2969 4999 3144 5058 Εἶπα·
3202 5003 3332 5058 Ἰδού
3380 5007 3497 5076 είμι
3528 5007 3607 5077 τῷ

2047 5086 2210 5156 ἔθνει,
2238 5089 2289 5144 οῖ
2311 5089 2412 5146 οὐκ
2442 5091 2705 5148 ἐκάλεσαν
2732 5109 2833 5165 μου
2854 5093 2914 5148 τὸ
2935 5092 3124 5166 ὄνομα.
3150 5093 3484 5160 Ἐξεπέτασα
3507 5096 3612 5161 τὰς

2046 5180 2235 5253 χεῖράς
2266 5198 2368 5253 μου
2402 5181 2532 5254 ὃλην
2557 5184 2658 5256 τὴν
2688 5184 2898 5257 ἡμέραν
2937 5185 3076 5258 πρὸς
3102 5185 3226 5241 λαὸν
3254 5187 3604 5249 ἀπειθοῦντα,

2043 5273 2139 5328 καὶ
2181 5273 2551 5344 ἀντιλέγοντα,
2591 5275 2719 5340 τοὺς
2751 5276 3147 5349 πορευομένους
3189 5277 3293 5348 ὀδῷ
3337 5278 3400 5332 οὐ
3441 5279 3607 5350 καλῇ,

2041 5362 2158 5418 ἀλλ’
2182 5364 2357 5419 ὀπίσω
2399 5364 2507 5419 τῶν
2553 5365 2834 5438 ἁμαρτιῶν
2883 5367 3079 5422 αὐτῶν.
3118 5367 3176 5421 Ὀ
3214 5366 3341 5432 λαὸς
3381 5363 3534 5431 οὗτος
3575 5372 3607 5423 ό

2044 5455 2359 5530 παροξύνων
2396 5475 2464 5531 με
2492 5458 2733 5514 ἐναντίον
2759 5458 2893 5531 ἐμοῦ
2924 5458 3012 5513 διὰ
3034 5460 3232 5524 παντός
3254 5477 3270 5493 ·
3314 5460 3469 5516 αὐτοὶ
3513 5459 3606 5514 θυ-

2046 5545 2319 5614 σιάζουσιν
2366 5546 2426 5605 ἐν
2457 5550 2570 5613 τοῖς
2610 5547 2805 5621 κήποις
2824 5588 2839 5615 ,
2885 5548 2980 5605 καὶ
3027 5546 3291 5620 θυμιῶσιν
3342 5548 3435 5603 ἐπὶ
3484 5552 3619 5613 ταῖς.

998 5723 1044 5756 ²⁰
1071 5723 1242 5782 Exod.
1274 5740 1468 5795 xxxm,
1502 5722 1593 5783 20.
1669 5725 1711 5758 ¹⁷
1742 5722 1902 5784 Num.
1929 5740 2037 5793 xvt.
2075 5725 2160 5785 19.
