3692 6134
265 320 365 382 103

925 312 1198 375 Eusmu
1226 313 1710 374 CAES‘AtttENsls
1748 313 1902 375 orb.
1943 312 2126 371 PARS
2174 312 2264 369 ΙΙΙ.
2298 339 2369 354 —·
2396 309 2807 371 ememtes.

3407 315 3526 375 5⁰8

265 444 561 503 concedere
590 441 939 505 videbantur,
973 437 1097 508 iure
1125 435 1370 493 devictos
1399 435 1520 491 illos
1562 450 1629 492 ac
1667 433 1814 505 deje·
1848 439 1896 496 Δ
1922 428 2182 488 εἶναικαὶ
2218 430 2384 504 μηδὲν
2419 427 2877 503 παραχωροῦντες
2905 427 3004 496 τῆς
3040 426 3217 501 νίκης,
3258 430 3529 499 εἰκότως,Ᾱ

264 546 382 595 ctos
412 533 782 597 subindicans,
816 528 895 584 ait
924 528 978 583 in
1004 536 1208 584 terram
1240 526 1508 597 deiectam
1541 524 1712 582 luisse
1745 525 1825 582 vi-

262 627 488 685 ctoriam
516 637 727 679 eorum.
764 638 792 672 r
810 619 878 675 Et
912 617 1155 690 confregi
1184 631 1281 674 eos
1305 618 1358 673 in
1386 626 1620 683 terram‚.
1640 624 1696 673 et
1726 615 1824 673 de-

262 719 391 775 duxi
422 715 740 788 sanguinem
773 726 961 770 eorum
992 710 1045 765 in
1074 718 1297 768 terram.
1325 727 1349 762 ι

333 894 500 953 Vsus.
536 893 594 949 4.
633 890 802 948 rDies
832 889 975 948 enim
1015 887 1390 945 retributionis
1441 887 1593 942 venit
1642 884 1740 950 eis,
1773 893 1835 941 et

262 1002 440 1043 annus
473 982 861 1055 redemptionis
901 981 1074 1037 adest.
1109 998 1130 1033 ι
1169 979 1446 1048 Siquidem
1475 993 1582 1034 uno
1618 976 1832 1034 eodem-

263 1088 370 1145 que
416 1084 658 1144 tempore
714 1085 842 1127 suos
885 1068 1151 1135 redimet;
1179 1067 1303 1123 allis
1354 1080 1487 1124 vero
1542 1066 1828 1130 retribuet,

263 1171 427 1234 prout
465 1163 605 1235 apud
647 1160 873 1233 Moysen
924 1158 1189 1230 scriptum
1240 1165 1368 1214 est:
1406 1157 1520 1212 cEt
1569 1156 1835 1213 retribuet

262 1259 555 1315 vindictam
605 1255 863 1324 inimicis,
919 1264 975 1313 et
1012 1255 1325 1312 odientibus
1377 1268 1440 1311 se
1469 1252 1775 1310 retribuet:
1806 1271 1835 1306 ι

264 1348 715 1423 quemadmodum
748 1347 855 1416 iis,
878 1346 969 1420 qui
1003 1346 1265 1418 pictatem
1290 1344 1595 1412 coluerunt,
1628 1342 1831 1402 Serva-

263 1451 356 1498 tor
383 1457 508 1498 cum
554 1439 806 1496 mercede
855 1453 953 1495 sua
983 1437 1205 1497 venisse
1253 1436 1570 1504 dicitur,-ut
1610 1435 1835 1509 praemia

265 1533 549 1600 tribueret.
574 1540 631 1589 et
653 1528 841 1589 bravia
868 1543 1116 1601 superna
1143 1526 1442 1587 vocationis
1484 1525 1557 1598 lis
1600 1528 1691 1599 qui
1736 1542 1837 1599 pro

265 1625 465 1698 pietate
517 1621 889 1692 certaverint;
920 1622 997 1679 ita
1046 1629 1103 1678 et
1156 1619 1338 1694 impiis
1402 1625 1463 1678 et
1498 1619 1837 1677 contrariam

263 1719 412 1775 viam
458 1715 697 1774 emensis
736 1714 853 1788 ipse
882 1715 1045 1772 timor
1099 1711 1333 1780 accedit,
1364 1719 1424 1770 et
1448 1717 1675 1766 ventura
1702 1708 1836 1766 ultio

1924 525 2026 598 τὴν
2061 520 2232 600 ἧτταν
2264 523 2359 578 καὶ
2383 521 2483 594 τὴν
2513 522 2841 577 ταπείνωσιν
2874 518 3057 574 αὐτῶν
3084 522 3514 595 αἰνιτττόμενος,

1928 617 2127 688 φάσκει
2157 617 2238 681 είς
2262 614 2368 685 γῆν
2391 612 2810 685 κατενηνοχέναι
2844 610 2905 663 τὸ
2933 613 3082 675 νῖκος
3110 613 3314 668 αὐτῶν.
3348 635 3367 668 t
3402 619 3518 672 Καὶ

1928 707 2283 779 κατεπάτησα
2308 704 2506 769 αὐτοὺς
2535 704 2611 768 ὡς
2636 704 2762 774 γῆν,
2795 703 2892 757 καὶ
2923 704 3241 776 κατήγαγον
3269 708 3331 761 τὸ
3370 704 3514 782 αἷμα

1929 798 2108 856 αὐτῶν
2145 800 2226 864 είς
2256 795 2381 870 γῆν.
2425 816 2449 851 r

2004 909 2026 943 ι
2077 889 2290 963 Ἡμέρα
2318 888 2429 962 γὰρ
2473 886 2885 951 ἀνταποδόσεως
2921 888 3162 961 ἐπῆλθεν
3199 890 3388 959 αὐτοῖς
3424 896 3518 950 καίΙ

1930 983 2177 1050 ἐνιαυτδς
2208 982 2529 1056 λυτρώσεως
2561 981 2815 1052 πάρεστι.
2855 1001 2874 1035 ι
2919 981 3010 1036 Ἐν
3039 983 3225 1056 ταυτῷ
3253 986 3367 1060 γὰρ
3389 990 3516 1053 τοὺς

1935 1076 2294 1150 μὲν-οἰκείους
2338 1074 2693 1148 λυτρώσεται,
2729 1076 2841 1139 τοῖς
2871 1073 2928 1127 δέ
2951 1074 3345 1144 ἀνταποδώσει,
3374 1078 3516 1133 κατὰ

1930 1167 1995 1222 τὸ
2019 1166 2308 1247 εἰρημένον
2331 1165 2483 1240 παρὰ
2512 1166 2739 1237 Μωῦσῆ·
2772 1184 2790 1217 t
2812 1166 2923 1219 Καὶ
2963 1166 3332 1222 ἀνταποδώσει
3357 1169 3516 1242 δίκην

1932 1262 2048 1326 τοῖς
2103 1259 2349 1334 ἐχθροῖς,
2404 1260 2499 1315 καὶ
2544 1261 2660 1323 τοῖς
2717 1255 2967 1330 μισοῦσιν
3037 1259 3424 1316 ἀνταποδώσει.
3481 1280 3503 1316 ι

1939 1355 2150 1427 Ὠσπερ
2188 1358 2300 1420 τοῖς
2334 1352 2713 1427 κατορθώσασι
2757 1352 2859 1425 τὴν
2904 1352 3210 1409 θεοσέδειαν
3248 1356 3278 1407 ὁ
3312 1354 3506 1428 Σωτήρ

1936 1446 2153 1516 ἐλέγετο
2189 1443 2523 1517 ἐληλυθέναι,
2557 1443 2695 1516 ἔχων
2722 1443 2813 1499 τὸν
2843 1442 3037 1498 ἑαυτοῦ
3068 1444 3270 1515 μισθὸν,
3307 1445 3384 1509 ὡς
3433 1446 3512 1501 ἂν

1938 1536 2038 1602 τάς
2061 1536 2294 1609 ἀμοιὸἀς
2318 1536 2502 1608 ἀποδῷ
2529 1538 2626 1591 καὶ
2646 1535 2718 1589 τά
2744 1535 2977 1608 βραδεῖα
3008 1537 3101 1607 τῆς
3123 1535 3233 1591 ἀνω
3256 1535 3508 1609 κλήσεως

1937 1630 2052 1694 τοῖς
2091 1629 2233 1702 ὑπὲρ
2266 1628 2548 1693 εύσεόείας
2581 1627 3006 1699 ἠγωνισμένοις·
3040 1626 3180 1681 οὕτω
3215 1630 3330 1693 τοὶς
3378 1629 3514 1683 ἀσε-

1941 1721 2063 1775 6έσι
2090 1720 2185 1775 καὶ
2213 1721 2314 1793 τὴν
2341 1719 2587 1775 ἐναντίαν
2607 1718 2724 1775 ὁδὸν
2749 1718 3133 1791 πορευομένοις
3152 1721 3183 1773 ὁ
3211 1718 3373 1783 αύτός
3400 1721 3520 1799 ἐστι

263 1807 597 1881 praedicilur.
652 1805 771 1862 ent
817 1804 1088 1862 retribuet
1144 1801 1437 1860 vindiciam
1495 1799 1752 1866 inimici&
1783 1812 1841 1858 el.
1870 1813 1914 1869 B
1941 1809 2106 1881 φόὸος
2144 1810 2242 1865 καὶ
2276 1809 2339 1864 τὸ
2373 1810 2747 1882 τιμωρητικὸν
2781 1808 2931 1880 ἥξειν
2963 1806 3298 1874 θεσπίζεται.
3349 1829 3368 1862 t
3406 1810 3526 1863 Καὶ

263 1901 578 1960 odientibus
602 1915 662 1958 se
689 1898 979 1957 retribuet-

335 2080 504 2138 Vcns.
529 2077 587 2146 5,
616 2075 673 2133 θ.
703 2073 817 2132 cEt
860 2073 1073 2148 aspexi,
1101 2080 1165 2132 et
1206 2087 1314 2130 non
1342 2080 1464 2148 erat
1499 2073 1833 2131 auxiliator:

263 2179 321 2229 et
365 2166 729 2236 consideravi,
787 2175 846 2225 et
900 2163 1079 2223 nunus
1127 2174 1269 2232 erat,
1295 2164 1393 2236 qui
1438 2165 1744 2236 adjuvaret.
1768 2165 1838 2221 Et

262 2259 408 2321 eruit
442 2273 539 2318 eos
571 2259 859 2318 brachium
893 2271 1096 2326 meum,
1148 2266 1204 2314 et
1249 2255 1405 2314 furor
1451 2272 1605 2314 meus
1637 2258 1833 2314 adluit.

263 2353 335 2411 Et
361 2350 676 2426 conculcavi
697 2366 795 2409 eos
831 2351 886 2407 in
918 2351 1000 2408 ira
1022 2365 1166 2421 mea,
1197 2364 1254 2407 et
1291 2349 1490 2407 deduxi
1514 2355 1837 2421 sanguinem

266 2459 458 2504 eorum
486 2444 544 2501 in
573 2451 796 2500 terram.
828 2460 857 2496 r
887 2440 999 2499 Cur
1023 2444 1142 2500 baec
1166 2442 1424 2502 dicantur
1448 2442 1833 2517 intelligemus,

265 2538 313 2596 si
338 2536 759 2610 perpendamus,
798 2534 1081 2606 quomodo·
1108 2534 1226 2608 ipse
1265 2534 1417 2591 solus
1445 2549 1567 2592 sese
1604 2550 1838 2593 evacua-

263 2631 429 2698 verit,
475 2628 653 2686 forma
695 2625 839 2688 servi
884 2635 1128 2698 accepta.
1190 2639 1254 2684 ac
1301 2642 1425 2686 sese
1469 2626 1840 2688 humiliaverit

264 2721 451 2780 factus
490 2719 756 2777 obediens
793 2731 971 2790 usque
1006 2717 1076 2774 ad
1113 2726 1379 2786 mortem..
1398 2726 1630 2776 mortem
1655 2728 1837 2776 autem

269 2811 470 2871 crucis.
518 2809 655 2868 Nam
707 2824 828 2882 quae
858 2808 1039 2867 nullus
1092 2825 1331 2882 unquam
1382 2810 1689 2878 bominum,
1734 2825 1838 2867 nee

271 2904 612 2978 angelorum,
644 2918 747 2960 nec
778 2904 1084 2961 divinarum
1124 2906 1386 2962 virtutum
1409 2904 1688 2971 sustinuit,
1724 2903 1848 2976 ipse·

267 2998 427 3057 solus
455 3011 555 3070 pro
605 2996 786 3054 salute
807 3005 992 3054 nostra
1014 2996 1239 3054 exbibet
1267 3014 1284 3055 ι
1318 3012 1384 3055 ac
1414 2997 1517 3070 ipsi
1540 2996 1643 3056 soli
1672 2994 1837 3054 Pater

266 3107 467 3151 nomen
491 3091 663 3159 dedit,
688 3091 834 3164 qnod
863 3100 949 3151 est
991 3106 1160 3164 super
1189 3107 1352 3150 omne
1379 3106 1598 3156 nomen.
1630 3106 1697 3149 ac
1719 3107 1838 3149 om-

1941 1898 2310 1954 ἀνταπσδώσει
2352 1900 2506 1973 δίκην
2542 1901 2656 1966 τοῖς
2702 1899 2934 1971 ἐχθρθῖς,
2980 1899 3076 1954 καὶ
3115 1901 3229 1964 τοῖς
3272 1898 3521 1971 μισοῦσιν

1942 1990 2331 2048 ἀνταποδώσει.
2370 2010 2389 2044 ι

2018 2100 2038 2136 ι
2079 2082 2191 2139 Καὶ
2238 2082 2533 2154 sustenta,
2571 2084 2666 2137 καὶ
2706 2083 2808 2137 οὐκ
2847 2078 2916 2153 ἦν
2963 2081 3182 2155 βοηθός·
3221 2084 3317 2139 καὶ
3353 2101 3532 2155 προσ-·

1943 2167 2161 2241 ενόησα,
2187 2168 2284 2224 καὶ
2309 2169 2484 2235 οὐδεὶς
2497 2170 2949 2244 ἀντελαμδάνετο.
2985 2173 3098 2227 Καὶ
3123 2172 3391 2245 ἐρρύσατο
3422 2174 3526 2227 αύ-

1943 2260 2069 2327 τοὺς
2096 2262 2127 2315 ό
2157 2260 2399 2334 βραχίων
2436 2279 2560 2334 μου,
2598 2264 2692 2318 καὶ
2734 2265 2764 2318 ὁ
2797 2264 2967 2336 θυμός
2998 2280 3099 2335 μου
3140 2264 3369 2338 ἐπέστη.
3413 2266 3532 2319 Καὶ

1944 2349 2301 2423 κατεπάτησα
2332 2351 2530 2417 αὐτοὺς
2552 2355 2620 2425 τῇ
2652 2352 2789 2425 ὀργῇ
2827 2370 2951 2423 μου,
2987 2353 3082 2407 καὶ
3114 2355 3432 2427 κατήγαγον
3463 2355 3534 2409 τὸ

1943 2438 2085 2513 αἷμα
2107 2442 2286 2498 αὐτῶν
2313 2445 2394 2510 είς
2428 2448 2551 2518 γῆν.
2594 2463 2616 2499 ι
2651 2445 2935 2517 Νοήσομεν
2960 2443 3017 2498 δέ
3061 2444 3180 2511 πῶς
3209 2448 3240 2501 ὁ
3262 2446 3419 2517 λόγος
3445 2445 3540 2501 εἴ·

1945 2549 2128 2605 ρηται,
2161 2536 2555 2607 ἐπιστήσαντες
2584 2535 2701 2601 πώς
2734 2537 2894 2609 μόνος
2919 2538 3083 2604 αὐτὸς
3105 2538 3375 2593 ἐκένωσεν
3397 2539 3546 2594 lau--

1940 2625 2034 2679 τὸν
2068 2627 2284 2698 μορφὴν
2328 2625 2515 2680 δούλου
2558 2625 2738 2680 λαὸὼν
2757 2667 2773 2692 ,
2808 2626 2903 2681 καὶ
2933 2627 3302 2683 ἐταπείνωσεν
3333 2625 3528 2684 tam

1943 2716 2184 2789 ὑπήκοος
2211 2716 2503 2788 γενόμενος
2531 2716 2695 2791 μέχρι
2730 2716 2984 2785 θανάτου,
3005 2717 3240 2778 θανάτου
3266 2716 3327 2772 δέ
3355 2732 3521 2778 σταυ-

1945 2809 2063 2884 ροῦ.
2097 2811 2166 2864 ‘A
2189 2809 2299 2883 γάρ
2323 2808 2498 2875 οὐδεὶς
2517 2807 2738 2866 πώποτε
2764 2809 3225 2884 ἀνθρώπων,ὠῶ
3247 2807 3515 2878 ἀγγέλων»

1942 2901 2066 2959 οὐδὲ
2089 2901 2202 2957 τῶν
2230 2903 2390 2960 θείων
2415 2903 2697 2975 δυνάμεων
2728 2902 2960 2975 ὑπέστη,
2999 2902 3153 2975 μόνος
3182 2900 3344 2963 αὐτὸς
3369 2899 3522 2972 ὑπὲρ

1943 2995 2045 3067 τῆς
2068 2993 2343 3068 ἡμετέρας
2363 2994 2741 3049 ἀναδείκνυται
2762 2996 3050 3067 σωτηρίας,
3077 2992 3172 3047 καὶ
3193 2991 3338 3065 μόνῳ
3359 2990 3513 3063 αὐτῷ

1943 3093 1973 3146 ὁ
2001 3088 2193 3162 Πατὴρ
2222 3088 2516 3162 ἐχαρίσατο
2548 3088 2613 3143 τὺ
2636 3088 2809 3161 ὄνομα
2835 3089 2897 3144 τὺ
2923 3087 3057 3160 ὑπὲρ
3086 3088 3198 3141 πᾶν
3221 3086 3391 3158 δνομα
3417 3086 3515 3140 καὶ

267 3185 420 3242 nium
474 3182 581 3257 ipsi
629 3181 894 3254 iudicium
951 3185 1190 3241 tradidit.
1232 3184 1332 3242 Ille
1371 3193 1777 3255 verm-accepta
1806 3200 1837 3240 a
1865 3171 1910 3232 (ὅ
1940 3180 2041 3255 τὴν
2065 3182 2205 3237 κατά
2238 3182 2457 3237 πάντων
2490 3181 2670 3254 κρίσιν
2695 3181 3035 3255 ἐνεχείρισεν·
3063 3180 3094 3234 ὁ
3118 3179 3199 3246 δέ,
3228 3178 3327 3252 τὴν
3363 3178 3518 3253 παρὰ

269 3278 435 3336 Patre
477 3286 778 3350 potestate,
829 3276 967 3334 alios
1003 3276 1223 3349 quidem
1270 3276 1441 3345 eruit,
1469 3291 1611 3348 quos
1660 3275 1839 3332 salute

270 3369 525 3438 donavit3
560 3368 808 3426 inimicos
856 3376 1043 3425 autem
1075 3375 1131 3425 et
1176 3369 1521 3427 adversarios
1551 3369 1607 3425 in
1656 3368 1837 3442 lugam

271 3462 458 3519 vertit.

339 3556 580 3623 Vns-¹1.
595 3556 652 3613 8.
681 3552 1094 3613 ‹Misericordiae
1120 3552 1333 3611 Domini
1356 3553 1674 3612 recordatus
1698 3569 1839 3621 mm,

271 3652 533 3707 virtutum
576 3648 790 3706 Domini
829 3647 887 3703 in
925 3646 1340 3716 omnibus.qua¹.
1376 3645 1630 3703 retribuit
1660 3646 1838 3703 uobis.

277 3740 543 3797 Dominus
569 3737 737 3809 judex
769 3737 947 3794 bonus
986 3735 1174 3792 domni
1204 3733 1395 3802 lsrael,
1429 3734 1653 3791 adducit
1685 3736 1843 3792 nobis

273 3830 575 3888 secundum
607 3826 1042 3883 misericordiam
1075 3840 1251 3892 suam,
1278 3833 1334 3880 et
1361 3822 1660 3881 secundnm
1702 3825 1842 3880 mul·

273 3922 560 3981 titudinem
602 3918 829 3988 iustitiae
867 3932 998 3974 suae.
1023 3917 1093 3973 Et
1121 3917 1262 3973 dixit
1292 3914 1449 3972 :Non
1482 3918 1716 3988 populus
1744 3932 1844 3990 po-

271 4012 432 4085 pulus
486 4024 641 4066 meus
694 4027 709 4064 ι
746 4008 839 4065 lilii
888 4023 1230 4079 nequaqnam
1288 4008 1711 4079 repudiaverint.
1774 4008 1845 4065 Et

275 4103 452 4160 sactus
477 4111 563 4158 est
593 4101 726 4173 ipsis
781 4102 835 4156 in
887 4101 1184 4157 salutem.»
1230 4098 1376 4166 llaec,
1430 4100 1631 4171 inquit,
1659 4100 1840 4156 omnia

273 4194 633 4262 recordabor..
648 4192 1075 4265 magnitudinem
1092 4190 1350 4246 bonitatis
1374 4203 1489 4245 suae
1510 4202 1799 4248 recensens
1821 4208 1836 4244 :

274 4289 418 4345 lianc
452 4303 583 4345 vero
615 4286 850 4342 maxime
890 4283 1122 4355 gratiam
1155 4281 1416 4354 elargitus
1441 4290 1549 4349 est,
1583 4293 1645 4337 ut
1670 4297 1840 4354 popu-

276 4379 388 4435 lum
417 4377 559 4437 lilios
587 4384 811 4434 vocaret
843 4390 995 4443 suos,
1022 4375 1072 4432 si
1100 4384 1278 4430 tamen
1327 4373 1403 4429 illi
1429 4373 1661 4446 gratiam
1685 4389 1839 4433 suam

279 4487 387 4530 non
417 4470 843 4544 repudiaverint.

348 4562 510 4618 Vens.
544 4560 700 4618 9-16.
742 4558 861 4618 «Ex
910 4557 1058 4617 omni
1104 4555 1447 4614 tribulatione
1502 4572 1691 4615 eorum
1733 4576 1852 4619 non·

278 4653 521 4723 legatus,
564 4666 671 4709 non
717 4649 940 4721 angelus
962 4689 979 4714 ,
1018 4648 1117 4705 sed
1166 4647 1283 4718 ipse
1310 4647 1537 4704 salvavit
1569 4662 1684 4714 eos.
1717 4650 1843 4721 quia

280 4740 538 4815 diligebat
575 4755 690 4810 eos,
713 4750 769 4798 et
794 4744 1054 4810 parcebat
1099 4740 1199 4796 eis.
1231 4739 1348 4811 lpse
1382 4740 1613 4796 redemit
1642 4755 1761 4807 eos,
1789 4751 1847 4799 et

281 4835 542 4909 suscepit,
573 4844 631 4891 et
657 4833 919 4889 exaltavit
961 4847 1058 4888 eos
1107 4832 1362 4887 omnibus
1413 4831 1602 4888 diebus
1635 4833 1842 4890 saeculi.

279 4928 385 4998 lpsi
414 4936 590 4981 autem
626 4940 733 4981 non
757 4924 1123 4988 crediderunt,
1158 4930 1214 4979 et
1240 4923 1705 4982 exacerbaverunt
1728 4928 1845 4998 spi·-

281 5021 446 5074 ritum
480 5026 728 5074 sanctum
748 5016 867 5087 ejus
899 5031 914 5068 ι
950 5024 1007 5073 et
1050 5029 1347 5071 conversus
1376 5025 1460 5070 est
1487 5016 1620 5086 ipsis
1649 5017 1705 5072 in
1745 5019 1848 5075 ini·

280 5113 542 5171 micitiam
566 5128 582 5167 ι
604 5111 719 5182 ipse
738 5109 1062 5181 oppugnavit
1084 5109 1273 5165 eos.t·:t
1289 5110 1603 5168 recordatus
1626 5121 1710 5169 est
1735 5113 1854 5170 die-

282 5221 403 5261 rum
436 5215 786 5260 aeternorum.
821 5201 922 5259 Ubi
946 5202 1142 5270 estqui
1187 5201 1375 5256 eduxit
1401 5201 1468 5258 de
1498 5203 1632 5258 mari
1677 5214 1854 5274 pasto·

281 5312 397 5354 rem
444 5296 667 5354 ovium!
696 5296 800 5352 Ubi
841 5303 924 5351 est
960 5294 1050 5365 qui
1097 5294 1277 5364 posuit
1319 5296 1371 5348 in
1426 5294 1559 5363 ipsis
1588 5294 1851 5367 Spiritum

282 5387 571 5445 sanctum?
603 5388 693 5457 qui
756 5386 941 5441 eduxit
993 5387 1217 5443 dextera
1268 5384 1510 5456 Moysen,
1570 5391 1849 5446 brachium

283 5482 466 5553 glorizc
490 5481 609 5548 eius
628 5480 653 5534 l
674 5477 964 5536 Praevaluit
982 5494 1121 5549 aqua
1150 5495 1181 5535 a
1213 5478 1356 5536 facie
1377 5480 1518 5549 eius,
1552 5492 1610 5537 ut
1650 5481 1858 5539 laceret

283 5571 383 5627 sibi
419 5586 615 5627 nomen
649 5570 1063 5641 sempiternum.
1112 5571 1276 5627 Duxit
1307 5588 1402 5630 eos
1435 5591 1533 5645 per
1574 5578 1849 5647 abyssum,

287 5674 543 5733 tanquam
597 5678 794 5734 equum
849 5677 946 5732 per
990 5661 1362 5732 solitudinem,
1403 5681 1579 5736 neque
1638 5666 1852 5722 labora-

290 5767 437 5822 runt,
467 5766 522 5814 et
558 5767 812 5826 tanquam
863 5754 1104 5827 iumenta
1140 5772 1238 5829 per
1287 5771 1517 5829 ,ampum
1574 5758 1855 5818 descendit

1941 3275 2157 3347 Πατρδς
2194 3273 2377 3330 λαόὼν
2401 3274 2674 3343 ἐξουσίαν,
2713 3276 2841 3340 τοὺς
2878 3276 2973 3347 μὲν
3003 3273 3253 3347 ἐρρύετο,
3278 3273 3372 3339 οῦς
3410 3290 3489 3328 σω

1940 3364 2135 3439 τηρίας
2177 3365 2351 3437 ἠξίου,
2388 3367 2516 3430 τοὺς
2548 3366 2606 3421 δέ
2651 3365 2942 3439 πολεμίους
2978 3367 3078 3420 καὶ
3114 3367 3242 3431 τοὺς
3292 3364 3521 3439 ἐχθρούς

1941 3458 2262 3533 ἐτροποῦτο.

2017 3571 2037 3606 t
2081 3549 2187 3608 Τὸν
2214 3551 2363 3608 ἐλεον
2390 3552 2597 3625 Κυρίου
2628 3553 2925 3626 ἐμνήσθην,
2956 3551 3058 3618 τάς
3085 3553 3286 3626 ἀρετάς
3311 3551 3534 3626 Κυρίου-

1942 3645 2000 3698 ἐν
2025 3643 2213 3709 πᾶσιν,
2239 3636 2322 3708 οἷς
2342 3644 2473 3722 'lut-ty
2498 3643 2904 3699 ἀνταποδίδωσι.
2941 3646 3145 3720 Κύριος
3171 3643 3363 3715 κριτὴς
3386 3645 3523 3713 ἀγα-

1943 3737 2036 3803 ob<
2061 3736 2141 3809 τῷ
2164 3735 2300 3808 οἴκῳ
2337 3735 2579 3810 Ἰσραὴλ,
2604 3735 2799 3806 ἐπάγει
2822 3738 2958 3808 ήμϊν
2991 3736 3132 3794 κατά
3156 3735 3218 3790 τὸ
3247 3734 3402 3799 ἔλεος
3423 3736 3521 3790 αύ-

1941 3827 2058 3895 τοῦ,
2085 3827 2184 3884 καὶ·
2208 3826 2354 3883 κατά
2377 3827 2441 3882 τὸ
2471 3826 2675 3899 πλῆθος
2698 3827 2800 3899 τῆς
2822 3827 3165 3899 δικαιοσύνης
3192 3826 3380 3881 αὑτοῦ.
3409 3827 3520 3882 Καὶ

1942 3916 2123 3975 εἶπεν·
2157 3919 2271 3992 Οὐχ
2295 3920 2325 3973 ὁ
2356 3917 2484 3983 λαὸς
2509 3919 2637 3983 λαός
2663 3936 2784 3991 μου·
2806 3919 2976 3974 τέκνα
2999 3919 3060 3973 ού
3087 3917 3157 3989 μὴ
3185 3916 3517 3990 ἀθετήσωσι.

1941 4011 2052 4068 Καὶ
2090 4010 2307 4080 ἐγένετο
2350 4010 2535 4075 αύτόἶς
2571 4013 2652 4076 είς
2684 4011 2977 4084 σωτηρίαν.
3026 4030 3046 4065 ι
3081 4008 3263 4063 Ταῦτα
3312 4009 3527 4074 τοίνυν,

1944 4102 2098 4176 φησὶ,
2132 4102 2309 4157 πάντα
2339 4102 2638 4175 ἀναμνήσω
2680 4102 2751 4157 τά
2797 4103 2979 4175 πλήθη
3015 4099 3517 4174 καταριθμούμενος

1941 4200 2042 4271 τῆς
2079 4196 2439 4270 ἀγαθωσύνης
2471 4197 2636 4252 αὑτοῦ
2657 4239 2673 4265 ,
2712 4200 2772 4253 ἐν
2820 4194 2903 4263 οἷς
2938 4198 3032 4254 καὶ
3064 4196 3225 4253 τοῦτο
3261 4198 3531 4269 μέγιστον

1943 4293 2256 4366 ἐδωρήσατο
2287 4292 2535 4365 χάρισμα
2551 4331 2568 4358 ,
2601 4290 2947 4359 καταξιώσας
2975 4291 3143 4347 τέκνα
3186 4291 3352 4345 αὐτοῦ
3394 4293 3517 4347 ὀνο-

1947 4387 2119 4459 μᾶσαι
2143 4385 2236 4440 τὸν
2262 4385 2414 4454 λαὸν,
2446 4388 2496 4440 εί
2528 4385 2603 4458 μὴ
2633 4385 2877 4441 ἀθετοῖεν
2901 4386 2998 4458 τὴν
3023 4385 3192 4440 αὐτοῦ
3228 4385 3408 4457 χάριν.

2025 4593 2050 4627 c
2097 4573 2196 4628 Ἐκ
2219 4571 2401 4644 πάσης
2425 4569 2656 4643 θλίψεως
2680 4570 2861 4626 αὐτῶν
2886 4570 2950 4625 ού
2979 4569 3239 4642 πρέσὸυς,
3271 4568 3395 4622 οὐδὲ
3419 4567 3527 4638 ἀγ-

1945 4664 2124 4735 γελος,
2155 4661 2270 4718 ἀλλ’
2301 4662 2464 4727 αὐτὸς
2497 4662 2701 4716 ἐσωσεν
2728 4661 2943 4728 αὐτοὺς,
2970 4659 3059 4716 διά
3084 4660 3145 4714 τὸ
3179 4660 3397 4730 ἀγαπᾷν
3424 4661 3529 4713 αύ-

1946 4755 2075 4820 τοὺς
2094 4754 2189 4810 καὶ
2209 4751 2485 4823 φείδεσθαι
2509 4749 2709 4807 αὐτῶν.
2740 4752 2915 4816 Δύτὸς
2937 4749 3274 4824 ἐλυτρώσατο
3297 4750 3525 4814 αὐτοὺς,

1948 4847 2044 4902 καὶ
2071 4845 2331 4900 ἀνέλαβεν
2353 4844 2573 4909 αὐτοὺς,
2608 4846 2705 4900 καὶΙ
2746 4841 2962 4915 ὕψωσεν
2988 4844 3184 4908 αὐτοὺς
3210 4842 3393 4907 πασας
3423 4844 3528 4908 τὰς

1950 4935 2162 5009 ἡμέρας
2189 4933 2284 4990 τοῦ
2317 4935 2531 4998 αἰῶνος.
2576 4934 2738 4989 Αὐτοὶ
2768 4933 2827 4988 δέ
2866 4932 3188 5004 ἠπείθησαν,
3235 4932 3328 4987 καὶ
3376 4949 3527 5006 παρ-

1951 5025 2160 5094 ώξυναν
2180 5025 2244 5080 τὸ
2265 5024 2492 5098 Πνεῦμα
2503 5025 2565 5079 τὸ
2583 5025 2736 5095 ἅγιον
2758 5022 2943 5079 αὐτοῦ·
2966 5023 3063 5078 καὶ
3083 5023 3323 5097 ὲστρῷη
3340 5024 3531 5089 αὐτοῖς

1952 5119 2034 5183 είς
2057 5116 2256 5190 ἔχθραν
2278 5134 2293 5149 ·
2322 5117 2487 5182 αὐτὸς
2511 5116 2850 5189 ἐπολέμησεν
2880 5114 3096 5181 αύτούς.
3127 5117 3239 5171 Καὶ
3277 5114 3530 5188 ἐμνήσθη

1955 5207 2176 5281 ημεριῖιν
2197 5209 2453 5266 αἰωνίων.
2483 5207 2593 5263 Ποῦ
2624 5210 2655 5262 ὁ
2678 5207 3013 5272 ἀναύιδάσας
3044 5208 3109 5261 ἐκ
3129 5208 3229 5279 τῆς
3250 5206 3532 5278 θαλάσσης

1952 5304 2045 5357 τὸν
2069 5302 2302 5375 ποιμένα
2327 5301 2437 5357 τῶν
2476 5302 2796 5375 προόάτωνς
2829 5300 2940 5356 Ποῦ
2972 5303 3119 5355 ἐστιν
3141 5301 3169 5354 ὀ
3200 5299 3311 5363 θεὶς
3339 5300 3397 5351 ἐν
3430 5297 3534 5352 αὑ-

1951 5397 2064 5460 τοῖς
2085 5394 2147 5449 τὸ
2164 5391 2390 5467 Πνεῦμα
2410 5393 2648 5463 τὸ.ἀγισν
2666 5411 2682 5461 ;
2703 5395 2734 5447 ὁ
2749 5392 2973 5463 ἀγαγὼν
2994 5395 3060 5465 τῇ
3087 5392 3238 5463 δεξιᾷ
3260 5391 3530 5462 Μωῦσῆν,

1950 5489 1981 5542 ό
2018 5485 2256 5560 βραχίων
2296 5486 2399 5558 τῆς
2427 5485 2586 5560 δόξης
2625 5485 2824 5554 αύτοῦ;
2859 5486 3202 5557 Κατίσχυσεν
3238 5482 3384 5555 ὕδωρ
3417 5483 3532 5537 ἀπὸ

1950 5577 2240 5650 προσώπου
2289 5578 2456 5634 αὑτοῦ
2476 5619 2492 5643 ,
2552 5578 2777 5651 ποιῆσαι
2831 5578 3010 5647 ἐαυτῷ
3059 5576 3231 5648 ὄνομα
3281 5574 3524 5630 αἰώνιον.

1954 5669 2196 5738 Ἠγαγεν
2241 5669 2438 5733 αὐτοὺς
2476 5669 2543 5723 δι’
2574 5668 2836 5734 ἀδύσσου,
2863 5668 2939 5733 ὡς
2976 5669 3140 5722 ἵππον
3186 5667 3256 5721 δι’
3289 5665 3524 5737 ἐρήμου,

1951 5759 2042 5813 καὶ
2067 5758 2168 5814 ούκ
2199 5758 2516 5834 {geonta-ew,
2553 5759 2644 5814 καὶ
2673 5758 2749 5823 ώς
2779 5759 2948 5831 κτήνη
2979 5756 3066 5813 διὰ
3095 5756 3277 5811 πεδίου
3317 5753 3536 5826 κατέδη
3563 5767 3568 5772 ·
