<?xml version="1.0" encoding="UTF-8"?>
<!DOCTYPE html PUBLIC "-//W3C//DTD XHTML 1.0 Transitional//EN"
    "http://www.w3.org/TR/xhtml1/DTD/xhtml1-transitional.dtd">
<html xmlns="http://www.w3.org/1999/xhtml" xml:lang="en" lang="en">
 <head>
  <title>
</title>
<meta http-equiv="Content-Type" content="text/html;charset=utf-8" />
  <meta name='ocr-system' content='tesseract 3.04.00' />
  <meta name='ocr-capabilities' content='ocr_page ocr_carea ocr_par ocr_line ocrx_word'/>
</head>
<body>
  <div class='ocr_page' id='page_1' title='image "./patrologicursus112migngoog_0239.png"; bbox 0 0 3692 6134; ppageno 0'>
   <div class='ocr_carea' id='block_1_1' title="bbox 357 301 464 358">
    <p class='ocr_par' dir='ltr' id='par_1_1' title="bbox 357 301 464 358">
     <span class='ocr_line' id='line_1_1' title="bbox 357 301 464 358; baseline 0.019 -2"><span class='ocrx_word' id='word_1_1' title='bbox 357 301 464 358; x_wconf 65' lang='lat'><strong>1¹3</strong></span> 
     </span>
    </p>
   </div>
   <div class='ocr_carea' id='block_1_2' title="bbox 1025 292 2905 362">
    <p class='ocr_par' dir='ltr' id='par_1_2' title="bbox 1025 292 2905 362">
     <span class='ocr_line' id='line_1_2' title="bbox 1025 292 2905 362; baseline -0.006 -4"><span class='ocrx_word' id='word_1_2' title='bbox 1025 301 1296 362; x_wconf 76' lang='lat' dir='ltr'><strong>EUsEmt</strong></span> <span class='ocrx_word' id='word_1_3' title='bbox 1332 302 1804 362; x_wconf 76' lang='lat' dir='ltr'><strong>cAESAntENsts</strong></span> <span class='ocrx_word' id='word_1_4' title='bbox 1840 301 1993 360; x_wconf 69' lang='lat'>01³9.</span> <span class='ocrx_word' id='word_1_5' title='bbox 2035 301 2216 360; x_wconf 69' lang='lat' dir='ltr'><strong>PARS</strong></span> <span class='ocrx_word' id='word_1_6' title='bbox 2251 302 2343 360; x_wconf 85' lang='lat' dir='ltr'><strong>nt.</strong></span> <span class='ocrx_word' id='word_1_7' title='bbox 2382 331 2451 345; x_wconf 93' lang='lat'>-</span> <span class='ocrx_word' id='word_1_8' title='bbox 2487 292 2905 356; x_wconf 54' lang='lat' dir='ltr'><strong>exsontes.</strong></span> 
     </span>
    </p>
   </div>
   <div class='ocr_carea' id='block_1_3' title="bbox 3491 289 3602 344">
    <p class='ocr_par' dir='ltr' id='par_1_3' title="bbox 3491 289 3602 344">
     <span class='ocr_line' id='line_1_3' title="bbox 3491 289 3602 344; baseline -0.018 0"><span class='ocrx_word' id='word_1_9' title='bbox 3491 289 3602 344; x_wconf 66' lang='grc'><strong>416</strong></span> 
     </span>
    </p>
   </div>
   <div class='ocr_carea' id='block_1_4' title="bbox 358 403 3610 505">
    <p class='ocr_par' dir='ltr' id='par_1_4' title="bbox 358 403 3610 505">
     <span class='ocr_line' id='line_1_4' title="bbox 358 403 3610 505; baseline -0.005 -33"><span class='ocrx_word' id='word_1_10' title='bbox 358 430 436 473; x_wconf 78' lang='lat' dir='ltr'><strong>vit</strong></span> <span class='ocrx_word' id='word_1_11' title='bbox 461 422 746 491; x_wconf 77' lang='lat' dir='ltr'><strong>AEgyptus,</strong></span> <span class='ocrx_word' id='word_1_12' title='bbox 791 429 846 474; x_wconf 90' lang='lat' dir='ltr'><strong>et</strong></span> <span class='ocrx_word' id='word_1_13' title='bbox 887 420 1181 490; x_wconf 72' lang='lat' dir='ltr'><strong>negotiatio</strong></span> <span class='ocrx_word' id='word_1_14' title='bbox 1213 418 1553 491; x_wconf 82' lang='lat' dir='ltr'><strong>AEtbiopuut,</strong></span> <span class='ocrx_word' id='word_1_15' title='bbox 1596 431 1650 476; x_wconf 91' lang='lat' dir='ltr'><strong>et</strong></span> <span class='ocrx_word' id='word_1_16' title='bbox 1696 420 1919 476; x_wconf 84' lang='lat' dir='ltr'><strong>Sabaim</strong></span> <span class='ocrx_word' id='word_1_17' title='bbox 1950 425 1994 482; x_wconf 77' lang='grc' dir='ltr'><strong>Α</strong></span> <span class='ocrx_word' id='word_1_18' title='bbox 2023 435 2176 483; x_wconf 81' lang='grc' dir='ltr'><strong>πτος,</strong></span> <span class='ocrx_word' id='word_1_19' title='bbox 2206 419 2301 473; x_wconf 78' lang='grc' dir='ltr'><strong>καὶ</strong></span> <span class='ocrx_word' id='word_1_20' title='bbox 2337 417 2576 505; x_wconf 80' lang='grc' dir='ltr'><strong>ἐμπορία</strong></span> <span class='ocrx_word' id='word_1_21' title='bbox 2600 412 2895 470; x_wconf 74' lang='grc' dir='ltr'><strong>Αἰθιόπων,</strong></span> <span class='ocrx_word' id='word_1_22' title='bbox 2930 407 3024 462; x_wconf 76' lang='grc' dir='ltr'><strong>καὶ</strong></span> <span class='ocrx_word' id='word_1_23' title='bbox 3060 407 3110 460; x_wconf 83' lang='grc' dir='ltr'><strong>οἱ</strong></span> <span class='ocrx_word' id='word_1_24' title='bbox 3141 407 3388 476; x_wconf 75' lang='grc' dir='ltr'><strong>Σαοαεὶμ</strong></span> <span class='ocrx_word' id='word_1_25' title='bbox 3411 403 3610 477; x_wconf 78' lang='grc' dir='ltr'><strong>ἄνδρες</strong></span> 
     </span>
    </p>
   </div>
   <div class='ocr_carea' id='block_1_5' title="bbox 355 510 1938 1594">
    <p class='ocr_par' dir='ltr' id='par_1_5' title="bbox 355 510 1938 1594">
     <span class='ocr_line' id='line_1_5' title="bbox 357 510 1930 578; baseline 0.001 -12"><span class='ocrx_word' id='word_1_26' title='bbox 357 512 458 567; x_wconf 81' lang='lat' dir='ltr'><strong>viri</strong></span> <span class='ocrx_word' id='word_1_27' title='bbox 496 511 693 568; x_wconf 82' lang='lat' dir='ltr'><strong>excelsi</strong></span> <span class='ocrx_word' id='word_1_28' title='bbox 733 511 801 566; x_wconf 86' lang='lat' dir='ltr'><strong>ad</strong></span> <span class='ocrx_word' id='word_1_29' title='bbox 835 520 886 567; x_wconf 92' lang='lat' dir='ltr'><strong>te</strong></span> <span class='ocrx_word' id='word_1_30' title='bbox 912 510 1241 578; x_wconf 81' lang='lat' dir='ltr'><strong>transibunt,</strong></span> <span class='ocrx_word' id='word_1_31' title='bbox 1274 521 1332 567; x_wconf 92' lang='lat' dir='ltr'><strong>et</strong></span> <span class='ocrx_word' id='word_1_32' title='bbox 1358 512 1452 567; x_wconf 91' lang='lat' dir='ltr'><strong>tibi</strong></span> <span class='ocrx_word' id='word_1_33' title='bbox 1483 512 1627 568; x_wconf 77' lang='lat' dir='ltr'><strong>servi</strong></span> <span class='ocrx_word' id='word_1_34' title='bbox 1656 520 1839 577; x_wconf 85' lang='lat' dir='ltr'><strong>eruut,</strong></span> <span class='ocrx_word' id='word_1_35' title='bbox 1872 520 1930 567; x_wconf 87' lang='lat' dir='ltr'><strong>et</strong></span> 
     </span>
     <span class='ocr_line' id='line_1_6' title="bbox 355 603 1927 674; baseline 0.001 -15"><span class='ocrx_word' id='word_1_36' title='bbox 355 611 480 674; x_wconf 85' lang='lat' dir='ltr'><strong>post</strong></span> <span class='ocrx_word' id='word_1_37' title='bbox 507 612 559 659; x_wconf 91' lang='lat' dir='ltr'><strong>te</strong></span> <span class='ocrx_word' id='word_1_38' title='bbox 586 612 879 674; x_wconf 82' lang='lat' dir='ltr'><strong>sequentur</strong></span> <span class='ocrx_word' id='word_1_39' title='bbox 920 603 1088 659; x_wconf 77' lang='lat' dir='ltr'><strong>vincti</strong></span> <span class='ocrx_word' id='word_1_40' title='bbox 1127 603 1397 659; x_wconf 76' lang='lat' dir='ltr'><strong>manicis:</strong></span> <span class='ocrx_word' id='word_1_41' title='bbox 1422 611 1479 659; x_wconf 88' lang='lat' dir='ltr'><strong>et</strong></span> <span class='ocrx_word' id='word_1_42' title='bbox 1511 605 1823 659; x_wconf 85' lang='lat' dir='ltr'><strong>transibunt</strong></span> <span class='ocrx_word' id='word_1_43' title='bbox 1860 605 1927 660; x_wconf 89' lang='lat' dir='ltr'><strong>ad</strong></span> 
     </span>
     <span class='ocr_line' id='line_1_7' title="bbox 359 694 1927 766; baseline 0.001 -17"><span class='ocrx_word' id='word_1_44' title='bbox 359 705 412 750; x_wconf 91' lang='lat' dir='ltr'><strong>te</strong></span> <span class='ocrx_word' id='word_1_45' title='bbox 435 737 451 763; x_wconf 85' lang='lat'><strong>,</strong></span> <span class='ocrx_word' id='word_1_46' title='bbox 488 704 539 750; x_wconf 90' lang='lat' dir='ltr'><strong>et</strong></span> <span class='ocrx_word' id='word_1_47' title='bbox 575 696 878 752; x_wconf 86' lang='lat' dir='ltr'><strong>adorabunt</strong></span> <span class='ocrx_word' id='word_1_48' title='bbox 905 703 997 762; x_wconf 87' lang='lat' dir='ltr'><strong>te;</strong></span> <span class='ocrx_word' id='word_1_49' title='bbox 1032 694 1166 752; x_wconf 88' lang='lat' dir='ltr'><strong>etin</strong></span> <span class='ocrx_word' id='word_1_50' title='bbox 1206 702 1258 751; x_wconf 90' lang='lat' dir='ltr'><strong>te</strong></span> <span class='ocrx_word' id='word_1_51' title='bbox 1282 697 1687 766; x_wconf 85' lang='lat' dir='ltr'><strong>precabuntur:</strong></span> <span class='ocrx_word' id='word_1_52' title='bbox 1712 699 1839 766; x_wconf 85' lang='lat' dir='ltr'><strong>quia</strong></span> <span class='ocrx_word' id='word_1_53' title='bbox 1873 697 1927 750; x_wconf 92' lang='lat' dir='ltr'><strong>iu</strong></span> 
     </span>
     <span class='ocr_line' id='line_1_8' title="bbox 367 786 1929 860; baseline 0.001 -18"><span class='ocrx_word' id='word_1_54' title='bbox 367 795 418 843; x_wconf 88' lang='lat' dir='ltr'><strong>te</strong></span> <span class='ocrx_word' id='word_1_55' title='bbox 448 787 588 843; x_wconf 80' lang='lat' dir='ltr'><strong>Deus</strong></span> <span class='ocrx_word' id='word_1_56' title='bbox 611 797 716 856; x_wconf 89' lang='lat' dir='ltr'><strong>est,</strong></span> <span class='ocrx_word' id='word_1_57' title='bbox 742 797 799 843; x_wconf 92' lang='lat' dir='ltr'><strong>et</strong></span> <span class='ocrx_word' id='word_1_58' title='bbox 824 803 930 844; x_wconf 92' lang='lat' dir='ltr'><strong>non</strong></span> <span class='ocrx_word' id='word_1_59' title='bbox 954 797 1037 843; x_wconf 87' lang='lat' dir='ltr'><strong>est</strong></span> <span class='ocrx_word' id='word_1_60' title='bbox 1060 787 1201 843; x_wconf 82' lang='lat' dir='ltr'><strong>Deus</strong></span> <span class='ocrx_word' id='word_1_61' title='bbox 1235 797 1434 858; x_wconf 74' lang='lat' dir='ltr'><strong>praeter</strong></span> <span class='ocrx_word' id='word_1_62' title='bbox 1474 795 1546 843; x_wconf 88' lang='lat' dir='ltr'><strong>te.</strong></span> <span class='ocrx_word' id='word_1_63' title='bbox 1576 806 1595 840; x_wconf 76' lang='grc' dir='ltr'><strong>ι</strong></span> <span class='ocrx_word' id='word_1_64' title='bbox 1637 786 1929 860; x_wconf 75' lang='lat' dir='ltr'><strong>AEgyptum</strong></span> 
     </span>
     <span class='ocr_line' id='line_1_9' title="bbox 364 878 1935 950; baseline 0.001 -15"><span class='ocrx_word' id='word_1_65' title='bbox 364 881 440 935; x_wconf 82' lang='lat' dir='ltr'><strong>ait</strong></span> <span class='ocrx_word' id='word_1_66' title='bbox 467 879 783 936; x_wconf 65' lang='lat' dir='ltr'><strong>idololatriae</strong></span> <span class='ocrx_word' id='word_1_67' title='bbox 820 894 1008 937; x_wconf 87' lang='lat' dir='ltr'><strong>errore</strong></span> <span class='ocrx_word' id='word_1_68' title='bbox 1047 878 1344 943; x_wconf 79' lang='lat' dir='ltr'><strong>laborasse,</strong></span> <span class='ocrx_word' id='word_1_69' title='bbox 1388 878 1604 950; x_wconf 89' lang='lat' dir='ltr'><strong>quando</strong></span> <span class='ocrx_word' id='word_1_70' title='bbox 1636 879 1851 934; x_wconf 88' lang='lat' dir='ltr'><strong>diabolo</strong></span> <span class='ocrx_word' id='word_1_71' title='bbox 1877 888 1935 936; x_wconf 87' lang='lat' dir='ltr'><strong>et</strong></span> 
     </span>
     <span class='ocr_line' id='line_1_10' title="bbox 358 971 1931 1042; baseline -0.002 -13"><span class='ocrx_word' id='word_1_72' title='bbox 358 972 633 1029; x_wconf 72' lang='lat' dir='ltr'><strong>ministris</strong></span> <span class='ocrx_word' id='word_1_73' title='bbox 667 971 785 1042; x_wconf 82' lang='lat' dir='ltr'><strong>eius</strong></span> <span class='ocrx_word' id='word_1_74' title='bbox 832 971 1170 1028; x_wconf 79' lang='lat' dir='ltr'><strong>daemouibus</strong></span> <span class='ocrx_word' id='word_1_75' title='bbox 1213 971 1458 1042; x_wconf 82' lang='lat' dir='ltr'><strong>subjecta</strong></span> <span class='ocrx_word' id='word_1_76' title='bbox 1496 981 1656 1027; x_wconf 86' lang='lat' dir='ltr'><strong>erat:</strong></span> <span class='ocrx_word' id='word_1_77' title='bbox 1692 981 1931 1027; x_wconf 76' lang='lat' dir='ltr'><strong>attamen</strong></span> 
     </span>
     <span class='ocr_line' id='line_1_11' title="bbox 360 1060 1930 1135; baseline -0.002 -13"><span class='ocrx_word' id='word_1_78' title='bbox 360 1081 392 1122; x_wconf 84' lang='lat' dir='ltr'><strong>a</strong></span> <span class='ocrx_word' id='word_1_79' title='bbox 442 1065 631 1121; x_wconf 87' lang='lat' dir='ltr'><strong>labore</strong></span> <span class='ocrx_word' id='word_1_80' title='bbox 683 1064 1039 1121; x_wconf 78' lang='lat' dir='ltr'><strong>recreandam</strong></span> <span class='ocrx_word' id='word_1_81' title='bbox 1088 1062 1377 1135; x_wconf 72' lang='lat' dir='ltr'><strong>AEgyptum</strong></span> <span class='ocrx_word' id='word_1_82' title='bbox 1429 1074 1553 1118; x_wconf 84' lang='lat' dir='ltr'><strong>esse</strong></span> <span class='ocrx_word' id='word_1_83' title='bbox 1603 1060 1930 1131; x_wconf 85' lang='lat' dir='ltr'><strong>pollicetur:</strong></span> 
     </span>
     <span class='ocr_line' id='line_1_12' title="bbox 359 1152 1931 1227; baseline 0.001 -17"><span class='ocrx_word' id='word_1_84' title='bbox 359 1171 467 1227; x_wconf 85' lang='lat' dir='ltr'><strong>qua</strong></span> <span class='ocrx_word' id='word_1_85' title='bbox 514 1164 682 1213; x_wconf 88' lang='lat' dir='ltr'><strong>totum</strong></span> <span class='ocrx_word' id='word_1_86' title='bbox 722 1155 1040 1212; x_wconf 62' lang='lat' dir='ltr'><strong>idololatria</strong></span> <span class='ocrx_word' id='word_1_87' title='bbox 1093 1170 1265 1226; x_wconf 74' lang='lat' dir='ltr'><strong>genus</strong></span> <span class='ocrx_word' id='word_1_88' title='bbox 1303 1154 1628 1210; x_wconf 72' lang='lat' dir='ltr'><strong>subindicat.</strong></span> <span class='ocrx_word' id='word_1_89' title='bbox 1680 1170 1701 1207; x_wconf 79' lang='grc' dir='ltr'><strong>ι</strong></span> <span class='ocrx_word' id='word_1_90' title='bbox 1729 1153 1796 1208; x_wconf 69' lang='lat' dir='ltr'><strong>Et</strong></span> <span class='ocrx_word' id='word_1_91' title='bbox 1828 1152 1931 1211; x_wconf 83' lang='lat' dir='ltr'><strong>Sa·</strong></span> 
     </span>
     <span class='ocr_line' id='line_1_13' title="bbox 358 1245 1936 1318; baseline 0.001 -17"><span class='ocrx_word' id='word_1_92' title='bbox 358 1249 507 1304; x_wconf 81' lang='lat' dir='ltr'><strong>baim</strong></span> <span class='ocrx_word' id='word_1_93' title='bbox 540 1249 642 1304; x_wconf 82' lang='lat' dir='ltr'><strong>viri</strong></span> <span class='ocrx_word' id='word_1_94' title='bbox 679 1246 902 1305; x_wconf 81' lang='lat' dir='ltr'><strong>excelsi.</strong></span> <span class='ocrx_word' id='word_1_95' title='bbox 935 1266 957 1301; x_wconf 75' lang='grc' dir='ltr'><strong>ι</strong></span> <span class='ocrx_word' id='word_1_96' title='bbox 997 1245 1163 1315; x_wconf 81' lang='lat' dir='ltr'><strong>Queis</strong></span> <span class='ocrx_word' id='word_1_97' title='bbox 1202 1246 1512 1318; x_wconf 75' lang='lat' dir='ltr'><strong>signiticare</strong></span> <span class='ocrx_word' id='word_1_98' title='bbox 1554 1246 1767 1303; x_wconf 74' lang='lat' dir='ltr'><strong>videtur</strong></span> <span class='ocrx_word' id='word_1_99' title='bbox 1806 1246 1936 1303; x_wconf 87' lang='lat' dir='ltr'><strong>bar-</strong></span> 
     </span>
     <span class='ocr_line' id='line_1_14' title="bbox 358 1339 1938 1412; baseline 0.003 -17"><span class='ocrx_word' id='word_1_100' title='bbox 358 1340 522 1396; x_wconf 84' lang='lat' dir='ltr'><strong>baras</strong></span> <span class='ocrx_word' id='word_1_101' title='bbox 555 1342 812 1412; x_wconf 84' lang='lat' dir='ltr'><strong>quasdam</strong></span> <span class='ocrx_word' id='word_1_102' title='bbox 856 1339 1229 1411; x_wconf 68' lang='lat' dir='ltr'><strong>immanesque</strong></span> <span class='ocrx_word' id='word_1_103' title='bbox 1261 1347 1478 1411; x_wconf 64' lang='lat' dir='ltr'><strong>gentes,</strong></span> <span class='ocrx_word' id='word_1_104' title='bbox 1503 1348 1748 1395; x_wconf 83' lang='lat' dir='ltr'><strong>extrema</strong></span> <span class='ocrx_word' id='word_1_105' title='bbox 1776 1348 1938 1399; x_wconf 68' lang='lat' dir='ltr'><strong>terra</strong></span> 
     </span>
     <span class='ocr_line' id='line_1_15' title="bbox 361 1429 1934 1503; baseline 0.002 -16"><span class='ocrx_word' id='word_1_106' title='bbox 361 1432 677 1499; x_wconf 69' lang='lat' dir='ltr'><strong>incoli-ntes,</strong></span> <span class='ocrx_word' id='word_1_107' title='bbox 711 1447 852 1503; x_wconf 86' lang='lat' dir='ltr'><strong>quas</strong></span> <span class='ocrx_word' id='word_1_108' title='bbox 880 1430 1099 1489; x_wconf 83' lang='lat' dir='ltr'><strong>Cbristo</strong></span> <span class='ocrx_word' id='word_1_109' title='bbox 1135 1431 1384 1489; x_wconf 84' lang='lat' dir='ltr'><strong>subditas</strong></span> <span class='ocrx_word' id='word_1_110' title='bbox 1418 1429 1537 1490; x_wconf 77' lang='lat' dir='ltr'><strong>sore</strong></span> <span class='ocrx_word' id='word_1_111' title='bbox 1568 1432 1934 1499; x_wconf 74' lang='lat' dir='ltr'><strong>vaticinatur:</strong></span> 
     </span>
     <span class='ocr_line' id='line_1_16' title="bbox 362 1526 1872 1594; baseline -0.001 -14"><span class='ocrx_word' id='word_1_112' title='bbox 362 1539 538 1594; x_wconf 86' lang='lat' dir='ltr'><strong>quare</strong></span> <span class='ocrx_word' id='word_1_113' title='bbox 573 1526 790 1583; x_wconf 82' lang='lat' dir='ltr'><strong>subdit:</strong></span> <span class='ocrx_word' id='word_1_114' title='bbox 1864 1533 1872 1542; x_wconf 88' lang='lat'><em>·</em></span> 
     </span>
    </p>
   </div>
   <div class='ocr_carea' id='block_1_6' title="bbox 2027 496 3692 1036">
    <p class='ocr_par' dir='ltr' id='par_1_6' title="bbox 2027 496 3692 1036">
     <span class='ocr_line' id='line_1_17' title="bbox 2027 496 3692 582; baseline -0.01 -18"><span class='ocrx_word' id='word_1_115' title='bbox 2027 510 2220 582; x_wconf 77' lang='grc' dir='ltr'><strong>ὑψηλοὶ</strong></span> <span class='ocrx_word' id='word_1_116' title='bbox 2268 509 2362 563; x_wconf 74' lang='grc' dir='ltr'><strong>ἐπὶ</strong></span> <span class='ocrx_word' id='word_1_117' title='bbox 2396 508 2455 564; x_wconf 75' lang='grc' dir='ltr'><strong>σὲ</strong></span> <span class='ocrx_word' id='word_1_118' title='bbox 2491 506 2856 579; x_wconf 76' lang='grc' dir='ltr'><strong>διαδήσονται,</strong></span> <span class='ocrx_word' id='word_1_119' title='bbox 2902 501 2997 554; x_wconf 72' lang='grc' dir='ltr'><strong>καὶ</strong></span> <span class='ocrx_word' id='word_1_120' title='bbox 3029 498 3114 552; x_wconf 72' lang='grc' dir='ltr'><strong>σοι</strong></span> <span class='ocrx_word' id='word_1_121' title='bbox 3146 497 3361 552; x_wconf 75' lang='grc' dir='ltr'><strong>ἔσονται</strong></span> <span class='ocrx_word' id='word_1_122' title='bbox 3403 496 3608 559; x_wconf 84' lang='grc' dir='ltr'><strong>δοῦλοι,</strong></span> <span class='ocrx_word' id='word_1_123' title='bbox 3685 522 3692 532; x_wconf 93' lang='grc'>·</span> 
     </span>
     <span class='ocr_line' id='line_1_18' title="bbox 2028 589 3692 669; baseline -0.008 -14"><span class='ocrx_word' id='word_1_124' title='bbox 2028 600 2124 655; x_wconf 73' lang='grc' dir='ltr'><strong>καὶ</strong></span> <span class='ocrx_word' id='word_1_125' title='bbox 2146 601 2323 654; x_wconf 81' lang='grc' dir='ltr'><strong>ὀπίσω</strong></span> <span class='ocrx_word' id='word_1_126' title='bbox 2350 616 2442 653; x_wconf 92' lang='grc' dir='ltr'><strong>σου</strong></span> <span class='ocrx_word' id='word_1_127' title='bbox 2474 595 2896 669; x_wconf 77' lang='grc' dir='ltr'><strong>ἀκολουθήσουσι</strong></span> <span class='ocrx_word' id='word_1_128' title='bbox 2925 590 3197 663; x_wconf 78' lang='grc' dir='ltr'>δεδεμένοι</span> <span class='ocrx_word' id='word_1_129' title='bbox 3225 589 3574 662; x_wconf 78' lang='grc' dir='ltr'><strong>χειροπέδαις</strong></span> <span class='ocrx_word' id='word_1_130' title='bbox 3592 605 3607 620; x_wconf 89' lang='grc'><em>·</em></span> <span class='ocrx_word' id='word_1_131' title='bbox 3679 594 3692 627; x_wconf 67' lang='lat'><strong>³</strong></span> 
     </span>
     <span class='ocr_line' id='line_1_19' title="bbox 2028 681 3692 765; baseline -0.005 -18"><span class='ocrx_word' id='word_1_132' title='bbox 2028 693 2123 747; x_wconf 70' lang='lat' dir='ltr'><strong>mi.</strong></span> <span class='ocrx_word' id='word_1_133' title='bbox 2144 691 2487 765; x_wconf 79' lang='grc' dir='ltr'><strong>διαδήσανται</strong></span> <span class='ocrx_word' id='word_1_134' title='bbox 2511 690 2647 763; x_wconf 86' lang='grc' dir='ltr'><strong>πρὸς</strong></span> <span class='ocrx_word' id='word_1_135' title='bbox 2671 688 2750 748; x_wconf 77' lang='grc' dir='ltr'><strong>σὲ,</strong></span> <span class='ocrx_word' id='word_1_136' title='bbox 2778 686 2874 740; x_wconf 79' lang='grc' dir='ltr'><strong>καὶ</strong></span> <span class='ocrx_word' id='word_1_137' title='bbox 2909 681 3343 757; x_wconf 82' lang='grc' dir='ltr'><strong>προσκυνήσουσί</strong></span> <span class='ocrx_word' id='word_1_138' title='bbox 3370 700 3455 736; x_wconf 93' lang='grc' dir='ltr'><strong>σοι</strong></span> <span class='ocrx_word' id='word_1_139' title='bbox 3471 699 3485 713; x_wconf 91' lang='grc'>·</span> <span class='ocrx_word' id='word_1_140' title='bbox 3515 683 3614 739; x_wconf 78' lang='grc' dir='ltr'><strong>καὶ</strong></span> <span class='ocrx_word' id='word_1_141' title='bbox 3681 689 3692 719; x_wconf 71' lang='lat'><strong>²</strong></span> 
     </span>
     <span class='ocr_line' id='line_1_20' title="bbox 2029 774 3692 856; baseline -0.005 -19"><span class='ocrx_word' id='word_1_142' title='bbox 2029 786 2088 838; x_wconf 69' lang='grc' dir='ltr'><strong>ἐν</strong></span> <span class='ocrx_word' id='word_1_143' title='bbox 2132 785 2215 839; x_wconf 79' lang='grc' dir='ltr'><strong>σοὶ</strong></span> <span class='ocrx_word' id='word_1_144' title='bbox 2258 780 2671 856; x_wconf 83' lang='grc' dir='ltr'><strong>προσεύξονται·</strong></span> <span class='ocrx_word' id='word_1_145' title='bbox 2718 781 2799 834; x_wconf 82' lang='grc' dir='ltr'><strong>ὅτι</strong></span> <span class='ocrx_word' id='word_1_146' title='bbox 2851 780 2909 832; x_wconf 85' lang='grc' dir='ltr'><strong>ὲν</strong></span> <span class='ocrx_word' id='word_1_147' title='bbox 2942 776 3025 830; x_wconf 78' lang='grc' dir='ltr'><strong>σοὶ</strong></span> <span class='ocrx_word' id='word_1_148' title='bbox 3066 778 3095 831; x_wconf 85' lang='grc' dir='ltr'><strong>ὁ</strong></span> <span class='ocrx_word' id='word_1_149' title='bbox 3135 774 3269 839; x_wconf 85' lang='grc' dir='ltr'><strong>Θεός</strong></span> <span class='ocrx_word' id='word_1_150' title='bbox 3319 777 3459 839; x_wconf 76' lang='grc' dir='ltr'><strong>ἐστι,</strong></span> <span class='ocrx_word' id='word_1_151' title='bbox 3512 776 3614 830; x_wconf 73' lang='grc' dir='ltr'><strong>καὶ</strong></span> <span class='ocrx_word' id='word_1_152' title='bbox 3681 782 3692 813; x_wconf 83' lang='grc'><strong>-“</strong></span> 
     </span>
     <span class='ocr_line' id='line_1_21' title="bbox 2030 865 3692 944; baseline -0.008 -13"><span class='ocrx_word' id='word_1_153' title='bbox 2030 877 2133 931; x_wconf 86' lang='grc' dir='ltr'><strong>οὐκ</strong></span> <span class='ocrx_word' id='word_1_154' title='bbox 2168 875 2282 930; x_wconf 70' lang='grc' dir='ltr'><strong>ἔστι</strong></span> <span class='ocrx_word' id='word_1_155' title='bbox 2315 873 2448 938; x_wconf 88' lang='grc' dir='ltr'><strong>Θεὸς</strong></span> <span class='ocrx_word' id='word_1_156' title='bbox 2481 870 2619 944; x_wconf 82' lang='grc' dir='ltr'><strong>πλὴν</strong></span> <span class='ocrx_word' id='word_1_157' title='bbox 2652 870 2767 926; x_wconf 83' lang='grc' dir='ltr'><strong>σοῦ.</strong></span> <span class='ocrx_word' id='word_1_158' title='bbox 2808 889 2829 921; x_wconf 84' lang='lat'>›</span> <span class='ocrx_word' id='word_1_159' title='bbox 2869 869 3141 937; x_wconf 69' lang='grc' dir='ltr'><strong>Αἴγυπτον</strong></span> <span class='ocrx_word' id='word_1_160' title='bbox 3172 865 3230 919; x_wconf 83' lang='grc' dir='ltr'><strong>δέ</strong></span> <span class='ocrx_word' id='word_1_161' title='bbox 3275 882 3408 935; x_wconf 83' lang='grc' dir='ltr'><strong>φησι</strong></span> <span class='ocrx_word' id='word_1_162' title='bbox 3447 882 3613 919; x_wconf 87' lang='grc' dir='ltr'><strong>κεκο-</strong></span> <span class='ocrx_word' id='word_1_163' title='bbox 3687 877 3692 883; x_wconf 91' lang='grc'>·</span> 
     </span>
     <span class='ocr_line' id='line_1_22' title="bbox 2033 955 3692 1036; baseline -0.01 -13"><span class='ocrx_word' id='word_1_164' title='bbox 2033 965 2286 1022; x_wconf 73' lang='grc' dir='ltr'><strong>πιακὲναι</strong></span> <span class='ocrx_word' id='word_1_165' title='bbox 2324 963 2415 1019; x_wconf 81' lang='grc' dir='ltr'><strong>διὰ</strong></span> <span class='ocrx_word' id='word_1_166' title='bbox 2446 964 2546 1036; x_wconf 78' lang='grc' dir='ltr'><strong>τῆς</strong></span> <span class='ocrx_word' id='word_1_167' title='bbox 2578 960 2960 1032; x_wconf 80' lang='grc' dir='ltr'><strong>εἰδωλολάτρου</strong></span> <span class='ocrx_word' id='word_1_168' title='bbox 2996 956 3225 1027; x_wconf 83' lang='grc' dir='ltr'>πλάνης,</span> <span class='ocrx_word' id='word_1_169' title='bbox 3259 957 3501 1027; x_wconf 75' lang='grc' dir='ltr'><strong>ὁπηνίκα</strong></span> <span class='ocrx_word' id='word_1_170' title='bbox 3534 955 3615 1027; x_wconf 83' lang='grc' dir='ltr'><strong>τῷ</strong></span> <span class='ocrx_word' id='word_1_171' title='bbox 3673 965 3692 995; x_wconf 68' lang='lat'>2</span> 
     </span>
    </p>
   </div>
   <div class='ocr_carea' id='block_1_7' title="bbox 2030 1042 3692 1218">
    <p class='ocr_par' dir='ltr' id='par_1_7' title="bbox 2030 1042 3692 1218">
     <span class='ocr_line' id='line_1_23' title="bbox 2030 1042 3692 1130; baseline -0.014 -16"><span class='ocrx_word' id='word_1_172' title='bbox 2030 1057 2263 1130; x_wconf 77' lang='grc' dir='ltr'><strong>διαδόλῳ</strong></span> <span class='ocrx_word' id='word_1_173' title='bbox 2290 1056 2386 1112; x_wconf 61' lang='grc' dir='ltr'><strong>καὶΙ</strong></span> <span class='ocrx_word' id='word_1_174' title='bbox 2410 1056 2524 1120; x_wconf 76' lang='grc' dir='ltr'><strong>τοῖς</strong></span> <span class='ocrx_word' id='word_1_175' title='bbox 2551 1054 2681 1126; x_wconf 72' lang='grc' dir='ltr'><strong>περὶ</strong></span> <span class='ocrx_word' id='word_1_176' title='bbox 2701 1053 2862 1108; x_wconf 83' lang='grc' dir='ltr'><strong>αὐτὸν</strong></span> <span class='ocrx_word' id='word_1_177' title='bbox 2897 1050 3114 1122; x_wconf 84' lang='grc' dir='ltr'><strong>δαίμοσι</strong></span> <span class='ocrx_word' id='word_1_178' title='bbox 3150 1051 3406 1118; x_wconf 80' lang='grc' dir='ltr'>πονηροῖς</span> <span class='ocrx_word' id='word_1_179' title='bbox 3442 1065 3616 1103; x_wconf 71' lang='grc' dir='ltr'><strong>κατα.</strong></span> <span class='ocrx_word' id='word_1_180' title='bbox 3668 1042 3692 1089; x_wconf 89' lang='grc'><strong>.“.</strong></span> 
     </span>
     <span class='ocr_line' id='line_1_24' title="bbox 2031 1138 3688 1218; baseline -0.008 -15"><span class='ocrx_word' id='word_1_181' title='bbox 2031 1145 2354 1202; x_wconf 74' lang='grc' dir='ltr'><strong>δεδούλωτο·</strong></span> <span class='ocrx_word' id='word_1_182' title='bbox 2395 1144 2537 1218; x_wconf 80' lang='grc' dir='ltr'><strong>πλὴν</strong></span> <span class='ocrx_word' id='word_1_183' title='bbox 2567 1142 2683 1198; x_wconf 77' lang='grc' dir='ltr'><strong>ἀλλ’</strong></span> <span class='ocrx_word' id='word_1_184' title='bbox 2712 1143 2859 1214; x_wconf 86' lang='grc' dir='ltr'><strong>ὅμως</strong></span> <span class='ocrx_word' id='word_1_185' title='bbox 2889 1139 3347 1194; x_wconf 87' lang='grc' dir='ltr'><strong>διαναπαύσεσθαι</strong></span> <span class='ocrx_word' id='word_1_186' title='bbox 3388 1138 3487 1192; x_wconf 84' lang='grc' dir='ltr'><strong>τοῦ</strong></span> <span class='ocrx_word' id='word_1_187' title='bbox 3517 1140 3613 1193; x_wconf 86' lang='grc' dir='ltr'><strong>κό-</strong></span> <span class='ocrx_word' id='word_1_188' title='bbox 3667 1148 3688 1181; x_wconf 80' lang='grc' dir='ltr'><strong>-ῑ</strong></span> 
     </span>
    </p>
   </div>
   <div class='ocr_carea' id='block_1_8' title="bbox 2036 1230 3614 1310">
    <p class='ocr_par' dir='ltr' id='par_1_8' title="bbox 2036 1230 3614 1310">
     <span class='ocr_line' id='line_1_25' title="bbox 2036 1230 3614 1310; baseline -0.006 -16"><span class='ocrx_word' id='word_1_189' title='bbox 2036 1255 2140 1294; x_wconf 86' lang='grc' dir='ltr'><strong>που</strong></span> <span class='ocrx_word' id='word_1_190' title='bbox 2173 1238 2276 1310; x_wconf 80' lang='grc' dir='ltr'><strong>τὴν</strong></span> <span class='ocrx_word' id='word_1_191' title='bbox 2312 1236 2585 1308; x_wconf 73' lang='grc' dir='ltr'><strong>Αἴγυπτον</strong></span> <span class='ocrx_word' id='word_1_192' title='bbox 2623 1232 3047 1303; x_wconf 74' lang='grc' dir='ltr'><strong>ἐπαγγέλλεται·</strong></span> <span class='ocrx_word' id='word_1_193' title='bbox 3094 1231 3163 1284; x_wconf 89' lang='grc' dir='ltr'><strong>δι’</strong></span> <span class='ocrx_word' id='word_1_194' title='bbox 3209 1230 3379 1302; x_wconf 80' lang='grc' dir='ltr'><strong>αὐτῆς</strong></span> <span class='ocrx_word' id='word_1_195' title='bbox 3410 1232 3519 1284; x_wconf 78' lang='grc' dir='ltr'><strong>πᾶν</strong></span> <span class='ocrx_word' id='word_1_196' title='bbox 3550 1231 3614 1285; x_wconf 81' lang='grc' dir='ltr'><strong>τὸ</strong></span> 
     </span>
    </p>
   </div>
   <div class='ocr_carea' id='block_1_9' title="bbox 2033 1322 3692 1403">
    <p class='ocr_par' dir='ltr' id='par_1_9' title="bbox 2033 1322 3692 1403">
     <span class='ocr_line' id='line_1_26' title="bbox 2033 1322 3692 1403; baseline -0.007 -17"><span class='ocrx_word' id='word_1_197' title='bbox 2033 1330 2135 1403; x_wconf 72' lang='grc' dir='ltr'><strong>τῆς</strong></span> <span class='ocrx_word' id='word_1_198' title='bbox 2178 1328 2620 1403; x_wconf 82' lang='grc' dir='ltr'><strong>εἰδωλολατρείας</strong></span> <span class='ocrx_word' id='word_1_199' title='bbox 2664 1325 2821 1396; x_wconf 77' lang='grc' dir='ltr'><strong>γένος</strong></span> <span class='ocrx_word' id='word_1_200' title='bbox 2857 1322 3242 1394; x_wconf 78' lang='grc' dir='ltr'><strong>αἰνιττόμενος.</strong></span> <span class='ocrx_word' id='word_1_201' title='bbox 3297 1341 3318 1375; x_wconf 80' lang='grc' dir='ltr'><strong>ι</strong></span> <span class='ocrx_word' id='word_1_202' title='bbox 3359 1323 3472 1376; x_wconf 70' lang='grc' dir='ltr'><strong>Καὶ</strong></span> <span class='ocrx_word' id='word_1_203' title='bbox 3509 1323 3616 1377; x_wconf 85' lang='grc' dir='ltr'><strong>Σα-</strong></span> <span class='ocrx_word' id='word_1_204' title='bbox 3669 1331 3692 1364; x_wconf 76' lang='lat'>=</span> 
     </span>
    </p>
   </div>
   <div class='ocr_carea' id='block_1_10' title="bbox 3667 1242 3682 1273">
    <p class='ocr_par' dir='ltr' id='par_1_10' title="bbox 3667 1242 3682 1273">
     <span class='ocr_line' id='line_1_27' title="bbox 3667 1242 3682 1273; baseline 0 0"><span class='ocrx_word' id='word_1_205' title='bbox 3667 1242 3682 1273; x_wconf 68' lang='grc' dir='ltr'>ἱ</span> 
     </span>
    </p>
   </div>
   <div class='ocr_carea' id='block_1_11' title="bbox 2035 1411 3676 1495">
    <p class='ocr_par' dir='ltr' id='par_1_11' title="bbox 2035 1411 3676 1495">
     <span class='ocr_line' id='line_1_28' title="bbox 2035 1411 3676 1495; baseline -0.007 -17"><span class='ocrx_word' id='word_1_206' title='bbox 2035 1420 2207 1495; x_wconf 73' lang='grc' dir='ltr'><strong>δαεὶμ</strong></span> <span class='ocrx_word' id='word_1_207' title='bbox 2231 1422 2421 1495; x_wconf 89' lang='grc' dir='ltr'><strong>άνδρες</strong></span> <span class='ocrx_word' id='word_1_208' title='bbox 2441 1419 2656 1493; x_wconf 79' lang='grc' dir='ltr'><strong>ὑψηλοί.</strong></span> <span class='ocrx_word' id='word_1_209' title='bbox 2695 1438 2714 1472; x_wconf 77' lang='grc' dir='ltr'><strong>ι</strong></span> <span class='ocrx_word' id='word_1_210' title='bbox 2740 1419 2818 1471; x_wconf 78' lang='grc' dir='ltr'><strong>Δι’</strong></span> <span class='ocrx_word' id='word_1_211' title='bbox 2843 1411 2919 1474; x_wconf 82' lang='grc' dir='ltr'><strong>ὧν</strong></span> <span class='ocrx_word' id='word_1_212' title='bbox 2940 1416 3225 1488; x_wconf 78' lang='grc' dir='ltr'><strong>σημαίνειν</strong></span> <span class='ocrx_word' id='word_1_213' title='bbox 3242 1415 3385 1469; x_wconf 76' lang='grc' dir='ltr'><strong>ἔοικε</strong></span> <span class='ocrx_word' id='word_1_214' title='bbox 3410 1415 3618 1488; x_wconf 71' lang='grc' dir='ltr'><strong>βάρόα·</strong></span> <span class='ocrx_word' id='word_1_215' title='bbox 3665 1428 3676 1458; x_wconf 90' lang='lat'>:</span> 
     </span>
    </p>
   </div>
   <div class='ocr_carea' id='block_1_12' title="bbox 2039 1506 3616 1587">
    <p class='ocr_par' dir='ltr' id='par_1_12' title="bbox 2039 1506 3616 1587">
     <span class='ocr_line' id='line_1_29' title="bbox 2039 1506 3616 1587; baseline -0.004 -18"><span class='ocrx_word' id='word_1_216' title='bbox 2039 1514 2110 1587; x_wconf 89' lang='grc' dir='ltr'><strong>ρά</strong></span> <span class='ocrx_word' id='word_1_217' title='bbox 2147 1531 2268 1569; x_wconf 89' lang='grc' dir='ltr'><strong>τινα</strong></span> <span class='ocrx_word' id='word_1_218' title='bbox 2297 1515 2392 1568; x_wconf 79' lang='grc' dir='ltr'><strong>καὶ</strong></span> <span class='ocrx_word' id='word_1_219' title='bbox 2422 1506 2693 1586; x_wconf 77' lang='grc' dir='ltr'><strong>ἀνήμερα,</strong></span> <span class='ocrx_word' id='word_1_220' title='bbox 2725 1511 2822 1565; x_wconf 72' lang='grc' dir='ltr'><strong>καὶ</strong></span> <span class='ocrx_word' id='word_1_221' title='bbox 2857 1511 2917 1564; x_wconf 72' lang='grc' dir='ltr'><strong>ἐν</strong></span> <span class='ocrx_word' id='word_1_222' title='bbox 2944 1511 3057 1574; x_wconf 81' lang='grc' dir='ltr'><strong>τοῖς</strong></span> <span class='ocrx_word' id='word_1_223' title='bbox 3093 1509 3349 1577; x_wconf 73' lang='grc' dir='ltr'><strong>ἐξωτάτω</strong></span> <span class='ocrx_word' id='word_1_224' title='bbox 3382 1512 3487 1580; x_wconf 78' lang='grc' dir='ltr'><strong>τῆς</strong></span> <span class='ocrx_word' id='word_1_225' title='bbox 3511 1511 3616 1581; x_wconf 71' lang='grc' dir='ltr'><strong>γῆς</strong></span> 
     </span>
    </p>
   </div>
   <div class='ocr_carea' id='block_1_13' title="bbox 2035 1602 3612 1678">
    <p class='ocr_par' dir='ltr' id='par_1_13' title="bbox 2035 1592 3692 1692">
     <span class='ocr_line' id='line_1_30' title="bbox 2035 1602 3612 1678; baseline 0.015 -19"><span class='ocrx_word' id='word_1_226' title='bbox 2035 1605 2290 1660; x_wconf 75' lang='grc' dir='ltr'><strong>οἰκοῦντα</strong></span> <span class='ocrx_word' id='word_1_227' title='bbox 2310 1605 2437 1678; x_wconf 69' lang='grc' dir='ltr'><strong>ἔθνη</strong></span> <span class='ocrx_word' id='word_1_228' title='bbox 2456 1623 2471 1638; x_wconf 89' lang='grc'><em>·</em></span> <span class='ocrx_word' id='word_1_229' title='bbox 2495 1605 2533 1661; x_wconf 77' lang='grc' dir='ltr'><strong>ἃ,</strong></span> <span class='ocrx_word' id='word_1_230' title='bbox 2558 1605 2624 1677; x_wconf 78' lang='grc' dir='ltr'><strong>δὴ</strong></span> <span class='ocrx_word' id='word_1_231' title='bbox 2652 1602 2959 1660; x_wconf 80' lang='grc' dir='ltr'><strong>δουλεύσειν</strong></span> <span class='ocrx_word' id='word_1_232' title='bbox 2987 1603 3067 1676; x_wconf 80' lang='grc' dir='ltr'><strong>τῷ</strong></span> <span class='ocrx_word' id='word_1_233' title='bbox 3085 1604 3307 1676; x_wconf 66' lang='grc' dir='ltr'><strong>Χριστῷ</strong></span> <span class='ocrx_word' id='word_1_234' title='bbox 3331 1603 3612 1668; x_wconf 52' lang='grc' dir='ltr'><strong>Θεσπιζεν</strong></span> 
     </span>
    </p>
   </div>
   <div class='ocr_carea' id='block_1_14' title="bbox 432 1695 3676 1880">
    <p class='ocr_par' dir='ltr' id='par_1_14' title="bbox 432 1695 3676 1880">
     <span class='ocr_line' id='line_1_31' title="bbox 1940 1695 2416 1770; baseline 0.008 -21"><span class='ocrx_word' id='word_1_235' title='bbox 1940 1759 1952 1770; x_wconf 44' lang='grc'><strong>.</strong></span> <span class='ocrx_word' id='word_1_236' title='bbox 2039 1695 2121 1750; x_wconf 82' lang='grc' dir='ltr'><strong>διὸ</strong></span> <span class='ocrx_word' id='word_1_237' title='bbox 2143 1696 2416 1767; x_wconf 71' lang='grc' dir='ltr'><strong>ἐπιλέγει·</strong></span> 
     </span>
     <span class='ocr_line' id='line_1_32' title="bbox 432 1762 3676 1880; baseline -0.002 -36"><span class='ocrx_word' id='word_1_238' title='bbox 432 1786 599 1847; x_wconf 68' lang='lat' dir='ltr'><strong>Vtu-</strong></span> <span class='ocrx_word' id='word_1_239' title='bbox 626 1791 712 1856; x_wconf 76' lang='grc'><strong>15,</strong></span> <span class='ocrx_word' id='word_1_240' title='bbox 744 1791 833 1847; x_wconf 83' lang='lat' dir='ltr'><strong>l6.</strong></span> <span class='ocrx_word' id='word_1_241' title='bbox 869 1809 889 1844; x_wconf 84' lang='lat' dir='ltr'><strong>t</strong></span> <span class='ocrx_word' id='word_1_242' title='bbox 911 1791 978 1847; x_wconf 81' lang='lat' dir='ltr'><strong>El.</strong></span> <span class='ocrx_word' id='word_1_243' title='bbox 1012 1802 1136 1865; x_wconf 73' lang='lat' dir='ltr'><strong>post</strong></span> <span class='ocrx_word' id='word_1_244' title='bbox 1169 1800 1220 1849; x_wconf 75' lang='lat' dir='ltr'><strong>le</strong></span> <span class='ocrx_word' id='word_1_245' title='bbox 1244 1798 1543 1862; x_wconf 74' lang='lat' dir='ltr'><strong>sequemur</strong></span> <span class='ocrx_word' id='word_1_246' title='bbox 1567 1788 1736 1847; x_wconf 68' lang='lat' dir='ltr'><strong>vincli</strong></span> <span class='ocrx_word' id='word_1_247' title='bbox 1766 1789 1937 1844; x_wconf 67' lang='lat' dir='ltr'><strong>manl-</strong></span> <span class='ocrx_word' id='word_1_248' title='bbox 1969 1762 2012 1819; x_wconf 71' lang='lat' dir='ltr'>B</span> <span class='ocrx_word' id='word_1_249' title='bbox 2113 1827 2133 1861; x_wconf 66' lang='grc'><strong>(</strong></span> <span class='ocrx_word' id='word_1_250' title='bbox 2166 1809 2276 1864; x_wconf 60' lang='grc' dir='ltr'><strong>Καὶ</strong></span> <span class='ocrx_word' id='word_1_251' title='bbox 2294 1808 2469 1863; x_wconf 58' lang='grc' dir='ltr'><strong>ὀπίσω</strong></span> <span class='ocrx_word' id='word_1_252' title='bbox 2501 1825 2595 1864; x_wconf 67' lang='grc' dir='ltr'><strong>σου</strong></span> <span class='ocrx_word' id='word_1_253' title='bbox 2620 1807 3041 1880; x_wconf 57' lang='grc' dir='ltr'><strong>ἀκολουθήσουσι</strong></span> <span class='ocrx_word' id='word_1_254' title='bbox 3061 1806 3332 1879; x_wconf 58' lang='grc' dir='ltr'><strong>δεδεμένοι</strong></span> <span class='ocrx_word' id='word_1_255' title='bbox 3360 1808 3616 1879; x_wconf 56' lang='lat' dir='ltr'><strong>gripone-</strong></span> <span class='ocrx_word' id='word_1_256' title='bbox 3670 1796 3676 1803; x_wconf 82' lang='lat'><em>‘</em></span> 
     </span>
    </p>
   </div>
   <div class='ocr_carea' id='block_1_15' title="bbox 361 1877 1946 3058">
    <p class='ocr_par' dir='ltr' id='par_1_15' title="bbox 361 1877 1944 2689">
     <span class='ocr_line' id='line_1_33' title="bbox 361 1877 1938 1950; baseline -0.003 -12"><span class='ocrx_word' id='word_1_257' title='bbox 361 1882 463 1938; x_wconf 87' lang='lat' dir='ltr'><strong>cis.</strong></span> <span class='ocrx_word' id='word_1_258' title='bbox 502 1882 581 1938; x_wconf 80' lang='lat' dir='ltr'><strong>&#39;l&#39;u</strong></span> <span class='ocrx_word' id='word_1_259' title='bbox 616 1884 762 1940; x_wconf 90' lang='lat' dir='ltr'><strong>enim</strong></span> <span class='ocrx_word' id='word_1_260' title='bbox 807 1899 868 1940; x_wconf 88' lang='lat' dir='ltr'><strong>es</strong></span> <span class='ocrx_word' id='word_1_261' title='bbox 910 1883 1072 1950; x_wconf 85' lang='lat' dir='ltr'><strong>Deus,</strong></span> <span class='ocrx_word' id='word_1_262' title='bbox 1115 1892 1169 1940; x_wconf 86' lang='lat' dir='ltr'><strong>et</strong></span> <span class='ocrx_word' id='word_1_263' title='bbox 1208 1881 1557 1946; x_wconf 76' lang='lat' dir='ltr'><strong>nescivimus,</strong></span> <span class='ocrx_word' id='word_1_264' title='bbox 1586 1878 1731 1936; x_wconf 82' lang='lat' dir='ltr'><strong>Deus</strong></span> <span class='ocrx_word' id='word_1_265' title='bbox 1768 1877 1938 1935; x_wconf 84' lang='lat' dir='ltr'><strong>lsrael</strong></span> 
     </span>
     <span class='ocr_line' id='line_1_34' title="bbox 364 1971 1941 2032; baseline -0.003 -1"><span class='ocrx_word' id='word_1_266' title='bbox 364 1973 627 2031; x_wconf 76' lang='lat' dir='ltr'><strong>salvator.</strong></span> <span class='ocrx_word' id='word_1_267' title='bbox 656 1975 1071 2032; x_wconf 74' lang='lat' dir='ltr'><strong>Confundentur</strong></span> <span class='ocrx_word' id='word_1_268' title='bbox 1093 1983 1150 2031; x_wconf 89' lang='lat' dir='ltr'><strong>et</strong></span> <span class='ocrx_word' id='word_1_269' title='bbox 1176 1972 1503 2030; x_wconf 79' lang='lat' dir='ltr'><strong>erubescent</strong></span> <span class='ocrx_word' id='word_1_270' title='bbox 1534 1986 1725 2027; x_wconf 79' lang='lat' dir='ltr'><strong>omnes</strong></span> <span class='ocrx_word' id='word_1_271' title='bbox 1753 1971 1941 2028; x_wconf 78' lang='lat' dir='ltr'><strong>adver·</strong></span> 
     </span>
     <span class='ocr_line' id='line_1_35' title="bbox 362 2062 1943 2138; baseline -0.003 -15"><span class='ocrx_word' id='word_1_272' title='bbox 362 2066 494 2123; x_wconf 80' lang='lat' dir='ltr'><strong>sarii</strong></span> <span class='ocrx_word' id='word_1_273' title='bbox 532 2067 694 2138; x_wconf 81' lang='lat' dir='ltr'><strong>ejus:</strong></span> <span class='ocrx_word' id='word_1_274' title='bbox 744 2076 802 2124; x_wconf 88' lang='lat' dir='ltr'><strong>et</strong></span> <span class='ocrx_word' id='word_1_275' title='bbox 841 2066 1196 2124; x_wconf 83' lang='lat' dir='ltr'><strong>ambulabunt</strong></span> <span class='ocrx_word' id='word_1_276' title='bbox 1233 2064 1289 2121; x_wconf 87' lang='lat' dir='ltr'><strong>ln</strong></span> <span class='ocrx_word' id='word_1_277' title='bbox 1323 2062 1665 2122; x_wconf 74' lang='lat' dir='ltr'><strong>confusione.</strong></span> <span class='ocrx_word' id='word_1_278' title='bbox 1709 2062 1943 2121; x_wconf 75' lang='lat' dir='ltr'><strong>lnnova·</strong></span> 
     </span>
     <span class='ocr_line' id='line_1_36' title="bbox 363 2155 1944 2229; baseline -0.002 -14"><span class='ocrx_word' id='word_1_279' title='bbox 363 2159 495 2216; x_wconf 80' lang='lat' dir='ltr'><strong>mini</strong></span> <span class='ocrx_word' id='word_1_280' title='bbox 538 2160 607 2217; x_wconf 89' lang='lat' dir='ltr'><strong>ad</strong></span> <span class='ocrx_word' id='word_1_281' title='bbox 642 2173 751 2229; x_wconf 77' lang='lat' dir='ltr'><strong>ne,</strong></span> <span class='ocrx_word' id='word_1_282' title='bbox 786 2159 1000 2216; x_wconf 72' lang='lat' dir='ltr'><strong>insulae.</strong></span> <span class='ocrx_word' id='word_1_283' title='bbox 1026 2177 1048 2213; x_wconf 72' lang='grc' dir='ltr'><strong>ι</strong></span> <span class='ocrx_word' id='word_1_284' title='bbox 1094 2157 1379 2227; x_wconf 81' lang='lat' dir='ltr'><strong>Quomodo</strong></span> <span class='ocrx_word' id='word_1_285' title='bbox 1416 2155 1736 2215; x_wconf 74' lang='lat' dir='ltr'><strong>confusione</strong></span> <span class='ocrx_word' id='word_1_286' title='bbox 1767 2166 1824 2212; x_wconf 88' lang='lat' dir='ltr'><strong>et</strong></span> <span class='ocrx_word' id='word_1_287' title='bbox 1852 2172 1944 2228; x_wconf 89' lang='lat' dir='ltr'><strong>pu·</strong></span> 
     </span>
     <span class='ocr_line' id='line_1_37' title="bbox 361 2246 1942 2323; baseline -0.003 -14"><span class='ocrx_word' id='word_1_288' title='bbox 361 2252 496 2309; x_wconf 84' lang='lat' dir='ltr'><strong>dore</strong></span> <span class='ocrx_word' id='word_1_289' title='bbox 540 2252 731 2323; x_wconf 90' lang='lat' dir='ltr'><strong>repleti</strong></span> <span class='ocrx_word' id='word_1_290' title='bbox 781 2254 915 2320; x_wconf 88' lang='lat' dir='ltr'><strong>sint,</strong></span> <span class='ocrx_word' id='word_1_291' title='bbox 963 2265 1155 2308; x_wconf 77' lang='lat' dir='ltr'><strong>omnes</strong></span> <span class='ocrx_word' id='word_1_292' title='bbox 1178 2288 1199 2319; x_wconf 86' lang='lat'><strong>,</strong></span> <span class='ocrx_word' id='word_1_293' title='bbox 1242 2249 1337 2321; x_wconf 80' lang='lat' dir='ltr'><strong>qui</strong></span> <span class='ocrx_word' id='word_1_294' title='bbox 1386 2246 1559 2305; x_wconf 75' lang='lat' dir='ltr'><strong>variis</strong></span> <span class='ocrx_word' id='word_1_295' title='bbox 1606 2247 1942 2319; x_wconf 76' lang='lat' dir='ltr'><strong>temporibus</strong></span> 
     </span>
     <span class='ocr_line' id='line_1_38' title="bbox 362 2339 1942 2415; baseline -0.001 -19"><span class='ocrx_word' id='word_1_296' title='bbox 362 2342 660 2400; x_wconf 77' lang='lat' dir='ltr'><strong>adversarii</strong></span> <span class='ocrx_word' id='word_1_297' title='bbox 691 2344 865 2411; x_wconf 75' lang='lat' dir='ltr'><strong>fuere,</strong></span> <span class='ocrx_word' id='word_1_298' title='bbox 918 2343 1130 2415; x_wconf 86' lang='lat' dir='ltr'><strong>ipsique</strong></span> <span class='ocrx_word' id='word_1_299' title='bbox 1174 2339 1363 2412; x_wconf 86' lang='lat' dir='ltr'><strong>populi</strong></span> <span class='ocrx_word' id='word_1_300' title='bbox 1409 2354 1477 2397; x_wconf 73' lang='lat' dir='ltr'><strong>ex</strong></span> <span class='ocrx_word' id='word_1_301' title='bbox 1527 2339 1942 2396; x_wconf 75' lang='lat' dir='ltr'><strong>circumcisione</strong></span> 
     </span>
     <span class='ocr_line' id='line_1_39' title="bbox 363 2430 1943 2506; baseline 0 -19"><span class='ocrx_word' id='word_1_302' title='bbox 363 2443 524 2506; x_wconf 81' lang='lat' dir='ltr'><strong>atque</strong></span> <span class='ocrx_word' id='word_1_303' title='bbox 568 2448 637 2491; x_wconf 82' lang='lat' dir='ltr'><strong>ex</strong></span> <span class='ocrx_word' id='word_1_304' title='bbox 683 2436 935 2502; x_wconf 64' lang='lat' dir='ltr'><strong>gentibus</strong></span> <span class='ocrx_word' id='word_1_305' title='bbox 978 2434 1253 2500; x_wconf 77' lang='lat' dir='ltr'><strong>universi,</strong></span> <span class='ocrx_word' id='word_1_306' title='bbox 1301 2431 1393 2503; x_wconf 87' lang='lat' dir='ltr'><strong>qui</strong></span> <span class='ocrx_word' id='word_1_307' title='bbox 1436 2442 1626 2489; x_wconf 83' lang='lat' dir='ltr'><strong>eontra</strong></span> <span class='ocrx_word' id='word_1_308' title='bbox 1680 2430 1943 2488; x_wconf 81' lang='lat' dir='ltr'><strong>ecelesias</strong></span> 
     </span>
     <span class='ocr_line' id='line_1_40' title="bbox 363 2522 1942 2597; baseline 0.002 -20"><span class='ocrx_word' id='word_1_309' title='bbox 363 2526 483 2597; x_wconf 66' lang='lat' dir='ltr'><strong>eJus</strong></span> <span class='ocrx_word' id='word_1_310' title='bbox 563 2526 994 2597; x_wconf 77' lang='lat' dir='ltr'><strong>persecutionem</strong></span> <span class='ocrx_word' id='word_1_311' title='bbox 1053 2524 1403 2595; x_wconf 77' lang='lat' dir='ltr'><strong>excitarunt,</strong></span> <span class='ocrx_word' id='word_1_312' title='bbox 1470 2522 1607 2595; x_wconf 78' lang='lat' dir='ltr'><strong>ipsis</strong></span> <span class='ocrx_word' id='word_1_313' title='bbox 1676 2524 1942 2597; x_wconf 81' lang='lat' dir='ltr'><strong>operibus</strong></span> 
     </span>
     <span class='ocr_line' id='line_1_41' title="bbox 366 2616 1403 2689; baseline -0.001 -15"><span class='ocrx_word' id='word_1_314' title='bbox 366 2618 542 2688; x_wconf 70' lang='lat' dir='ltr'><strong>ntassis</strong></span> <span class='ocrx_word' id='word_1_315' title='bbox 577 2633 739 2689; x_wconf 74' lang='lat' dir='ltr'><strong>quam</strong></span> <span class='ocrx_word' id='word_1_316' title='bbox 785 2631 1037 2675; x_wconf 88' lang='lat' dir='ltr'><strong>sermone</strong></span> <span class='ocrx_word' id='word_1_317' title='bbox 1072 2616 1403 2673; x_wconf 85' lang='lat' dir='ltr'><strong>declaratur.</strong></span> 
     </span>
    </p>

    <p class='ocr_par' dir='ltr' id='par_1_16' title="bbox 367 2706 1946 3058">
     <span class='ocr_line' id='line_1_42' title="bbox 436 2706 1946 2777; baseline 0.001 -13"><span class='ocrx_word' id='word_1_318' title='bbox 436 2706 601 2765; x_wconf 74' lang='lat' dir='ltr'><strong>Vns.</strong></span> <span class='ocrx_word' id='word_1_319' title='bbox 638 2709 725 2764; x_wconf 77' lang='lat'><strong>¹7.</strong></span> <span class='ocrx_word' id='word_1_320' title='bbox 790 2727 810 2762; x_wconf 86' lang='grc' dir='ltr'><strong>ι</strong></span> <span class='ocrx_word' id='word_1_321' title='bbox 843 2709 1007 2766; x_wconf 85' lang='lat' dir='ltr'><strong>lsrael</strong></span> <span class='ocrx_word' id='word_1_322' title='bbox 1069 2708 1312 2765; x_wconf 77' lang='lat' dir='ltr'><strong>salvatur</strong></span> <span class='ocrx_word' id='word_1_323' title='bbox 1357 2723 1390 2765; x_wconf 86' lang='lat' dir='ltr'><strong>a</strong></span> <span class='ocrx_word' id='word_1_324' title='bbox 1440 2706 1706 2777; x_wconf 81' lang='lat' dir='ltr'><strong>Domino.</strong></span> <span class='ocrx_word' id='word_1_325' title='bbox 1764 2707 1946 2766; x_wconf 78' lang='lat' dir='ltr'><strong>salute</strong></span> 
     </span>
     <span class='ocr_line' id='line_1_43' title="bbox 367 2800 1944 2871; baseline 0.001 -16"><span class='ocrx_word' id='word_1_326' title='bbox 367 2809 570 2857; x_wconf 77' lang='lat' dir='ltr'><strong>aetcrna</strong></span> <span class='ocrx_word' id='word_1_327' title='bbox 614 2819 628 2857; x_wconf 73' lang='grc' dir='ltr'><strong>ε</strong></span> <span class='ocrx_word' id='word_1_328' title='bbox 670 2817 777 2856; x_wconf 87' lang='lat' dir='ltr'><strong>uon</strong></span> <span class='ocrx_word' id='word_1_329' title='bbox 830 2800 1251 2864; x_wconf 75' lang='lat' dir='ltr'><strong>confundentur.</strong></span> <span class='ocrx_word' id='word_1_330' title='bbox 1298 2814 1477 2871; x_wconf 81' lang='lat' dir='ltr'><strong>neque</strong></span> <span class='ocrx_word' id='word_1_331' title='bbox 1499 2800 1824 2858; x_wconf 77' lang='lat' dir='ltr'><strong>erubescent</strong></span> <span class='ocrx_word' id='word_1_332' title='bbox 1853 2815 1944 2856; x_wconf 80' lang='lat' dir='ltr'><strong>us·</strong></span> 
     </span>
     <span class='ocr_line' id='line_1_44' title="bbox 367 2892 1944 2966; baseline -0.001 -16"><span class='ocrx_word' id='word_1_333' title='bbox 367 2909 475 2966; x_wconf 80' lang='lat' dir='ltr'><strong>que</strong></span> <span class='ocrx_word' id='word_1_334' title='bbox 501 2895 554 2949; x_wconf 89' lang='lat' dir='ltr'><strong>iu</strong></span> <span class='ocrx_word' id='word_1_335' title='bbox 582 2909 865 2951; x_wconf 79' lang='lat' dir='ltr'><strong>aeternum.</strong></span> <span class='ocrx_word' id='word_1_336' title='bbox 891 2912 911 2947; x_wconf 74' lang='grc' dir='ltr'><strong>ι</strong></span> <span class='ocrx_word' id='word_1_337' title='bbox 951 2892 1076 2951; x_wconf 80' lang='lat' dir='ltr'><strong>ilaec</strong></span> <span class='ocrx_word' id='word_1_338' title='bbox 1103 2907 1267 2965; x_wconf 81' lang='lat' dir='ltr'><strong>porro</strong></span> <span class='ocrx_word' id='word_1_339' title='bbox 1291 2892 1625 2965; x_wconf 76' lang='lat' dir='ltr'><strong>conjunctim</strong></span> <span class='ocrx_word' id='word_1_340' title='bbox 1654 2900 1843 2963; x_wconf 83' lang='lat' dir='ltr'><strong>postea</strong></span> <span class='ocrx_word' id='word_1_341' title='bbox 1876 2893 1944 2947; x_wconf 85' lang='lat' dir='ltr'><strong>de</strong></span> 
     </span>
     <span class='ocr_line' id='line_1_45' title="bbox 368 2985 1939 3058; baseline -0.001 -16"><span class='ocrx_word' id='word_1_342' title='bbox 368 2988 642 3058; x_wconf 79' lang='lat' dir='ltr'><strong>apostolis.</strong></span> <span class='ocrx_word' id='word_1_343' title='bbox 682 2987 966 3058; x_wconf 70' lang='lat' dir='ltr'><strong>discipulis</strong></span> <span class='ocrx_word' id='word_1_344' title='bbox 997 2994 1053 3042; x_wconf 87' lang='lat' dir='ltr'><strong>et</strong></span> <span class='ocrx_word' id='word_1_345' title='bbox 1107 2986 1461 3056; x_wconf 75' lang='lat' dir='ltr'><strong>evangelistis</strong></span> <span class='ocrx_word' id='word_1_346' title='bbox 1492 2985 1796 3042; x_wconf 77' lang='lat' dir='ltr'><strong>Salvatoris</strong></span> <span class='ocrx_word' id='word_1_347' title='bbox 1837 2999 1939 3041; x_wconf 79' lang='lat' dir='ltr'><strong>no·</strong></span> 
     </span>
    </p>
   </div>
   <div class='ocr_carea' id='block_1_16' title="bbox 369 3170 1943 4254">
    <p class='ocr_par' dir='ltr' id='par_1_17' title="bbox 369 3170 1941 3504">
     <span class='ocr_line' id='line_1_46' title="bbox 369 3170 1937 3242; baseline -0.001 -14"><span class='ocrx_word' id='word_1_348' title='bbox 369 3173 542 3228; x_wconf 86' lang='lat' dir='ltr'><strong>salute</strong></span> <span class='ocrx_word' id='word_1_349' title='bbox 585 3173 862 3229; x_wconf 90' lang='lat' dir='ltr'><strong>donatur:</strong></span> <span class='ocrx_word' id='word_1_350' title='bbox 901 3187 966 3229; x_wconf 89' lang='lat' dir='ltr'><strong>ac</strong></span> <span class='ocrx_word' id='word_1_351' title='bbox 1014 3187 1201 3228; x_wconf 90' lang='lat' dir='ltr'><strong>eorum</strong></span> <span class='ocrx_word' id='word_1_352' title='bbox 1254 3185 1418 3242; x_wconf 83' lang='lat' dir='ltr'><strong>opera</strong></span> <span class='ocrx_word' id='word_1_353' title='bbox 1471 3170 1786 3240; x_wconf 85' lang='lat' dir='ltr'><strong>plerumque</strong></span> <span class='ocrx_word' id='word_1_354' title='bbox 1820 3184 1937 3226; x_wconf 89' lang='lat' dir='ltr'><strong>me·</strong></span> 
     </span>
     <span class='ocr_line' id='line_1_47' title="bbox 373 3261 1939 3321; baseline -0.001 -2"><span class='ocrx_word' id='word_1_355' title='bbox 373 3274 593 3321; x_wconf 70' lang='lat' dir='ltr'><strong>morutze</strong></span> <span class='ocrx_word' id='word_1_356' title='bbox 641 3264 828 3319; x_wconf 79' lang='lat' dir='ltr'><strong>insutae</strong></span> <span class='ocrx_word' id='word_1_357' title='bbox 878 3273 1146 3320; x_wconf 68' lang='lat' dir='ltr'><strong>renovatae</strong></span> <span class='ocrx_word' id='word_1_358' title='bbox 1194 3272 1342 3320; x_wconf 83' lang='lat' dir='ltr'><strong>sunt.</strong></span> <span class='ocrx_word' id='word_1_359' title='bbox 1392 3262 1561 3318; x_wconf 80' lang='lat' dir='ltr'><strong>Erant</strong></span> <span class='ocrx_word' id='word_1_360' title='bbox 1605 3272 1784 3318; x_wconf 80' lang='lat' dir='ltr'><strong>autem</strong></span> <span class='ocrx_word' id='word_1_361' title='bbox 1835 3261 1939 3318; x_wconf 68' lang='lat' dir='ltr'><strong>illae</strong></span> 
     </span>
     <span class='ocr_line' id='line_1_48' title="bbox 374 3355 1941 3429; baseline -0.001 -17"><span class='ocrx_word' id='word_1_362' title='bbox 374 3356 465 3412; x_wconf 85' lang='lat' dir='ltr'><strong>Dei</strong></span> <span class='ocrx_word' id='word_1_363' title='bbox 524 3355 769 3413; x_wconf 71' lang='lat' dir='ltr'><strong>ecclesiae</strong></span> <span class='ocrx_word' id='word_1_364' title='bbox 830 3372 952 3429; x_wconf 71' lang='lat' dir='ltr'><strong>quae</strong></span> <span class='ocrx_word' id='word_1_365' title='bbox 1017 3370 1115 3412; x_wconf 90' lang='lat' dir='ltr'><strong>ceu</strong></span> <span class='ocrx_word' id='word_1_366' title='bbox 1182 3356 1317 3412; x_wconf 77' lang='lat' dir='ltr'><strong>muri</strong></span> <span class='ocrx_word' id='word_1_367' title='bbox 1380 3355 1504 3411; x_wconf 71' lang='lat' dir='ltr'><strong>vitm</strong></span> <span class='ocrx_word' id='word_1_368' title='bbox 1572 3355 1770 3410; x_wconf 78' lang='lat' dir='ltr'><strong>malitia</strong></span> <span class='ocrx_word' id='word_1_369' title='bbox 1822 3370 1941 3410; x_wconf 81' lang='lat' dir='ltr'><strong>atn-</strong></span> 
     </span>
     <span class='ocr_line' id='line_1_49' title="bbox 370 3449 614 3504; baseline 0 0"><span class='ocrx_word' id='word_1_370' title='bbox 370 3449 614 3504; x_wconf 88' lang='lat' dir='ltr'><strong>biuntur.</strong></span> 
     </span>
    </p>

    <p class='ocr_par' dir='ltr' id='par_1_18' title="bbox 371 3536 1943 4254">
     <span class='ocr_line' id='line_1_50' title="bbox 444 3536 1939 3610; baseline -0.002 -13"><span class='ocrx_word' id='word_1_371' title='bbox 444 3541 605 3597; x_wconf 78' lang='lat' dir='ltr'><strong>Vns.</strong></span> <span class='ocrx_word' id='word_1_372' title='bbox 637 3540 725 3605; x_wconf 77' lang='lat'><strong>¹8,</strong></span> <span class='ocrx_word' id='word_1_373' title='bbox 752 3539 841 3596; x_wconf 77' lang='grc'><strong>19.</strong></span> <span class='ocrx_word' id='word_1_374' title='bbox 883 3558 903 3592; x_wconf 75' lang='grc' dir='ltr'><strong>ι</strong></span> <span class='ocrx_word' id='word_1_375' title='bbox 927 3536 1018 3595; x_wconf 91' lang='lat' dir='ltr'><strong>Sic</strong></span> <span class='ocrx_word' id='word_1_376' title='bbox 1047 3537 1181 3596; x_wconf 89' lang='lat' dir='ltr'><strong>dicit</strong></span> <span class='ocrx_word' id='word_1_377' title='bbox 1214 3538 1497 3604; x_wconf 83' lang='lat' dir='ltr'><strong>Dominus,</strong></span> <span class='ocrx_word' id='word_1_378' title='bbox 1528 3538 1621 3610; x_wconf 83' lang='lat' dir='ltr'><strong>qui</strong></span> <span class='ocrx_word' id='word_1_379' title='bbox 1669 3536 1800 3595; x_wconf 81' lang='lat' dir='ltr'><strong>t&#39;ecit</strong></span> <span class='ocrx_word' id='word_1_380' title='bbox 1826 3552 1939 3595; x_wconf 82' lang='lat' dir='ltr'><strong>coe·</strong></span> 
     </span>
     <span class='ocr_line' id='line_1_51' title="bbox 373 3630 1935 3703; baseline -0.002 -16"><span class='ocrx_word' id='word_1_381' title='bbox 373 3632 483 3687; x_wconf 85' lang='lat' dir='ltr'><strong>lum</strong></span> <span class='ocrx_word' id='word_1_382' title='bbox 516 3651 532 3689; x_wconf 71' lang='grc' dir='ltr'><strong>ι</strong></span> <span class='ocrx_word' id='word_1_383' title='bbox 574 3633 676 3689; x_wconf 91' lang='lat' dir='ltr'><strong>iste</strong></span> <span class='ocrx_word' id='word_1_384' title='bbox 710 3632 872 3698; x_wconf 83' lang='lat' dir='ltr'><strong>Deus,</strong></span> <span class='ocrx_word' id='word_1_385' title='bbox 912 3632 1003 3703; x_wconf 84' lang='lat' dir='ltr'><strong>qui</strong></span> <span class='ocrx_word' id='word_1_386' title='bbox 1027 3632 1266 3688; x_wconf 77' lang='lat' dir='ltr'><strong>ostendit</strong></span> <span class='ocrx_word' id='word_1_387' title='bbox 1292 3641 1519 3698; x_wconf 83' lang='lat' dir='ltr'><strong>terram,</strong></span> <span class='ocrx_word' id='word_1_388' title='bbox 1554 3641 1610 3686; x_wconf 91' lang='lat' dir='ltr'><strong>et</strong></span> <span class='ocrx_word' id='word_1_389' title='bbox 1635 3630 1767 3687; x_wconf 74' lang='lat' dir='ltr'><strong>fecit</strong></span> <span class='ocrx_word' id='word_1_390' title='bbox 1791 3646 1935 3697; x_wconf 80' lang='lat' dir='ltr'><strong>eam,</strong></span> 
     </span>
     <span class='ocr_line' id='line_1_52' title="bbox 375 3722 1943 3798; baseline -0.003 -17"><span class='ocrx_word' id='word_1_391' title='bbox 375 3727 489 3798; x_wconf 80' lang='lat' dir='ltr'><strong>ipse</strong></span> <span class='ocrx_word' id='word_1_392' title='bbox 530 3726 779 3783; x_wconf 81' lang='lat' dir='ltr'><strong>distinxit</strong></span> <span class='ocrx_word' id='word_1_393' title='bbox 819 3739 962 3780; x_wconf 83' lang='lat' dir='ltr'><strong>eam.</strong></span> <span class='ocrx_word' id='word_1_394' title='bbox 1013 3722 1129 3780; x_wconf 84' lang='lat' dir='ltr'><strong>Non</strong></span> <span class='ocrx_word' id='word_1_395' title='bbox 1171 3723 1370 3780; x_wconf 72' lang='lat' dir='ltr'><strong>frustra</strong></span> <span class='ocrx_word' id='word_1_396' title='bbox 1413 3722 1541 3779; x_wconf 76' lang='lat' dir='ltr'><strong>fecit</strong></span> <span class='ocrx_word' id='word_1_397' title='bbox 1580 3738 1718 3787; x_wconf 85' lang='lat' dir='ltr'><strong>eam,</strong></span> <span class='ocrx_word' id='word_1_398' title='bbox 1754 3722 1851 3778; x_wconf 84' lang='lat' dir='ltr'><strong>sed</strong></span> <span class='ocrx_word' id='word_1_399' title='bbox 1883 3729 1943 3777; x_wconf 91' lang='lat' dir='ltr'><strong>ut</strong></span> 
     </span>
     <span class='ocr_line' id='line_1_53' title="bbox 371 3813 1941 3887; baseline -0.004 -13"><span class='ocrx_word' id='word_1_400' title='bbox 371 3818 711 3874; x_wconf 78' lang='lat' dir='ltr'><strong>habitaretur</strong></span> <span class='ocrx_word' id='word_1_401' title='bbox 741 3816 1024 3887; x_wconf 82' lang='lat' dir='ltr'><strong>plasmavit</strong></span> <span class='ocrx_word' id='word_1_402' title='bbox 1062 3831 1205 3872; x_wconf 81' lang='lat' dir='ltr'><strong>eam.</strong></span> <span class='ocrx_word' id='word_1_403' title='bbox 1261 3815 1375 3887; x_wconf 82' lang='lat' dir='ltr'><strong>Ego</strong></span> <span class='ocrx_word' id='word_1_404' title='bbox 1414 3830 1532 3871; x_wconf 88' lang='lat' dir='ltr'><strong>sum</strong></span> <span class='ocrx_word' id='word_1_405' title='bbox 1564 3813 1838 3878; x_wconf 83' lang='lat' dir='ltr'><strong>Dominus,</strong></span> <span class='ocrx_word' id='word_1_406' title='bbox 1885 3823 1941 3869; x_wconf 91' lang='lat' dir='ltr'><strong>et</strong></span> 
     </span>
     <span class='ocr_line' id='line_1_54' title="bbox 375 3904 1943 3979; baseline -0.002 -15"><span class='ocrx_word' id='word_1_407' title='bbox 375 3925 482 3966; x_wconf 87' lang='lat' dir='ltr'><strong>nou</strong></span> <span class='ocrx_word' id='word_1_408' title='bbox 512 3904 595 3964; x_wconf 77' lang='lat' dir='ltr'><strong>es&#39;t</strong></span> <span class='ocrx_word' id='word_1_409' title='bbox 629 3907 786 3962; x_wconf 81' lang='lat' dir='ltr'><strong>alius.</strong></span> <span class='ocrx_word' id='word_1_410' title='bbox 810 3926 830 3961; x_wconf 74' lang='grc' dir='ltr'><strong>ι</strong></span> <span class='ocrx_word' id='word_1_411' title='bbox 885 3907 978 3963; x_wconf 82' lang='lat' dir='ltr'><strong>llis</strong></span> <span class='ocrx_word' id='word_1_412' title='bbox 1006 3911 1250 3974; x_wconf 83' lang='lat' dir='ltr'><strong>docetur,</strong></span> <span class='ocrx_word' id='word_1_413' title='bbox 1296 3920 1401 3962; x_wconf 91' lang='lat' dir='ltr'><strong>non</strong></span> <span class='ocrx_word' id='word_1_414' title='bbox 1448 3906 1801 3979; x_wconf 82' lang='lat' dir='ltr'><strong>ignorandum</strong></span> <span class='ocrx_word' id='word_1_415' title='bbox 1843 3920 1943 3961; x_wconf 90' lang='lat' dir='ltr'><strong>no-</strong></span> 
     </span>
     <span class='ocr_line' id='line_1_55' title="bbox 376 3998 1938 4072; baseline -0.003 -15"><span class='ocrx_word' id='word_1_416' title='bbox 376 4002 500 4068; x_wconf 88' lang='lat' dir='ltr'><strong>bis,</strong></span> <span class='ocrx_word' id='word_1_417' title='bbox 554 3998 829 4055; x_wconf 83' lang='lat' dir='ltr'><strong>bominum</strong></span> <span class='ocrx_word' id='word_1_418' title='bbox 888 4015 1056 4071; x_wconf 81' lang='lat' dir='ltr'><strong>genus</strong></span> <span class='ocrx_word' id='word_1_419' title='bbox 1117 4014 1312 4072; x_wconf 73' lang='lat' dir='ltr'><strong>magno</strong></span> <span class='ocrx_word' id='word_1_420' title='bbox 1360 4000 1501 4068; x_wconf 90' lang='lat' dir='ltr'><strong>apud</strong></span> <span class='ocrx_word' id='word_1_421' title='bbox 1561 3999 1938 4055; x_wconf 84' lang='lat' dir='ltr'><strong>universorum</strong></span> 
     </span>
     <span class='ocr_line' id='line_1_56' title="bbox 379 4091 1943 4160; baseline -0.003 -10"><span class='ocrx_word' id='word_1_422' title='bbox 379 4092 660 4150; x_wconf 87' lang='lat' dir='ltr'><strong>Dominum</strong></span> <span class='ocrx_word' id='word_1_423' title='bbox 704 4091 868 4147; x_wconf 88' lang='lat' dir='ltr'><strong>Deum</strong></span> <span class='ocrx_word' id='word_1_424' title='bbox 920 4095 972 4147; x_wconf 91' lang='lat' dir='ltr'><strong>iu</strong></span> <span class='ocrx_word' id='word_1_425' title='bbox 1015 4093 1221 4148; x_wconf 88' lang='lat' dir='ltr'><strong>bonore</strong></span> <span class='ocrx_word' id='word_1_426' title='bbox 1264 4091 1503 4147; x_wconf 78' lang='lat' dir='ltr'><strong>habitum</strong></span> <span class='ocrx_word' id='word_1_427' title='bbox 1549 4104 1671 4146; x_wconf 87' lang='lat' dir='ltr'><strong>esse</strong></span> <span class='ocrx_word' id='word_1_428' title='bbox 1716 4107 1729 4145; x_wconf 74' lang='grc' dir='ltr'>ε</span> <span class='ocrx_word' id='word_1_429' title='bbox 1773 4103 1943 4160; x_wconf 86' lang='lat' dir='ltr'><strong>quare</strong></span> 
     </span>
     <span class='ocr_line' id='line_1_57' title="bbox 376 4183 1942 4254; baseline -0.003 -14"><span class='ocrx_word' id='word_1_430' title='bbox 376 4186 548 4254; x_wconf 87' lang='lat' dir='ltr'><strong>ipsum</strong></span> <span class='ocrx_word' id='word_1_431' title='bbox 585 4183 808 4240; x_wconf 77' lang='lat' dir='ltr'><strong>salutari</strong></span> <span class='ocrx_word' id='word_1_432' title='bbox 851 4184 1135 4240; x_wconf 82' lang='lat' dir='ltr'><strong>vocatione</strong></span> <span class='ocrx_word' id='word_1_433' title='bbox 1166 4184 1418 4254; x_wconf 80' lang='lat' dir='ltr'><strong>diguatus</strong></span> <span class='ocrx_word' id='word_1_434' title='bbox 1443 4191 1554 4249; x_wconf 84' lang='lat' dir='ltr'><strong>est,</strong></span> <span class='ocrx_word' id='word_1_435' title='bbox 1583 4196 1794 4238; x_wconf 89' lang='lat' dir='ltr'><strong>necuou</strong></span> <span class='ocrx_word' id='word_1_436' title='bbox 1821 4195 1942 4236; x_wconf 90' lang='lat' dir='ltr'><strong>om·</strong></span> 
     </span>
    </p>
   </div>
   <div class='ocr_carea' id='block_1_17' title="bbox 2035 1889 3692 1972">
    <p class='ocr_par' dir='ltr' id='par_1_19' title="bbox 2035 1889 3692 1972">
     <span class='ocr_line' id='line_1_58' title="bbox 2035 1889 3692 1972; baseline -0.002 -16"><span class='ocrx_word' id='word_1_437' title='bbox 2035 1901 2176 1966; x_wconf 86' lang='grc' dir='ltr'><strong>δαις.</strong></span> <span class='ocrx_word' id='word_1_438' title='bbox 2215 1900 2290 1954; x_wconf 79' lang='grc' dir='ltr'><strong>Σὺ</strong></span> <span class='ocrx_word' id='word_1_439' title='bbox 2322 1900 2432 1972; x_wconf 83' lang='grc' dir='ltr'><strong>γάρ</strong></span> <span class='ocrx_word' id='word_1_440' title='bbox 2466 1895 2518 1953; x_wconf 70' lang='grc' dir='ltr'><strong>εἴ</strong></span> <span class='ocrx_word' id='word_1_441' title='bbox 2558 1900 2714 1966; x_wconf 87' lang='grc' dir='ltr'><strong>Θεὸς,</strong></span> <span class='ocrx_word' id='word_1_442' title='bbox 2746 1901 2840 1954; x_wconf 76' lang='grc' dir='ltr'><strong>καὶ</strong></span> <span class='ocrx_word' id='word_1_443' title='bbox 2867 1899 2965 1954; x_wconf 79' lang='grc' dir='ltr'><strong>οὐκ</strong></span> <span class='ocrx_word' id='word_1_444' title='bbox 2995 1899 3238 1971; x_wconf 65' lang='grc' dir='ltr'><strong>ᾔδειμεν,</strong></span> <span class='ocrx_word' id='word_1_445' title='bbox 3279 1900 3310 1953; x_wconf 85' lang='grc' dir='ltr'><strong>ό</strong></span> <span class='ocrx_word' id='word_1_446' title='bbox 3349 1899 3484 1965; x_wconf 82' lang='grc' dir='ltr'><strong>Θεὸς</strong></span> <span class='ocrx_word' id='word_1_447' title='bbox 3515 1900 3613 1954; x_wconf 86' lang='grc' dir='ltr'><strong>τοῦ</strong></span> <span class='ocrx_word' id='word_1_448' title='bbox 3665 1889 3692 1921; x_wconf 78' lang='grc'><strong>·”</strong></span> 
     </span>
    </p>
   </div>
   <div class='ocr_carea' id='block_1_18' title="bbox 2050 1990 3613 2065">
    <p class='ocr_par' dir='ltr' id='par_1_20' title="bbox 2050 1990 3613 2065">
     <span class='ocr_line' id='line_1_59' title="bbox 2050 1990 3613 2065; baseline 0 -20"><span class='ocrx_word' id='word_1_449' title='bbox 2050 1990 2268 2065; x_wconf 77' lang='grc' dir='ltr'><strong>Ἰσραὴλ</strong></span> <span class='ocrx_word' id='word_1_450' title='bbox 2307 1993 2514 2065; x_wconf 87' lang='grc' dir='ltr'><strong>σωτήρ.</strong></span> <span class='ocrx_word' id='word_1_451' title='bbox 2550 1990 3010 2063; x_wconf 81' lang='grc' dir='ltr'><strong>Αἰσχυνθήσονται</strong></span> <span class='ocrx_word' id='word_1_452' title='bbox 3049 1990 3146 2046; x_wconf 75' lang='grc' dir='ltr'><strong>καὶ</strong></span> <span class='ocrx_word' id='word_1_453' title='bbox 3180 1991 3613 2063; x_wconf 71' lang='grc' dir='ltr'><strong>ἐντραπήσονται</strong></span> 
     </span>
    </p>
   </div>
   <div class='ocr_carea' id='block_1_19' title="bbox 2039 2076 3692 2153">
    <p class='ocr_par' dir='ltr' id='par_1_21' title="bbox 2039 2076 3692 2153">
     <span class='ocr_line' id='line_1_60' title="bbox 2039 2076 3692 2153; baseline -0.001 -18"><span class='ocrx_word' id='word_1_454' title='bbox 2039 2080 2241 2146; x_wconf 78' lang='grc' dir='ltr'><strong>πάντες</strong></span> <span class='ocrx_word' id='word_1_455' title='bbox 2290 2082 2339 2135; x_wconf 82' lang='grc' dir='ltr'><strong>οἰ</strong></span> <span class='ocrx_word' id='word_1_456' title='bbox 2390 2080 2750 2152; x_wconf 79' lang='grc' dir='ltr'><strong>ἀντικείμενοι</strong></span> <span class='ocrx_word' id='word_1_457' title='bbox 2801 2080 2970 2152; x_wconf 83' lang='grc' dir='ltr'><strong>αὐτῷ,</strong></span> <span class='ocrx_word' id='word_1_458' title='bbox 3016 2081 3113 2136; x_wconf 72' lang='grc' dir='ltr'><strong>καὶ</strong></span> <span class='ocrx_word' id='word_1_459' title='bbox 3161 2080 3512 2153; x_wconf 80' lang='grc' dir='ltr'><strong>πορεύσονται</strong></span> <span class='ocrx_word' id='word_1_460' title='bbox 3550 2085 3612 2135; x_wconf 82' lang='grc' dir='ltr'><strong>ὲν</strong></span> <span class='ocrx_word' id='word_1_461' title='bbox 3661 2076 3692 2103; x_wconf 82' lang='lat'><strong>·&#39;</strong></span> 
     </span>
    </p>
   </div>
   <div class='ocr_carea' id='block_1_20' title="bbox 2039 2166 3684 2245">
    <p class='ocr_par' dir='ltr' id='par_1_22' title="bbox 2039 2166 3684 2245">
     <span class='ocr_line' id='line_1_61' title="bbox 2039 2166 3684 2245; baseline 0 -20"><span class='ocrx_word' id='word_1_462' title='bbox 2039 2168 2290 2245; x_wconf 80' lang='grc' dir='ltr'><strong>αἰσχύνῃ.</strong></span> <span class='ocrx_word' id='word_1_463' title='bbox 2359 2168 2762 2240; x_wconf 75' lang='grc' dir='ltr'><strong>Ἐγκαινίζεσθε</strong></span> <span class='ocrx_word' id='word_1_464' title='bbox 2819 2171 2957 2243; x_wconf 84' lang='grc' dir='ltr'><strong>πρὸς</strong></span> <span class='ocrx_word' id='word_1_465' title='bbox 3005 2171 3094 2242; x_wconf 83' lang='grc' dir='ltr'><strong>μὲ,</strong></span> <span class='ocrx_word' id='word_1_466' title='bbox 3142 2171 3317 2242; x_wconf 79' lang='grc' dir='ltr'><strong>νῆσοι.</strong></span> <span class='ocrx_word' id='word_1_467' title='bbox 3357 2189 3378 2223; x_wconf 74' lang='grc' dir='ltr'><strong>ι</strong></span> <span class='ocrx_word' id='word_1_468' title='bbox 3418 2172 3614 2236; x_wconf 83' lang='grc' dir='ltr'><strong>Ὅπως</strong></span> <span class='ocrx_word' id='word_1_469' title='bbox 3663 2166 3684 2195; x_wconf 81' lang='grc'><strong>’-</strong></span> 
     </span>
    </p>
   </div>
   <div class='ocr_carea' id='block_1_21' title="bbox 2039 2261 3692 2337">
    <p class='ocr_par' dir='ltr' id='par_1_23' title="bbox 2039 2261 3692 2337">
     <span class='ocr_line' id='line_1_62' title="bbox 2039 2261 3692 2337; baseline 0.001 -21"><span class='ocrx_word' id='word_1_470' title='bbox 2039 2261 2099 2316; x_wconf 81' lang='grc' dir='ltr'><strong>δὲ</strong></span> <span class='ocrx_word' id='word_1_471' title='bbox 2138 2261 2591 2337; x_wconf 76' lang='grc' dir='ltr'><strong>κατῃσχύνθησαν</strong></span> <span class='ocrx_word' id='word_1_472' title='bbox 2643 2262 2738 2318; x_wconf 75' lang='grc' dir='ltr'><strong>καὶ</strong></span> <span class='ocrx_word' id='word_1_473' title='bbox 2788 2263 3165 2336; x_wconf 81' lang='grc' dir='ltr'><strong>ὲνετράπησαν</strong></span> <span class='ocrx_word' id='word_1_474' title='bbox 3206 2263 3407 2327; x_wconf 87' lang='grc' dir='ltr'><strong>πάντες</strong></span> <span class='ocrx_word' id='word_1_475' title='bbox 3437 2265 3487 2316; x_wconf 82' lang='grc' dir='ltr'><strong>οἱ</strong></span> <span class='ocrx_word' id='word_1_476' title='bbox 3516 2281 3618 2318; x_wconf 80' lang='grc' dir='ltr'><strong>κα·</strong></span> <span class='ocrx_word' id='word_1_477' title='bbox 3677 2262 3692 2288; x_wconf 71' lang='grc'><strong>“’</strong></span> 
     </span>
    </p>
   </div>
   <div class='ocr_carea' id='block_1_22' title="bbox 2040 2351 3616 2426">
    <p class='ocr_par' dir='ltr' id='par_1_24' title="bbox 2040 2351 3616 2426">
     <span class='ocr_line' id='line_1_63' title="bbox 2040 2351 3616 2426; baseline 0.001 -19"><span class='ocrx_word' id='word_1_478' title='bbox 2040 2351 2111 2407; x_wconf 83' lang='grc' dir='ltr'><strong>τὰ</strong></span> <span class='ocrx_word' id='word_1_479' title='bbox 2129 2354 2352 2426; x_wconf 70' lang='grc' dir='ltr'><strong>καιροὺς</strong></span> <span class='ocrx_word' id='word_1_480' title='bbox 2376 2352 2756 2425; x_wconf 73' lang='grc' dir='ltr'><strong>ἀντικείμενοι,</strong></span> <span class='ocrx_word' id='word_1_481' title='bbox 2772 2352 2925 2407; x_wconf 88' lang='grc' dir='ltr'><strong>αύτοί</strong></span> <span class='ocrx_word' id='word_1_482' title='bbox 2952 2369 3012 2406; x_wconf 87' lang='grc' dir='ltr'><strong>τε</strong></span> <span class='ocrx_word' id='word_1_483' title='bbox 3034 2354 3083 2407; x_wconf 83' lang='grc' dir='ltr'><strong>οἰ</strong></span> <span class='ocrx_word' id='word_1_484' title='bbox 3106 2353 3172 2407; x_wconf 80' lang='grc' dir='ltr'><strong>ὲκ</strong></span> <span class='ocrx_word' id='word_1_485' title='bbox 3195 2356 3499 2425; x_wconf 76' lang='grc' dir='ltr'><strong>περιτομῆς</strong></span> <span class='ocrx_word' id='word_1_486' title='bbox 3520 2352 3616 2409; x_wconf 67' lang='grc' dir='ltr'><strong>καὶ</strong></span> 
     </span>
    </p>
   </div>
   <div class='ocr_carea' id='block_1_23' title="bbox 2036 2440 3692 2609">
    <p class='ocr_par' dir='ltr' id='par_1_25' title="bbox 2036 2440 3692 2609">
     <span class='ocr_line' id='line_1_64' title="bbox 2038 2440 3692 2515; baseline -0.001 -19"><span class='ocrx_word' id='word_1_487' title='bbox 2038 2441 2148 2496; x_wconf 85' lang='grc' dir='ltr'><strong>τῶν</strong></span> <span class='ocrx_word' id='word_1_488' title='bbox 2165 2442 2335 2497; x_wconf 84' lang='grc' dir='ltr'><strong>ὲθνῶν</strong></span> <span class='ocrx_word' id='word_1_489' title='bbox 2364 2443 2567 2508; x_wconf 80' lang='grc' dir='ltr'><strong>πάντες</strong></span> <span class='ocrx_word' id='word_1_490' title='bbox 2593 2443 2643 2498; x_wconf 69' lang='lat' dir='ltr'><strong>oi</strong></span> <span class='ocrx_word' id='word_1_491' title='bbox 2667 2444 2793 2507; x_wconf 77' lang='grc' dir='ltr'><strong>τοὺς</strong></span> <span class='ocrx_word' id='word_1_492' title='bbox 2816 2442 2956 2497; x_wconf 77' lang='grc' dir='ltr'><strong>κατὰ</strong></span> <span class='ocrx_word' id='word_1_493' title='bbox 2978 2445 3077 2514; x_wconf 84' lang='grc' dir='ltr'><strong>τῆς</strong></span> <span class='ocrx_word' id='word_1_494' title='bbox 3102 2442 3430 2515; x_wconf 85' lang='grc' dir='ltr'><strong>Ἐκκλησίας</strong></span> <span class='ocrx_word' id='word_1_495' title='bbox 3450 2440 3616 2499; x_wconf 77' lang='grc' dir='ltr'><strong>αὑτοῦ</strong></span> <span class='ocrx_word' id='word_1_496' title='bbox 3684 2444 3692 2475; x_wconf 83' lang='lat'>²</span> 
     </span>
     <span class='ocr_line' id='line_1_65' title="bbox 2036 2533 3692 2609; baseline -0.007 -9"><span class='ocrx_word' id='word_1_497' title='bbox 2036 2533 2312 2606; x_wconf 57' lang='lat' dir='ltr'><strong>ammos&lt;</strong></span> <span class='ocrx_word' id='word_1_498' title='bbox 2341 2533 2658 2604; x_wconf 72' lang='grc' dir='ltr'><strong>ἐξάψαντες,</strong></span> <span class='ocrx_word' id='word_1_499' title='bbox 2682 2535 2885 2599; x_wconf 87' lang='grc' dir='ltr'><strong>παντὸς</strong></span> <span class='ocrx_word' id='word_1_500' title='bbox 2906 2535 3063 2604; x_wconf 83' lang='grc' dir='ltr'><strong>λόγου</strong></span> <span class='ocrx_word' id='word_1_501' title='bbox 3091 2534 3291 2605; x_wconf 79' lang='grc' dir='ltr'><strong>μᾶλλον</strong></span> <span class='ocrx_word' id='word_1_502' title='bbox 3320 2537 3358 2609; x_wconf 78' lang='grc' dir='ltr'><strong>η</strong></span> <span class='ocrx_word' id='word_1_503' title='bbox 3383 2535 3475 2591; x_wconf 87' lang='grc' dir='ltr'><strong>διά</strong></span> <span class='ocrx_word' id='word_1_504' title='bbox 3501 2534 3614 2591; x_wconf 85' lang='grc' dir='ltr'><strong>τῶν</strong></span> <span class='ocrx_word' id='word_1_505' title='bbox 3661 2533 3692 2565; x_wconf 60' lang='lat'><strong>&#39;⁴&#39;</strong></span> 
     </span>
    </p>
   </div>
   <div class='ocr_carea' id='block_1_24' title="bbox 2040 2621 2891 2697">
    <p class='ocr_par' dir='ltr' id='par_1_26' title="bbox 2040 2621 2891 2697">
     <span class='ocr_line' id='line_1_66' title="bbox 2040 2621 2891 2697; baseline 0 -20"><span class='ocrx_word' id='word_1_506' title='bbox 2040 2621 2220 2696; x_wconf 72' lang='grc' dir='ltr'><strong>ἔργων</strong></span> <span class='ocrx_word' id='word_1_507' title='bbox 2247 2622 2521 2697; x_wconf 89' lang='grc' dir='ltr'><strong>μαρτυρία</strong></span> <span class='ocrx_word' id='word_1_508' title='bbox 2546 2625 2891 2697; x_wconf 76' lang='grc' dir='ltr'><strong>παρίστησιν.</strong></span> 
     </span>
    </p>
   </div>
   <div class='ocr_carea' id='block_1_25' title="bbox 368 2714 3692 3436">
    <p class='ocr_par' dir='ltr' id='par_1_27' title="bbox 368 2714 3692 3436">
     <span class='ocr_line' id='line_1_67' title="bbox 2118 2714 3692 2790; baseline 0.003 -24"><span class='ocrx_word' id='word_1_509' title='bbox 2118 2734 2137 2766; x_wconf 76' lang='lat' dir='ltr'><strong>r</strong></span> <span class='ocrx_word' id='word_1_510' title='bbox 2186 2714 2400 2789; x_wconf 78' lang='grc' dir='ltr'><strong>Ἰσραὴλ</strong></span> <span class='ocrx_word' id='word_1_511' title='bbox 2424 2715 2656 2782; x_wconf 78' lang='grc' dir='ltr'><strong>σώζεται</strong></span> <span class='ocrx_word' id='word_1_512' title='bbox 2698 2717 2804 2771; x_wconf 82' lang='grc' dir='ltr'><strong>ὑπὸ</strong></span> <span class='ocrx_word' id='word_1_513' title='bbox 2826 2714 3028 2789; x_wconf 78' lang='grc' dir='ltr'><strong>Κυρίου</strong></span> <span class='ocrx_word' id='word_1_514' title='bbox 3055 2714 3330 2790; x_wconf 79' lang='grc' dir='ltr'><strong>σωτηρίαν</strong></span> <span class='ocrx_word' id='word_1_515' title='bbox 3355 2715 3568 2771; x_wconf 79' lang='grc' dir='ltr'><strong>αἰώνιον</strong></span> <span class='ocrx_word' id='word_1_516' title='bbox 3585 2733 3601 2747; x_wconf 92' lang='grc'>·</span> <span class='ocrx_word' id='word_1_517' title='bbox 3675 2720 3692 2753; x_wconf 83' lang='grc'><strong>’·</strong></span> 
     </span>
     <span class='ocr_line' id='line_1_68' title="bbox 2037 2804 3692 2880; baseline -0.001 -17"><span class='ocrx_word' id='word_1_518' title='bbox 2037 2804 2142 2863; x_wconf 74' lang='grc' dir='ltr'><strong>οὔκ</strong></span> <span class='ocrx_word' id='word_1_519' title='bbox 2187 2805 2653 2879; x_wconf 80' lang='grc' dir='ltr'><strong>αἰσχυνθήσονται,</strong></span> <span class='ocrx_word' id='word_1_520' title='bbox 2695 2806 2816 2862; x_wconf 76' lang='grc' dir='ltr'><strong>οὐδὲ</strong></span> <span class='ocrx_word' id='word_1_521' title='bbox 2870 2808 2946 2880; x_wconf 78' lang='grc' dir='ltr'><strong>μὴ</strong></span> <span class='ocrx_word' id='word_1_522' title='bbox 2994 2806 3326 2879; x_wconf 75' lang='grc' dir='ltr'><strong>ἐντραπῶσιν</strong></span> <span class='ocrx_word' id='word_1_523' title='bbox 3359 2806 3462 2872; x_wconf 67' lang='grc' dir='ltr'><strong>ἕως</strong></span> <span class='ocrx_word' id='word_1_524' title='bbox 3504 2808 3602 2862; x_wconf 78' lang='grc' dir='ltr'><strong>τοῦ</strong></span> <span class='ocrx_word' id='word_1_525' title='bbox 3671 2814 3692 2844; x_wconf 61' lang='grc' dir='ltr'><strong>-ἑ</strong></span> 
     </span>
     <span class='ocr_line' id='line_1_69' title="bbox 2039 2892 3692 2972; baseline -0.001 -18"><span class='ocrx_word' id='word_1_526' title='bbox 2039 2896 2235 2964; x_wconf 78' lang='grc' dir='ltr'><strong>αἰῶνος</strong></span> <span class='ocrx_word' id='word_1_527' title='bbox 2258 2897 2361 2955; x_wconf 71' lang='grc' dir='ltr'><strong>ἔτι.</strong></span> <span class='ocrx_word' id='word_1_528' title='bbox 2396 2917 2418 2953; x_wconf 76' lang='lat' dir='ltr'><strong>t</strong></span> <span class='ocrx_word' id='word_1_529' title='bbox 2443 2900 2555 2955; x_wconf 75' lang='grc' dir='ltr'><strong>Καὶ</strong></span> <span class='ocrx_word' id='word_1_530' title='bbox 2576 2898 2749 2953; x_wconf 85' lang='grc' dir='ltr'><strong>ταῦτα</strong></span> <span class='ocrx_word' id='word_1_531' title='bbox 2778 2900 2835 2954; x_wconf 76' lang='grc' dir='ltr'><strong>δὲ</strong></span> <span class='ocrx_word' id='word_1_532' title='bbox 2858 2898 3167 2960; x_wconf 82' lang='grc' dir='ltr'><strong>ἀκολούθως</strong></span> <span class='ocrx_word' id='word_1_533' title='bbox 3188 2898 3444 2970; x_wconf 79' lang='grc' dir='ltr'><strong>συνῆπται</strong></span> <span class='ocrx_word' id='word_1_534' title='bbox 3469 2902 3603 2972; x_wconf 74' lang='grc' dir='ltr'><strong>περὶ</strong></span> <span class='ocrx_word' id='word_1_535' title='bbox 3677 2892 3692 2935; x_wconf 55' lang='lat'><strong>⁷⁴</strong></span> 
     </span>
     <span class='ocr_line' id='line_1_70' title="bbox 2037 2989 3689 3065; baseline -0.001 -19"><span class='ocrx_word' id='word_1_536' title='bbox 2037 2989 2147 3046; x_wconf 82' lang='grc' dir='ltr'><strong>τῶν</strong></span> <span class='ocrx_word' id='word_1_537' title='bbox 2187 2990 2499 3048; x_wconf 73' lang='grc' dir='ltr'><strong>ἀποστόλων</strong></span> <span class='ocrx_word' id='word_1_538' title='bbox 2543 2993 2639 3048; x_wconf 77' lang='grc' dir='ltr'><strong>καὶ</strong></span> <span class='ocrx_word' id='word_1_539' title='bbox 2667 2992 2922 3065; x_wconf 77' lang='grc' dir='ltr'><strong>μαθητῶν</strong></span> <span class='ocrx_word' id='word_1_540' title='bbox 2955 2993 3052 3046; x_wconf 77' lang='grc' dir='ltr'><strong>καὶ</strong></span> <span class='ocrx_word' id='word_1_541' title='bbox 3086 2990 3472 3063; x_wconf 84' lang='grc' dir='ltr'><strong>εὐαγγελιστῶν</strong></span> <span class='ocrx_word' id='word_1_542' title='bbox 3504 2991 3602 3046; x_wconf 73' lang='grc' dir='ltr'><strong>τοῦ</strong></span> <span class='ocrx_word' id='word_1_543' title='bbox 3681 3000 3689 3029; x_wconf 78' lang='lat'>2</span> 
     </span>
     <span class='ocr_line' id='line_1_71' title="bbox 368 3075 3692 3164; baseline 0.001 -28"><span class='ocrx_word' id='word_1_544' title='bbox 368 3081 471 3136; x_wconf 84' lang='lat' dir='ltr'><strong>stri</strong></span> <span class='ocrx_word' id='word_1_545' title='bbox 512 3080 806 3136; x_wconf 84' lang='lat' dir='ltr'><strong>dicuntur:</strong></span> <span class='ocrx_word' id='word_1_546' title='bbox 838 3078 939 3152; x_wconf 81' lang='lat' dir='ltr'><strong>ipsi</strong></span> <span class='ocrx_word' id='word_1_547' title='bbox 987 3093 1224 3151; x_wconf 81' lang='lat' dir='ltr'><strong>namque</strong></span> <span class='ocrx_word' id='word_1_548' title='bbox 1269 3087 1428 3135; x_wconf 83' lang='lat' dir='ltr'><strong>erant</strong></span> <span class='ocrx_word' id='word_1_549' title='bbox 1470 3076 1631 3133; x_wconf 82' lang='lat' dir='ltr'><strong>lsrael</strong></span> <span class='ocrx_word' id='word_1_550' title='bbox 1678 3076 1803 3141; x_wconf 81' lang='lat' dir='ltr'><strong>ille,</strong></span> <span class='ocrx_word' id='word_1_551' title='bbox 1845 3075 1937 3146; x_wconf 88' lang='lat' dir='ltr'><strong>qui</strong></span> <span class='ocrx_word' id='word_1_552' title='bbox 1965 3104 2009 3164; x_wconf 73' lang='lat' dir='ltr'>c</span> <span class='ocrx_word' id='word_1_553' title='bbox 2039 3082 2292 3156; x_wconf 70' lang='grc' dir='ltr'><strong>Σωτῆρος</strong></span> <span class='ocrx_word' id='word_1_554' title='bbox 2310 3082 2498 3157; x_wconf 73' lang='grc' dir='ltr'><strong>ἡμῶν·</strong></span> <span class='ocrx_word' id='word_1_555' title='bbox 2521 3084 2678 3139; x_wconf 74' lang='grc' dir='ltr'><strong>αὐτοὶ</strong></span> <span class='ocrx_word' id='word_1_556' title='bbox 2701 3085 2811 3155; x_wconf 73' lang='grc' dir='ltr'><strong>γὰρ</strong></span> <span class='ocrx_word' id='word_1_557' title='bbox 2827 3079 3015 3156; x_wconf 80' lang='grc' dir='ltr'><strong>ἦσανό</strong></span> <span class='ocrx_word' id='word_1_558' title='bbox 3037 3083 3336 3155; x_wconf 75' lang='grc' dir='ltr'><strong>σωζόμενος</strong></span> <span class='ocrx_word' id='word_1_559' title='bbox 3365 3085 3604 3157; x_wconf 67' lang='grc' dir='ltr'><strong>Ἰσραήλ·</strong></span> <span class='ocrx_word' id='word_1_560' title='bbox 3687 3092 3692 3105; x_wconf 94' lang='grc'>·</span> 
     </span>
     <span class='ocr_line' id='line_1_72' title="bbox 2041 3174 3690 3247; baseline -0.001 -16"><span class='ocrx_word' id='word_1_561' title='bbox 2041 3176 2140 3231; x_wconf 76' lang='grc' dir='ltr'><strong>καὶ</strong></span> <span class='ocrx_word' id='word_1_562' title='bbox 2185 3175 2254 3231; x_wconf 76' lang='grc' dir='ltr'><strong>δι’</strong></span> <span class='ocrx_word' id='word_1_563' title='bbox 2304 3175 2481 3231; x_wconf 77' lang='grc' dir='ltr'><strong>αὐτῶν</strong></span> <span class='ocrx_word' id='word_1_564' title='bbox 2517 3175 2965 3247; x_wconf 79' lang='grc' dir='ltr'><strong>άνεκαινίσθησαν</strong></span> <span class='ocrx_word' id='word_1_565' title='bbox 2996 3175 3053 3228; x_wconf 81' lang='grc' dir='ltr'><strong>αἱ</strong></span> <span class='ocrx_word' id='word_1_566' title='bbox 3085 3174 3343 3240; x_wconf 77' lang='grc' dir='ltr'><strong>πολλάκις</strong></span> <span class='ocrx_word' id='word_1_567' title='bbox 3384 3174 3476 3229; x_wconf 82' lang='grc' dir='ltr'><strong>διὰ</strong></span> <span class='ocrx_word' id='word_1_568' title='bbox 3499 3176 3612 3230; x_wconf 75' lang='grc' dir='ltr'><strong>τῶν</strong></span> <span class='ocrx_word' id='word_1_569' title='bbox 3683 3186 3690 3193; x_wconf 86' lang='grc'><em>·</em></span> 
     </span>
     <span class='ocr_line' id='line_1_73' title="bbox 2040 3260 3692 3344; baseline -0.002 -18"><span class='ocrx_word' id='word_1_570' title='bbox 2040 3269 2348 3344; x_wconf 70' lang='grc' dir='ltr'><strong>ἔμπροσθεν</strong></span> <span class='ocrx_word' id='word_1_571' title='bbox 2384 3269 2704 3342; x_wconf 76' lang='grc' dir='ltr'><strong>δὴλωθεϊσαι</strong></span> <span class='ocrx_word' id='word_1_572' title='bbox 2755 3270 2930 3340; x_wconf 78' lang='grc' dir='ltr'><strong>νῆσοι.</strong></span> <span class='ocrx_word' id='word_1_573' title='bbox 2959 3260 3127 3321; x_wconf 77' lang='grc' dir='ltr'><strong>Δῧται</strong></span> <span class='ocrx_word' id='word_1_574' title='bbox 3154 3266 3214 3320; x_wconf 85' lang='grc' dir='ltr'><strong>δὲ</strong></span> <span class='ocrx_word' id='word_1_575' title='bbox 3242 3263 3381 3339; x_wconf 77' lang='grc' dir='ltr'><strong>ἦσαν</strong></span> <span class='ocrx_word' id='word_1_576' title='bbox 3417 3268 3475 3320; x_wconf 85' lang='grc' dir='ltr'><strong>αἰ</strong></span> <span class='ocrx_word' id='word_1_577' title='bbox 3517 3269 3612 3322; x_wconf 80' lang='grc' dir='ltr'><strong>ὲκ·</strong></span> <span class='ocrx_word' id='word_1_578' title='bbox 3688 3278 3692 3286; x_wconf 87' lang='grc'><strong>“</strong></span> 
     </span>
     <span class='ocr_line' id='line_1_74' title="bbox 2039 3358 3692 3436; baseline -0.002 -20"><span class='ocrx_word' id='word_1_579' title='bbox 2039 3363 2262 3436; x_wconf 88' lang='grc' dir='ltr'><strong>κλησίαι</strong></span> <span class='ocrx_word' id='word_1_580' title='bbox 2302 3361 2563 3416; x_wconf 82' lang='grc' dir='ltr'><strong>τοῦΘεοῦ</strong></span> <span class='ocrx_word' id='word_1_581' title='bbox 2587 3361 2663 3426; x_wconf 86' lang='grc' dir='ltr'><strong>ὡς</strong></span> <span class='ocrx_word' id='word_1_582' title='bbox 2697 3359 2789 3414; x_wconf 69' lang='grc' dir='ltr'><strong>ἐπὶ</strong></span> <span class='ocrx_word' id='word_1_583' title='bbox 2814 3358 3085 3429; x_wconf 79' lang='grc' dir='ltr'><strong>θαλάσσης</strong></span> <span class='ocrx_word' id='word_1_584' title='bbox 3111 3358 3479 3431; x_wconf 81' lang='grc' dir='ltr'><strong>κυκλούμεναι</strong></span> <span class='ocrx_word' id='word_1_585' title='bbox 3509 3360 3614 3414; x_wconf 86' lang='grc' dir='ltr'><strong>ὑπὸ</strong></span> <span class='ocrx_word' id='word_1_586' title='bbox 3689 3372 3692 3400; x_wconf 79' lang='lat'>³</span> 
     </span>
    </p>
   </div>
   <div class='ocr_carea' id='block_1_26' title="bbox 2037 3453 3620 4261">
    <p class='ocr_par' dir='ltr' id='par_1_28' title="bbox 2039 3453 2659 3527">
     <span class='ocr_line' id='line_1_75' title="bbox 2039 3453 2659 3527; baseline -0.006 -17"><span class='ocrx_word' id='word_1_587' title='bbox 2039 3455 2142 3527; x_wconf 80' lang='grc' dir='ltr'><strong>τῆς</strong></span> <span class='ocrx_word' id='word_1_588' title='bbox 2172 3454 2267 3510; x_wconf 82' lang='grc' dir='ltr'><strong>τοῦ</strong></span> <span class='ocrx_word' id='word_1_589' title='bbox 2297 3453 2413 3526; x_wconf 88' lang='grc' dir='ltr'><strong>βίου</strong></span> <span class='ocrx_word' id='word_1_590' title='bbox 2440 3453 2659 3517; x_wconf 85' lang='grc' dir='ltr'><strong>κακίας.</strong></span> 
     </span>
    </p>

    <p class='ocr_par' dir='ltr' id='par_1_29' title="bbox 2037 3534 3620 4261">
     <span class='ocr_line' id='line_1_76' title="bbox 2114 3534 3613 3614; baseline -0.003 -15"><span class='ocrx_word' id='word_1_591' title='bbox 2114 3564 2135 3598; x_wconf 80' lang='lat' dir='ltr'><strong>r</strong></span> <span class='ocrx_word' id='word_1_592' title='bbox 2170 3543 2355 3609; x_wconf 79' lang='grc' dir='ltr'><strong>Οὕτως</strong></span> <span class='ocrx_word' id='word_1_593' title='bbox 2374 3542 2519 3613; x_wconf 70' lang='grc' dir='ltr'><strong>λέγει</strong></span> <span class='ocrx_word' id='word_1_594' title='bbox 2550 3540 2749 3614; x_wconf 80' lang='grc' dir='ltr'><strong>Κύριος</strong></span> <span class='ocrx_word' id='word_1_595' title='bbox 2790 3541 2819 3593; x_wconf 84' lang='grc' dir='ltr'><strong>ὁ</strong></span> <span class='ocrx_word' id='word_1_596' title='bbox 2854 3542 3084 3614; x_wconf 79' lang='grc' dir='ltr'><strong>ποιήσας</strong></span> <span class='ocrx_word' id='word_1_597' title='bbox 3111 3540 3202 3594; x_wconf 85' lang='grc' dir='ltr'><strong>τὸν</strong></span> <span class='ocrx_word' id='word_1_598' title='bbox 3225 3539 3456 3610; x_wconf 75' lang='grc' dir='ltr'><strong>οὐρανόν</strong></span> <span class='ocrx_word' id='word_1_599' title='bbox 3475 3557 3489 3572; x_wconf 88' lang='grc'><em>·</em></span> <span class='ocrx_word' id='word_1_600' title='bbox 3525 3534 3613 3594; x_wconf 70' lang='grc' dir='ltr'><strong>οὗ·</strong></span> 
     </span>
     <span class='ocr_line' id='line_1_77' title="bbox 2037 3634 3609 3707; baseline -0.004 -14"><span class='ocrx_word' id='word_1_601' title='bbox 2037 3655 2131 3703; x_wconf 88' lang='grc' dir='ltr'><strong>τος</strong></span> <span class='ocrx_word' id='word_1_602' title='bbox 2156 3640 2185 3693; x_wconf 87' lang='grc' dir='ltr'><strong>ὀ</strong></span> <span class='ocrx_word' id='word_1_603' title='bbox 2211 3638 2345 3702; x_wconf 88' lang='grc' dir='ltr'><strong>Θεὸς</strong></span> <span class='ocrx_word' id='word_1_604' title='bbox 2385 3639 2415 3692; x_wconf 84' lang='grc' dir='ltr'><strong>ό</strong></span> <span class='ocrx_word' id='word_1_605' title='bbox 2452 3634 2773 3702; x_wconf 74' lang='grc' dir='ltr'><strong>καταδείξας</strong></span> <span class='ocrx_word' id='word_1_606' title='bbox 2812 3634 2912 3705; x_wconf 82' lang='grc' dir='ltr'><strong>τὴν</strong></span> <span class='ocrx_word' id='word_1_607' title='bbox 2957 3637 3083 3707; x_wconf 78' lang='grc' dir='ltr'><strong>γῆν,</strong></span> <span class='ocrx_word' id='word_1_608' title='bbox 3114 3634 3207 3689; x_wconf 82' lang='grc' dir='ltr'><strong>καὶ</strong></span> <span class='ocrx_word' id='word_1_609' title='bbox 3239 3635 3482 3704; x_wconf 77' lang='grc' dir='ltr'><strong>ποιήσας</strong></span> <span class='ocrx_word' id='word_1_610' title='bbox 3513 3634 3609 3686; x_wconf 80' lang='grc' dir='ltr'><strong>αύ-</strong></span> 
     </span>
     <span class='ocr_line' id='line_1_78' title="bbox 2038 3725 3613 3804; baseline -0.005 -19"><span class='ocrx_word' id='word_1_611' title='bbox 2038 3730 2160 3804; x_wconf 81' lang='grc' dir='ltr'><strong>τὴν,</strong></span> <span class='ocrx_word' id='word_1_612' title='bbox 2204 3729 2368 3794; x_wconf 80' lang='grc' dir='ltr'><strong>αὐτὸς</strong></span> <span class='ocrx_word' id='word_1_613' title='bbox 2406 3727 2659 3801; x_wconf 80' lang='grc' dir='ltr'><strong>διώρισεν</strong></span> <span class='ocrx_word' id='word_1_614' title='bbox 2696 3727 2884 3799; x_wconf 82' lang='grc' dir='ltr'><strong>αὐτήν.</strong></span> <span class='ocrx_word' id='word_1_615' title='bbox 2924 3728 3039 3781; x_wconf 82' lang='grc' dir='ltr'><strong>Οὐκ</strong></span> <span class='ocrx_word' id='word_1_616' title='bbox 3062 3726 3141 3791; x_wconf 82' lang='grc' dir='ltr'><strong>εἰς</strong></span> <span class='ocrx_word' id='word_1_617' title='bbox 3170 3725 3327 3780; x_wconf 84' lang='grc' dir='ltr'><strong>κενὸν</strong></span> <span class='ocrx_word' id='word_1_618' title='bbox 3355 3726 3613 3798; x_wconf 78' lang='grc' dir='ltr'><strong>ἐποίησεν</strong></span> 
     </span>
     <span class='ocr_line' id='line_1_79' title="bbox 2041 3818 3614 3896; baseline -0.004 -17"><span class='ocrx_word' id='word_1_619' title='bbox 2041 3823 2230 3896; x_wconf 74' lang='grc' dir='ltr'><strong>αὐτὴν,</strong></span> <span class='ocrx_word' id='word_1_620' title='bbox 2256 3822 2393 3878; x_wconf 83' lang='grc' dir='ltr'><strong>ἀλλὰ</strong></span> <span class='ocrx_word' id='word_1_621' title='bbox 2425 3820 2792 3876; x_wconf 81' lang='grc' dir='ltr'><strong>κατοικεῖσθαι</strong></span> <span class='ocrx_word' id='word_1_622' title='bbox 2838 3819 3069 3874; x_wconf 75' lang='grc' dir='ltr'><strong>ἔπλασεν</strong></span> <span class='ocrx_word' id='word_1_623' title='bbox 3103 3819 3291 3890; x_wconf 86' lang='grc' dir='ltr'><strong>αὐτήν.</strong></span> <span class='ocrx_word' id='word_1_624' title='bbox 3329 3818 3474 3888; x_wconf 77' lang='grc' dir='ltr'><strong>Ἐγώ</strong></span> <span class='ocrx_word' id='word_1_625' title='bbox 3495 3820 3614 3890; x_wconf 89' lang='grc' dir='ltr'><strong>εἰμι</strong></span> 
     </span>
     <span class='ocr_line' id='line_1_80' title="bbox 2042 3909 3618 3987; baseline -0.005 -16"><span class='ocrx_word' id='word_1_626' title='bbox 2042 3915 2267 3987; x_wconf 78' lang='grc' dir='ltr'><strong>Κύριος,</strong></span> <span class='ocrx_word' id='word_1_627' title='bbox 2301 3914 2395 3968; x_wconf 72' lang='grc' dir='ltr'><strong>καὶ</strong></span> <span class='ocrx_word' id='word_1_628' title='bbox 2418 3913 2521 3968; x_wconf 77' lang='grc' dir='ltr'><strong>οὐκ</strong></span> <span class='ocrx_word' id='word_1_629' title='bbox 2558 3912 2705 3968; x_wconf 72' lang='grc' dir='ltr'><strong>ἔστιν</strong></span> <span class='ocrx_word' id='word_1_630' title='bbox 2743 3911 2846 3966; x_wconf 74' lang='grc' dir='ltr'><strong>ἔτι.</strong></span> <span class='ocrx_word' id='word_1_631' title='bbox 2885 3930 2904 3964; x_wconf 78' lang='grc' dir='ltr'><strong>ι</strong></span> <span class='ocrx_word' id='word_1_632' title='bbox 2955 3912 3204 3967; x_wconf 75' lang='grc' dir='ltr'><strong>Διδάσκει</strong></span> <span class='ocrx_word' id='word_1_633' title='bbox 3226 3909 3317 3964; x_wconf 83' lang='grc' dir='ltr'><strong>διὰ</strong></span> <span class='ocrx_word' id='word_1_634' title='bbox 3349 3909 3551 3964; x_wconf 89' lang='grc' dir='ltr'><strong>τούτων</strong></span> <span class='ocrx_word' id='word_1_635' title='bbox 3582 3911 3618 3963; x_wconf 85' lang='grc' dir='ltr'><strong>ό</strong></span> 
     </span>
     <span class='ocr_line' id='line_1_81' title="bbox 2042 4000 3620 4078; baseline -0.004 -18"><span class='ocrx_word' id='word_1_636' title='bbox 2042 4005 2199 4076; x_wconf 83' lang='grc' dir='ltr'><strong>λόγος</strong></span> <span class='ocrx_word' id='word_1_637' title='bbox 2229 4005 2305 4078; x_wconf 77' lang='grc' dir='ltr'><strong>μὴ</strong></span> <span class='ocrx_word' id='word_1_638' title='bbox 2331 4005 2569 4074; x_wconf 80' lang='grc' dir='ltr'><strong>ἀγνοεῖν,</strong></span> <span class='ocrx_word' id='word_1_639' title='bbox 2620 4003 2697 4068; x_wconf 85' lang='grc' dir='ltr'><strong>ὡς</strong></span> <span class='ocrx_word' id='word_1_640' title='bbox 2739 4002 2989 4075; x_wconf 79' lang='grc' dir='ltr'><strong>μεγάλως</strong></span> <span class='ocrx_word' id='word_1_641' title='bbox 3015 4002 3299 4074; x_wconf 85' lang='grc' dir='ltr'><strong>τετίμηται</strong></span> <span class='ocrx_word' id='word_1_642' title='bbox 3341 4000 3494 4074; x_wconf 76' lang='grc' dir='ltr'><strong>παρὰ</strong></span> <span class='ocrx_word' id='word_1_643' title='bbox 3531 4000 3620 4072; x_wconf 73' lang='grc' dir='ltr'><strong>τῷ</strong></span> 
     </span>
     <span class='ocr_line' id='line_1_82' title="bbox 2041 4092 3612 4169; baseline -0.004 -16"><span class='ocrx_word' id='word_1_644' title='bbox 2041 4097 2258 4153; x_wconf 84' lang='grc' dir='ltr'><strong>πάντων</strong></span> <span class='ocrx_word' id='word_1_645' title='bbox 2287 4096 2519 4169; x_wconf 76' lang='grc' dir='ltr'><strong>δεσπότῃ</strong></span> <span class='ocrx_word' id='word_1_646' title='bbox 2550 4095 2670 4166; x_wconf 85' lang='grc' dir='ltr'><strong>Θεῷ</strong></span> <span class='ocrx_word' id='word_1_647' title='bbox 2710 4096 2773 4149; x_wconf 85' lang='grc' dir='ltr'><strong>τὸ</strong></span> <span class='ocrx_word' id='word_1_648' title='bbox 2810 4095 2920 4149; x_wconf 80' lang='grc' dir='ltr'><strong>τῶν</strong></span> <span class='ocrx_word' id='word_1_649' title='bbox 2955 4093 3255 4168; x_wconf 82' lang='grc' dir='ltr'><strong>ἀνθρώπων</strong></span> <span class='ocrx_word' id='word_1_650' title='bbox 3291 4093 3450 4163; x_wconf 79' lang='grc' dir='ltr'><strong>γένος</strong></span> <span class='ocrx_word' id='word_1_651' title='bbox 3467 4109 3482 4124; x_wconf 90' lang='grc'><em>·</em></span> <span class='ocrx_word' id='word_1_652' title='bbox 3530 4092 3612 4147; x_wconf 88' lang='grc' dir='ltr'><strong>διὸ</strong></span> 
     </span>
     <span class='ocr_line' id='line_1_83' title="bbox 2041 4183 3616 4261; baseline -0.004 -17"><span class='ocrx_word' id='word_1_653' title='bbox 2041 4189 2256 4260; x_wconf 76' lang='grc' dir='ltr'><strong>καὶτῆς</strong></span> <span class='ocrx_word' id='word_1_654' title='bbox 2287 4188 2533 4261; x_wconf 78' lang='grc' dir='ltr'><strong>κλήσεως</strong></span> <span class='ocrx_word' id='word_1_655' title='bbox 2563 4188 2725 4254; x_wconf 81' lang='grc' dir='ltr'><strong>αὐτὸς</strong></span> <span class='ocrx_word' id='word_1_656' title='bbox 2748 4187 2846 4257; x_wconf 82' lang='grc' dir='ltr'><strong>τῆς</strong></span> <span class='ocrx_word' id='word_1_657' title='bbox 2875 4185 3139 4258; x_wconf 82' lang='grc' dir='ltr'><strong>σωτηρίου</strong></span> <span class='ocrx_word' id='word_1_658' title='bbox 3160 4183 3492 4257; x_wconf 82' lang='grc' dir='ltr'><strong>κατηξίωσε,</strong></span> <span class='ocrx_word' id='word_1_659' title='bbox 3516 4186 3616 4239; x_wconf 77' lang='grc' dir='ltr'><strong>καὶ</strong></span> 
     </span>
    </p>
   </div>
   <div class='ocr_carea' id='block_1_27' title="bbox 377 4273 3613 4353">
    <p class='ocr_par' dir='ltr' id='par_1_30' title="bbox 377 4273 3613 4353">
     <span class='ocr_line' id='line_1_84' title="bbox 377 4273 3613 4353; baseline -0.002 -20"><span class='ocrx_word' id='word_1_660' title='bbox 377 4278 538 4334; x_wconf 65' lang='lat' dir='ltr'><strong>uibus</strong></span> <span class='ocrx_word' id='word_1_661' title='bbox 580 4277 680 4343; x_wconf 74' lang='lat' dir='ltr'><strong>iis,</strong></span> <span class='ocrx_word' id='word_1_662' title='bbox 728 4291 846 4348; x_wconf 70' lang='lat' dir='ltr'>(111ae</span> <span class='ocrx_word' id='word_1_663' title='bbox 884 4275 938 4331; x_wconf 74' lang='lat' dir='ltr'><strong>in</strong></span> <span class='ocrx_word' id='word_1_664' title='bbox 979 4275 1227 4348; x_wconf 76' lang='lat' dir='ltr'><strong>praesettli</strong></span> <span class='ocrx_word' id='word_1_665' title='bbox 1280 4275 1563 4348; x_wconf 73' lang='lat' dir='ltr'><strong>prophetia</strong></span> <span class='ocrx_word' id='word_1_666' title='bbox 1617 4273 1941 4345; x_wconf 78' lang='lat' dir='ltr'><strong>promillutt·</strong></span> <span class='ocrx_word' id='word_1_667' title='bbox 1970 4297 2015 4353; x_wconf 67' lang='grc' dir='ltr'><strong>Β</strong></span> <span class='ocrx_word' id='word_1_668' title='bbox 2041 4282 2258 4338; x_wconf 72' lang='grc' dir='ltr'><strong>πάντων</strong></span> <span class='ocrx_word' id='word_1_669' title='bbox 2286 4280 2396 4335; x_wconf 77' lang='grc' dir='ltr'><strong>τῶν</strong></span> <span class='ocrx_word' id='word_1_670' title='bbox 2418 4279 2506 4334; x_wconf 79' lang='grc' dir='ltr'><strong>διὰ</strong></span> <span class='ocrx_word' id='word_1_671' title='bbox 2536 4279 2638 4351; x_wconf 77' lang='grc' dir='ltr'><strong>τῆς</strong></span> <span class='ocrx_word' id='word_1_672' title='bbox 2659 4278 2940 4351; x_wconf 82' lang='grc' dir='ltr'><strong>παρούσης</strong></span> <span class='ocrx_word' id='word_1_673' title='bbox 2968 4277 3303 4352; x_wconf 83' lang='grc' dir='ltr'><strong>προφητείας</strong></span> <span class='ocrx_word' id='word_1_674' title='bbox 3335 4279 3613 4348; x_wconf 62' lang='grc' dir='ltr'><strong>ἐπηγγελ-</strong></span> 
     </span>
    </p>
   </div>
   <div class='ocr_carea' id='block_1_28' title="bbox 375 4364 1948 5821">
    <p class='ocr_par' dir='ltr' id='par_1_31' title="bbox 375 4364 1945 5361">
     <span class='ocr_line' id='line_1_85' title="bbox 379 4364 1938 4438; baseline -0.002 -13"><span class='ocrx_word' id='word_1_675' title='bbox 379 4381 485 4427; x_wconf 86' lang='lat' dir='ltr'><strong>tur.</strong></span> <span class='ocrx_word' id='word_1_676' title='bbox 542 4369 1001 4438; x_wconf 86' lang='lat' dir='ltr'><strong>Quemadmodum</strong></span> <span class='ocrx_word' id='word_1_677' title='bbox 1050 4369 1193 4424; x_wconf 89' lang='lat' dir='ltr'><strong>euim</strong></span> <span class='ocrx_word' id='word_1_678' title='bbox 1260 4368 1457 4424; x_wconf 88' lang='lat' dir='ltr'><strong>coelum</strong></span> <span class='ocrx_word' id='word_1_679' title='bbox 1507 4366 1575 4422; x_wconf 91' lang='lat' dir='ltr'><strong>ad</strong></span> <span class='ocrx_word' id='word_1_680' title='bbox 1625 4364 1938 4437; x_wconf 78' lang='lat' dir='ltr'><strong>angelorum</strong></span> 
     </span>
     <span class='ocr_line' id='line_1_86' title="bbox 375 4459 1941 4531; baseline -0.003 -14"><span class='ocrx_word' id='word_1_681' title='bbox 375 4471 794 4531; x_wconf 82' lang='lat' dir='ltr'><strong>sanctorumque</strong></span> <span class='ocrx_word' id='word_1_682' title='bbox 821 4460 1106 4531; x_wconf 81' lang='lat' dir='ltr'><strong>spirituum</strong></span> <span class='ocrx_word' id='word_1_683' title='bbox 1136 4459 1464 4515; x_wconf 86' lang='lat' dir='ltr'><strong>domicilium</strong></span> <span class='ocrx_word' id='word_1_684' title='bbox 1496 4460 1824 4521; x_wconf 84' lang='lat' dir='ltr'><strong>necessario,</strong></span> <span class='ocrx_word' id='word_1_685' title='bbox 1854 4466 1941 4512; x_wconf 83' lang='lat' dir='ltr'><strong>at·</strong></span> 
     </span>
     <span class='ocr_line' id='line_1_87' title="bbox 375 4551 1942 4624; baseline -0.003 -14"><span class='ocrx_word' id='word_1_686' title='bbox 375 4569 484 4624; x_wconf 77' lang='lat' dir='ltr'><strong>que</strong></span> <span class='ocrx_word' id='word_1_687' title='bbox 535 4555 600 4609; x_wconf 85' lang='lat' dir='ltr'><strong>ad</strong></span> <span class='ocrx_word' id='word_1_688' title='bbox 643 4553 879 4609; x_wconf 84' lang='lat' dir='ltr'><strong>universi</strong></span> <span class='ocrx_word' id='word_1_689' title='bbox 923 4562 1173 4608; x_wconf 84' lang='lat' dir='ltr'><strong>ornatum</strong></span> <span class='ocrx_word' id='word_1_690' title='bbox 1223 4552 1512 4615; x_wconf 84' lang='lat' dir='ltr'><strong>constitui;</strong></span> <span class='ocrx_word' id='word_1_691' title='bbox 1558 4551 1628 4606; x_wconf 82' lang='lat' dir='ltr'><strong>ita</strong></span> <span class='ocrx_word' id='word_1_692' title='bbox 1682 4558 1739 4606; x_wconf 89' lang='lat' dir='ltr'><strong>et</strong></span> <span class='ocrx_word' id='word_1_693' title='bbox 1787 4560 1942 4606; x_wconf 81' lang='lat' dir='ltr'><strong>terrae</strong></span> 
     </span>
     <span class='ocr_line' id='line_1_88' title="bbox 377 4641 1941 4714; baseline -0.005 -10"><span class='ocrx_word' id='word_1_694' title='bbox 377 4650 698 4704; x_wconf 84' lang='lat' dir='ltr'><strong>elementum</strong></span> <span class='ocrx_word' id='word_1_695' title='bbox 726 4689 744 4714; x_wconf 90' lang='lat'>‚</span> <span class='ocrx_word' id='word_1_696' title='bbox 789 4662 894 4701; x_wconf 77' lang='lat' dir='ltr'><strong>uo·-</strong></span> <span class='ocrx_word' id='word_1_697' title='bbox 945 4646 996 4701; x_wconf 92' lang='lat' dir='ltr'><strong>in</strong></span> <span class='ocrx_word' id='word_1_698' title='bbox 1028 4659 1224 4699; x_wconf 69' lang='lat' dir='ltr'><strong>vanum</strong></span> <span class='ocrx_word' id='word_1_699' title='bbox 1275 4658 1451 4714; x_wconf 90' lang='lat' dir='ltr'><strong>neque</strong></span> <span class='ocrx_word' id='word_1_700' title='bbox 1503 4641 1767 4698; x_wconf 89' lang='lat' dir='ltr'><strong>inutiliter</strong></span> <span class='ocrx_word' id='word_1_701' title='bbox 1810 4656 1941 4697; x_wconf 90' lang='lat' dir='ltr'><strong>con-</strong></span> 
     </span>
     <span class='ocr_line' id='line_1_89' title="bbox 379 4734 1941 4810; baseline -0.003 -16"><span class='ocrx_word' id='word_1_702' title='bbox 379 4739 522 4805; x_wconf 87' lang='lat' dir='ltr'><strong>didi;</strong></span> <span class='ocrx_word' id='word_1_703' title='bbox 567 4738 660 4794; x_wconf 91' lang='lat' dir='ltr'><strong>scd</strong></span> <span class='ocrx_word' id='word_1_704' title='bbox 713 4739 887 4810; x_wconf 87' lang='lat' dir='ltr'><strong>ipsum</strong></span> <span class='ocrx_word' id='word_1_705' title='bbox 934 4737 1002 4794; x_wconf 71' lang='lat' dir='ltr'><strong>ad</strong></span> <span class='ocrx_word' id='word_1_706' title='bbox 1052 4735 1416 4793; x_wconf 87' lang='lat' dir='ltr'><strong>babitaculum</strong></span> <span class='ocrx_word' id='word_1_707' title='bbox 1462 4744 1519 4792; x_wconf 91' lang='lat' dir='ltr'><strong>et</strong></span> <span class='ocrx_word' id='word_1_708' title='bbox 1563 4734 1941 4791; x_wconf 82' lang='lat' dir='ltr'><strong>commoratio-</strong></span> 
     </span>
     <span class='ocr_line' id='line_1_90' title="bbox 382 4827 1939 4902; baseline -0.004 -15"><span class='ocrx_word' id='word_1_709' title='bbox 382 4846 503 4887; x_wconf 87' lang='lat' dir='ltr'><strong>nem</strong></span> <span class='ocrx_word' id='word_1_710' title='bbox 561 4846 793 4898; x_wconf 87' lang='lat' dir='ltr'><strong>eorum,</strong></span> <span class='ocrx_word' id='word_1_711' title='bbox 844 4832 935 4902; x_wconf 85' lang='lat' dir='ltr'><strong>qui</strong></span> <span class='ocrx_word' id='word_1_712' title='bbox 1004 4830 1077 4886; x_wconf 89' lang='lat' dir='ltr'><strong>ibi</strong></span> <span class='ocrx_word' id='word_1_713' title='bbox 1141 4827 1446 4885; x_wconf 78' lang='lat' dir='ltr'><strong>rationabili</strong></span> <span class='ocrx_word' id='word_1_714' title='bbox 1499 4828 1659 4883; x_wconf 91' lang='lat' dir='ltr'><strong>modo</strong></span> <span class='ocrx_word' id='word_1_715' title='bbox 1712 4841 1939 4883; x_wconf 82' lang='lat' dir='ltr'><strong>conver·</strong></span> 
     </span>
     <span class='ocr_line' id='line_1_91' title="bbox 381 4916 1943 4992; baseline -0.005 -12"><span class='ocrx_word' id='word_1_716' title='bbox 381 4923 549 4980; x_wconf 82' lang='lat' dir='ltr'><strong>saturi</strong></span> <span class='ocrx_word' id='word_1_717' title='bbox 606 4932 807 4991; x_wconf 84' lang='lat' dir='ltr'><strong>erant,</strong></span> <span class='ocrx_word' id='word_1_718' title='bbox 858 4920 1160 4986; x_wconf 79' lang='lat' dir='ltr'><strong>adornavi,</strong></span> <span class='ocrx_word' id='word_1_719' title='bbox 1228 4922 1319 4992; x_wconf 84' lang='lat' dir='ltr'><strong>qui</strong></span> <span class='ocrx_word' id='word_1_720' title='bbox 1377 4933 1512 4976; x_wconf 78' lang='lat' dir='ltr'><strong>sane</strong></span> <span class='ocrx_word' id='word_1_721' title='bbox 1570 4916 1943 4990; x_wconf 75' lang='lat' dir='ltr'><strong>cognoscendo</strong></span> 
     </span>
     <span class='ocr_line' id='line_1_92' title="bbox 382 5011 1942 5086; baseline -0.004 -15"><span class='ocrx_word' id='word_1_722' title='bbox 382 5017 511 5076; x_wconf 86' lang='lat' dir='ltr'><strong>Deo.</strong></span> <span class='ocrx_word' id='word_1_723' title='bbox 563 5030 629 5072; x_wconf 85' lang='lat' dir='ltr'><strong>ac</strong></span> <span class='ocrx_word' id='word_1_724' title='bbox 683 5015 927 5086; x_wconf 79' lang='lat' dir='ltr'><strong>religiose</strong></span> <span class='ocrx_word' id='word_1_725' title='bbox 954 5015 1178 5070; x_wconf 76' lang='lat' dir='ltr'><strong>vivendo</strong></span> <span class='ocrx_word' id='word_1_726' title='bbox 1211 5028 1368 5085; x_wconf 88' lang='lat' dir='ltr'><strong>pares</strong></span> <span class='ocrx_word' id='word_1_727' title='bbox 1419 5020 1593 5079; x_wconf 79' lang='lat' dir='ltr'><strong>eraut,</strong></span> <span class='ocrx_word' id='word_1_728' title='bbox 1643 5021 1828 5082; x_wconf 85' lang='lat' dir='ltr'><strong>utpote</strong></span> <span class='ocrx_word' id='word_1_729' title='bbox 1874 5011 1942 5065; x_wconf 81' lang='lat' dir='ltr'><strong>ad</strong></span> 
     </span>
     <span class='ocr_line' id='line_1_93' title="bbox 383 5101 1944 5179; baseline -0.003 -17"><span class='ocrx_word' id='word_1_730' title='bbox 383 5107 671 5179; x_wconf 76' lang='lat' dir='ltr'><strong>imaginem</strong></span> <span class='ocrx_word' id='word_1_731' title='bbox 704 5105 799 5161; x_wconf 90' lang='lat' dir='ltr'><strong>Dei</strong></span> <span class='ocrx_word' id='word_1_732' title='bbox 837 5107 1060 5162; x_wconf 87' lang='lat' dir='ltr'><strong>conditi.</strong></span> <span class='ocrx_word' id='word_1_733' title='bbox 1108 5105 1262 5161; x_wconf 90' lang='lat' dir='ltr'><strong>Sicut</strong></span> <span class='ocrx_word' id='word_1_734' title='bbox 1310 5104 1473 5174; x_wconf 79' lang='lat' dir='ltr'><strong>igitur</strong></span> <span class='ocrx_word' id='word_1_735' title='bbox 1507 5104 1682 5175; x_wconf 78' lang='lat' dir='ltr'><strong>angeli</strong></span> <span class='ocrx_word' id='word_1_736' title='bbox 1717 5104 1770 5158; x_wconf 93' lang='lat' dir='ltr'><strong>in</strong></span> <span class='ocrx_word' id='word_1_737' title='bbox 1803 5101 1944 5158; x_wconf 75' lang='lat' dir='ltr'><strong>coelo</strong></span> 
     </span>
     <span class='ocr_line' id='line_1_94' title="bbox 384 5194 1945 5266; baseline -0.002 -12"><span class='ocrx_word' id='word_1_738' title='bbox 384 5200 612 5257; x_wconf 85' lang='lat' dir='ltr'><strong>ministri</strong></span> <span class='ocrx_word' id='word_1_739' title='bbox 645 5199 736 5253; x_wconf 77' lang='lat' dir='ltr'><strong>Dei</strong></span> <span class='ocrx_word' id='word_1_740' title='bbox 772 5209 939 5266; x_wconf 88' lang='lat' dir='ltr'><strong>sunt;</strong></span> <span class='ocrx_word' id='word_1_741' title='bbox 987 5199 1062 5254; x_wconf 85' lang='lat' dir='ltr'><strong>ita</strong></span> <span class='ocrx_word' id='word_1_742' title='bbox 1098 5210 1153 5255; x_wconf 87' lang='lat' dir='ltr'><strong>et</strong></span> <span class='ocrx_word' id='word_1_743' title='bbox 1187 5197 1432 5253; x_wconf 83' lang='lat' dir='ltr'><strong>homines</strong></span> <span class='ocrx_word' id='word_1_744' title='bbox 1463 5195 1516 5252; x_wconf 89' lang='lat' dir='ltr'><strong>iu</strong></span> <span class='ocrx_word' id='word_1_745' title='bbox 1548 5206 1691 5251; x_wconf 82' lang='lat' dir='ltr'><strong>terra</strong></span> <span class='ocrx_word' id='word_1_746' title='bbox 1722 5194 1822 5250; x_wconf 89' lang='lat' dir='ltr'><strong>sub</strong></span> <span class='ocrx_word' id='word_1_747' title='bbox 1848 5195 1945 5251; x_wconf 85' lang='lat' dir='ltr'><strong>Dei</strong></span> 
     </span>
     <span class='ocr_line' id='line_1_95' title="bbox 381 5293 767 5361; baseline -0.003 -13"><span class='ocrx_word' id='word_1_748' title='bbox 381 5308 513 5348; x_wconf 80' lang='lat' dir='ltr'><strong>cura</strong></span> <span class='ocrx_word' id='word_1_749' title='bbox 547 5293 767 5361; x_wconf 84' lang='lat' dir='ltr'><strong>degunt.</strong></span> 
     </span>
    </p>

    <p class='ocr_par' dir='ltr' id='par_1_32' title="bbox 384 5379 1948 5821">
     <span class='ocr_line' id='line_1_96' title="bbox 457 5379 1942 5443; baseline -0.007 -3"><span class='ocrx_word' id='word_1_750' title='bbox 457 5385 614 5440; x_wconf 70' lang='lat' dir='ltr'><strong>Vens.</strong></span> <span class='ocrx_word' id='word_1_751' title='bbox 656 5382 746 5437; x_wconf 79' lang='lat'><strong>20.</strong></span> <span class='ocrx_word' id='word_1_752' title='bbox 822 5400 842 5434; x_wconf 77' lang='grc' dir='ltr'><strong>ι</strong></span> <span class='ocrx_word' id='word_1_753' title='bbox 872 5379 987 5436; x_wconf 80' lang='lat' dir='ltr'><strong>Nou</strong></span> <span class='ocrx_word' id='word_1_754' title='bbox 1065 5380 1120 5437; x_wconf 89' lang='lat' dir='ltr'><strong>in</strong></span> <span class='ocrx_word' id='word_1_755' title='bbox 1169 5380 1486 5438; x_wconf 77' lang='lat' dir='ltr'><strong>abscondito</strong></span> <span class='ocrx_word' id='word_1_756' title='bbox 1538 5379 1750 5436; x_wconf 84' lang='lat' dir='ltr'><strong>locutus</strong></span> <span class='ocrx_word' id='word_1_757' title='bbox 1799 5393 1942 5443; x_wconf 88' lang='lat' dir='ltr'><strong>sum,</strong></span> 
     </span>
     <span class='ocr_line' id='line_1_97' title="bbox 385 5469 1945 5546; baseline -0.004 -16"><span class='ocrx_word' id='word_1_758' title='bbox 385 5491 557 5546; x_wconf 85' lang='lat' dir='ltr'><strong>neque</strong></span> <span class='ocrx_word' id='word_1_759' title='bbox 586 5475 639 5530; x_wconf 92' lang='lat' dir='ltr'><strong>in</strong></span> <span class='ocrx_word' id='word_1_760' title='bbox 668 5475 789 5530; x_wconf 88' lang='lat' dir='ltr'><strong>loco</strong></span> <span class='ocrx_word' id='word_1_761' title='bbox 822 5484 979 5529; x_wconf 81' lang='lat' dir='ltr'><strong>terrae</strong></span> <span class='ocrx_word' id='word_1_762' title='bbox 1008 5475 1313 5530; x_wconf 84' lang='lat' dir='ltr'><strong>tenebroso.</strong></span> <span class='ocrx_word' id='word_1_763' title='bbox 1343 5471 1456 5529; x_wconf 81' lang='lat' dir='ltr'><strong>Non</strong></span> <span class='ocrx_word' id='word_1_764' title='bbox 1489 5472 1598 5528; x_wconf 80' lang='lat' dir='ltr'><strong>dixi</strong></span> <span class='ocrx_word' id='word_1_765' title='bbox 1634 5472 1824 5527; x_wconf 87' lang='lat' dir='ltr'><strong>semini</strong></span> <span class='ocrx_word' id='word_1_766' title='bbox 1854 5469 1945 5526; x_wconf 78' lang='lat' dir='ltr'><strong>Ja-</strong></span> 
     </span>
     <span class='ocr_line' id='line_1_98' title="bbox 384 5565 1945 5637; baseline -0.001 -16"><span class='ocrx_word' id='word_1_767' title='bbox 384 5568 506 5631; x_wconf 84' lang='lat' dir='ltr'><strong>cob,</strong></span> <span class='ocrx_word' id='word_1_768' title='bbox 543 5565 752 5622; x_wconf 87' lang='lat' dir='ltr'><strong>Vanum</strong></span> <span class='ocrx_word' id='word_1_769' title='bbox 781 5567 1028 5636; x_wconf 82' lang='lat' dir='ltr'><strong>quaerite.</strong></span> <span class='ocrx_word' id='word_1_770' title='bbox 1069 5566 1180 5637; x_wconf 69' lang='lat' dir='ltr'><strong>Ego</strong></span> <span class='ocrx_word' id='word_1_771' title='bbox 1213 5582 1354 5634; x_wconf 89' lang='lat' dir='ltr'><strong>sum,</strong></span> <span class='ocrx_word' id='word_1_772' title='bbox 1386 5582 1485 5637; x_wconf 83' lang='lat' dir='ltr'><strong>ego</strong></span> <span class='ocrx_word' id='word_1_773' title='bbox 1513 5582 1631 5621; x_wconf 81' lang='lat' dir='ltr'><strong>sunt</strong></span> <span class='ocrx_word' id='word_1_774' title='bbox 1661 5565 1945 5627; x_wconf 84' lang='lat' dir='ltr'><strong>Dominus.</strong></span> 
     </span>
     <span class='ocr_line' id='line_1_99' title="bbox 389 5658 1939 5731; baseline -0.005 -18"><span class='ocrx_word' id='word_1_775' title='bbox 389 5661 483 5730; x_wconf 75' lang='lat' dir='ltr'><strong>qui</strong></span> <span class='ocrx_word' id='word_1_776' title='bbox 540 5661 731 5731; x_wconf 87' lang='lat' dir='ltr'><strong>loquor</strong></span> <span class='ocrx_word' id='word_1_777' title='bbox 789 5659 1095 5727; x_wconf 79' lang='lat' dir='ltr'><strong>justitiam,</strong></span> <span class='ocrx_word' id='word_1_778' title='bbox 1159 5668 1211 5714; x_wconf 88' lang='lat' dir='ltr'><strong>ct</strong></span> <span class='ocrx_word' id='word_1_779' title='bbox 1275 5658 1534 5715; x_wconf 77' lang='lat' dir='ltr'><strong>uttuuutio</strong></span> <span class='ocrx_word' id='word_1_780' title='bbox 1583 5659 1939 5712; x_wconf 74' lang='lat' dir='ltr'><strong>veritatem.»</strong></span> 
     </span>
     <span class='ocr_line' id='line_1_100' title="bbox 394 5749 1948 5821; baseline -0.001 -14"><span class='ocrx_word' id='word_1_781' title='bbox 394 5753 655 5819; x_wconf 78' lang='lat' dir='ltr'><strong>Quoniam</strong></span> <span class='ocrx_word' id='word_1_782' title='bbox 713 5753 854 5808; x_wconf 83' lang='lat' dir='ltr'><strong>cuim</strong></span> <span class='ocrx_word' id='word_1_783' title='bbox 901 5753 1079 5810; x_wconf 79' lang='lat' dir='ltr'><strong>omnis</strong></span> <span class='ocrx_word' id='word_1_784' title='bbox 1127 5762 1292 5821; x_wconf 79' lang='lat' dir='ltr'><strong>terra,</strong></span> <span class='ocrx_word' id='word_1_785' title='bbox 1356 5758 1411 5808; x_wconf 84' lang='lat' dir='ltr'><strong>ct</strong></span> <span class='ocrx_word' id='word_1_786' title='bbox 1463 5751 1552 5821; x_wconf 85' lang='lat' dir='ltr'><strong>qui</strong></span> <span class='ocrx_word' id='word_1_787' title='bbox 1611 5749 1664 5806; x_wconf 87' lang='lat' dir='ltr'><strong>in</strong></span> <span class='ocrx_word' id='word_1_788' title='bbox 1720 5765 1780 5806; x_wconf 82' lang='lat' dir='ltr'><strong>ca</strong></span> <span class='ocrx_word' id='word_1_789' title='bbox 1823 5759 1948 5805; x_wconf 78' lang='lat' dir='ltr'><strong>suut</strong></span> 
     </span>
    </p>
   </div>
   <div class='ocr_carea' id='block_1_29' title="bbox 2037 4369 3617 5179">
    <p class='ocr_par' dir='ltr' id='par_1_33' title="bbox 2037 4369 3617 5179">
     <span class='ocr_line' id='line_1_101' title="bbox 2044 4369 3614 4448; baseline -0.004 -18"><span class='ocrx_word' id='word_1_790' title='bbox 2044 4375 2239 4448; x_wconf 71' lang='grc' dir='ltr'><strong>μόνων.</strong></span> <span class='ocrx_word' id='word_1_791' title='bbox 2266 4375 2478 4447; x_wconf 78' lang='grc' dir='ltr'><strong>Ὠσπερ</strong></span> <span class='ocrx_word' id='word_1_792' title='bbox 2500 4373 2608 4445; x_wconf 88' lang='grc' dir='ltr'><strong>γὰρ</strong></span> <span class='ocrx_word' id='word_1_793' title='bbox 2640 4373 2733 4427; x_wconf 87' lang='grc' dir='ltr'><strong>τὸν</strong></span> <span class='ocrx_word' id='word_1_794' title='bbox 2763 4371 2987 4445; x_wconf 81' lang='grc' dir='ltr'><strong>οὐρανὸν</strong></span> <span class='ocrx_word' id='word_1_795' title='bbox 3016 4371 3096 4434; x_wconf 87' lang='grc' dir='ltr'><strong>εἰς</strong></span> <span class='ocrx_word' id='word_1_796' title='bbox 3125 4369 3405 4442; x_wconf 75' lang='grc' dir='ltr'><strong>διατριδὴν</strong></span> <span class='ocrx_word' id='word_1_797' title='bbox 3447 4370 3614 4441; x_wconf 79' lang='grc' dir='ltr'><strong>ἀγγέ-</strong></span> 
     </span>
     <span class='ocr_line' id='line_1_102' title="bbox 2039 4462 3610 4539; baseline -0.006 -15"><span class='ocrx_word' id='word_1_798' title='bbox 2039 4469 2148 4524; x_wconf 89' lang='grc' dir='ltr'><strong>λων</strong></span> <span class='ocrx_word' id='word_1_799' title='bbox 2183 4468 2281 4523; x_wconf 76' lang='grc' dir='ltr'><strong>καὶ</strong></span> <span class='ocrx_word' id='word_1_800' title='bbox 2313 4467 2636 4539; x_wconf 85' lang='grc' dir='ltr'><strong>πνευμάτων</strong></span> <span class='ocrx_word' id='word_1_801' title='bbox 2664 4465 2834 4534; x_wconf 80' lang='grc' dir='ltr'><strong>ἁγίων</strong></span> <span class='ocrx_word' id='word_1_802' title='bbox 2863 4462 3173 4531; x_wconf 82' lang='grc' dir='ltr'><strong>ἀναγκαίως</strong></span> <span class='ocrx_word' id='word_1_803' title='bbox 3191 4462 3610 4534; x_wconf 82' lang='grc' dir='ltr'><strong>ὑπεστησάμην,</strong></span> 
     </span>
     <span class='ocr_line' id='line_1_103' title="bbox 2038 4552 3617 4630; baseline -0.004 -16"><span class='ocrx_word' id='word_1_804' title='bbox 2038 4560 2134 4614; x_wconf 71' lang='grc' dir='ltr'><strong>καίΙ</strong></span> <span class='ocrx_word' id='word_1_805' title='bbox 2162 4560 2246 4623; x_wconf 70' lang='grc' dir='ltr'><strong>είς</strong></span> <span class='ocrx_word' id='word_1_806' title='bbox 2274 4557 2476 4630; x_wconf 84' lang='grc' dir='ltr'><strong>κόσμον</strong></span> <span class='ocrx_word' id='word_1_807' title='bbox 2500 4555 2594 4610; x_wconf 78' lang='grc' dir='ltr'><strong>τοῦ</strong></span> <span class='ocrx_word' id='word_1_808' title='bbox 2622 4555 2841 4619; x_wconf 87' lang='grc' dir='ltr'><strong>παντὸς,</strong></span> <span class='ocrx_word' id='word_1_809' title='bbox 2882 4552 2975 4609; x_wconf 88' lang='grc' dir='ltr'><strong>τὸν</strong></span> <span class='ocrx_word' id='word_1_810' title='bbox 3012 4553 3175 4608; x_wconf 80' lang='grc' dir='ltr'><strong>αὐτὸν</strong></span> <span class='ocrx_word' id='word_1_811' title='bbox 3200 4554 3402 4625; x_wconf 85' lang='grc' dir='ltr'><strong>τρόπον</strong></span> <span class='ocrx_word' id='word_1_812' title='bbox 3434 4554 3526 4607; x_wconf 78' lang='grc' dir='ltr'><strong>καὶ</strong></span> <span class='ocrx_word' id='word_1_813' title='bbox 3552 4554 3617 4607; x_wconf 90' lang='grc' dir='ltr'><strong>τὸ</strong></span> 
     </span>
     <span class='ocr_line' id='line_1_104' title="bbox 2037 4644 3614 4722; baseline -0.004 -17"><span class='ocrx_word' id='word_1_814' title='bbox 2037 4650 2139 4722; x_wconf 82' lang='grc' dir='ltr'><strong>τῆς</strong></span> <span class='ocrx_word' id='word_1_815' title='bbox 2171 4652 2275 4722; x_wconf 81' lang='grc' dir='ltr'><strong>γῆς</strong></span> <span class='ocrx_word' id='word_1_816' title='bbox 2304 4650 2563 4720; x_wconf 82' lang='grc' dir='ltr'><strong>στοιχεῖον</strong></span> <span class='ocrx_word' id='word_1_817' title='bbox 2608 4647 2709 4701; x_wconf 88' lang='grc' dir='ltr'><strong>ούκ</strong></span> <span class='ocrx_word' id='word_1_818' title='bbox 2751 4648 2832 4711; x_wconf 91' lang='grc' dir='ltr'><strong>εἰς</strong></span> <span class='ocrx_word' id='word_1_819' title='bbox 2864 4645 3032 4718; x_wconf 88' lang='grc' dir='ltr'><strong>ἀργὸν</strong></span> <span class='ocrx_word' id='word_1_820' title='bbox 3066 4644 3175 4699; x_wconf 79' lang='grc' dir='ltr'><strong>οὐδ’</strong></span> <span class='ocrx_word' id='word_1_821' title='bbox 3214 4647 3293 4708; x_wconf 87' lang='grc' dir='ltr'><strong>εἰς</strong></span> <span class='ocrx_word' id='word_1_822' title='bbox 3337 4645 3614 4718; x_wconf 76' lang='grc' dir='ltr'><strong>ἄχρηστον</strong></span> 
     </span>
     <span class='ocr_line' id='line_1_105' title="bbox 2038 4735 3612 4812; baseline -0.004 -16"><span class='ocrx_word' id='word_1_823' title='bbox 2038 4739 2442 4796; x_wconf 87' lang='grc' dir='ltr'><strong>κατεσκεύασα·</strong></span> <span class='ocrx_word' id='word_1_824' title='bbox 2483 4740 2795 4812; x_wconf 85' lang='grc' dir='ltr'><strong>οἰκητήριον</strong></span> <span class='ocrx_word' id='word_1_825' title='bbox 2824 4737 2882 4791; x_wconf 75' lang='grc' dir='ltr'><strong>δὲ</strong></span> <span class='ocrx_word' id='word_1_826' title='bbox 2907 4735 3039 4790; x_wconf 85' lang='grc' dir='ltr'><strong>αὐτὸ</strong></span> <span class='ocrx_word' id='word_1_827' title='bbox 3071 4736 3164 4791; x_wconf 76' lang='grc' dir='ltr'><strong>καὶ</strong></span> <span class='ocrx_word' id='word_1_828' title='bbox 3188 4735 3468 4808; x_wconf 80' lang='grc' dir='ltr'><strong>διατριόὴν</strong></span> <span class='ocrx_word' id='word_1_829' title='bbox 3503 4738 3612 4790; x_wconf 80' lang='grc' dir='ltr'><strong>τῶν</strong></span> 
     </span>
     <span class='ocr_line' id='line_1_106' title="bbox 2041 4826 3610 4903; baseline -0.003 -17"><span class='ocrx_word' id='word_1_830' title='bbox 2041 4835 2100 4887; x_wconf 77' lang='grc' dir='ltr'><strong>ὲν</strong></span> <span class='ocrx_word' id='word_1_831' title='bbox 2130 4830 2280 4903; x_wconf 82' lang='grc' dir='ltr'><strong>αύτῷ</strong></span> <span class='ocrx_word' id='word_1_832' title='bbox 2333 4829 2563 4901; x_wconf 84' lang='grc' dir='ltr'><strong>λογικῶς</strong></span> <span class='ocrx_word' id='word_1_833' title='bbox 2604 4829 2974 4885; x_wconf 84' lang='grc' dir='ltr'><strong>πολιτεύεσθαι</strong></span> <span class='ocrx_word' id='word_1_834' title='bbox 3018 4826 3315 4900; x_wconf 85' lang='grc' dir='ltr'><strong>μελλόντων</strong></span> <span class='ocrx_word' id='word_1_835' title='bbox 3352 4829 3610 4898; x_wconf 67' lang='grc' dir='ltr'><strong>εἰργασά·</strong></span> 
     </span>
     <span class='ocr_line' id='line_1_107' title="bbox 2045 4913 3604 4995; baseline -0.001 -20"><span class='ocrx_word' id='word_1_836' title='bbox 2045 4940 2171 4995; x_wconf 91' lang='grc' dir='ltr'><strong>μην,</strong></span> <span class='ocrx_word' id='word_1_837' title='bbox 2204 4922 2253 4977; x_wconf 75' lang='grc' dir='ltr'><strong>οἶ</strong></span> <span class='ocrx_word' id='word_1_838' title='bbox 2291 4922 2385 4977; x_wconf 72' lang='grc' dir='ltr'><strong>καίΙ</strong></span> <span class='ocrx_word' id='word_1_839' title='bbox 2413 4922 2545 4977; x_wconf 86' lang='grc' dir='ltr'><strong>Θεὸν</strong></span> <span class='ocrx_word' id='word_1_840' title='bbox 2580 4921 2776 4977; x_wconf 84' lang='grc' dir='ltr'><strong>εἰδέναι</strong></span> <span class='ocrx_word' id='word_1_841' title='bbox 2803 4921 2897 4976; x_wconf 71' lang='grc' dir='ltr'><strong>καὶ</strong></span> <span class='ocrx_word' id='word_1_842' title='bbox 2928 4918 3194 4982; x_wconf 77' lang='grc' dir='ltr'><strong>θεοσεὸῶς</strong></span> <span class='ocrx_word' id='word_1_843' title='bbox 3231 4917 3382 4988; x_wconf 83' lang='grc' dir='ltr'><strong>βιοῦν</strong></span> <span class='ocrx_word' id='word_1_844' title='bbox 3412 4913 3516 4973; x_wconf 86' lang='grc' dir='ltr'><strong>οἷοί</strong></span> <span class='ocrx_word' id='word_1_845' title='bbox 3547 4937 3604 4974; x_wconf 85' lang='grc' dir='ltr'><strong>τε</strong></span> 
     </span>
     <span class='ocr_line' id='line_1_108' title="bbox 2039 5011 3607 5088; baseline 0 -20"><span class='ocrx_word' id='word_1_846' title='bbox 2039 5011 2198 5088; x_wconf 76' lang='grc' dir='ltr'><strong>ἦσαν,</strong></span> <span class='ocrx_word' id='word_1_847' title='bbox 2233 5016 2328 5071; x_wconf 80' lang='grc' dir='ltr'><strong>ἀτε</strong></span> <span class='ocrx_word' id='word_1_848' title='bbox 2372 5017 2493 5070; x_wconf 79' lang='grc' dir='ltr'><strong>κατ’</strong></span> <span class='ocrx_word' id='word_1_849' title='bbox 2535 5015 2716 5069; x_wconf 86' lang='grc' dir='ltr'><strong>εἰκόνα</strong></span> <span class='ocrx_word' id='word_1_850' title='bbox 2741 5014 2875 5068; x_wconf 83' lang='grc' dir='ltr'><strong>Θεοῦ</strong></span> <span class='ocrx_word' id='word_1_851' title='bbox 2914 5013 3285 5086; x_wconf 79' lang='grc' dir='ltr'><strong>πεποιημένοι.</strong></span> <span class='ocrx_word' id='word_1_852' title='bbox 3317 5014 3530 5086; x_wconf 79' lang='grc' dir='ltr'><strong>Ὥσπερ</strong></span> <span class='ocrx_word' id='word_1_853' title='bbox 3561 5016 3607 5068; x_wconf 81' lang='grc' dir='ltr'><strong>δ’</strong></span> 
     </span>
     <span class='ocr_line' id='line_1_109' title="bbox 2044 5103 3610 5179; baseline -0.001 -18"><span class='ocrx_word' id='word_1_854' title='bbox 2044 5103 2139 5163; x_wconf 83' lang='grc' dir='ltr'><strong>οὗν</strong></span> <span class='ocrx_word' id='word_1_855' title='bbox 2163 5106 2222 5161; x_wconf 79' lang='grc' dir='ltr'><strong>ὲν</strong></span> <span class='ocrx_word' id='word_1_856' title='bbox 2249 5105 2465 5179; x_wconf 82' lang='grc' dir='ltr'><strong>οὐρανῷ</strong></span> <span class='ocrx_word' id='word_1_857' title='bbox 2488 5105 2708 5174; x_wconf 77' lang='grc' dir='ltr'><strong>ἄγγελοι</strong></span> <span class='ocrx_word' id='word_1_858' title='bbox 2733 5103 3034 5176; x_wconf 77' lang='grc' dir='ltr'><strong>λειτουργοὶ</strong></span> <span class='ocrx_word' id='word_1_859' title='bbox 3050 5104 3207 5158; x_wconf 76' lang='grc' dir='ltr'><strong>Θεοῦ.</strong></span> <span class='ocrx_word' id='word_1_860' title='bbox 3236 5103 3381 5159; x_wconf 73' lang='grc' dir='ltr'><strong>οὕτω</strong></span> <span class='ocrx_word' id='word_1_861' title='bbox 3404 5107 3498 5160; x_wconf 78' lang='grc' dir='ltr'><strong>καὶ</strong></span> <span class='ocrx_word' id='word_1_862' title='bbox 3518 5108 3610 5159; x_wconf 77' lang='grc' dir='ltr'><strong>ἐπὶ</strong></span> 
     </span>
    </p>
   </div>
   <div class='ocr_carea' id='block_1_30' title="bbox 2050 5197 3034 5272">
    <p class='ocr_par' dir='ltr' id='par_1_34' title="bbox 2050 5197 3034 5272">
     <span class='ocr_line' id='line_1_110' title="bbox 2050 5197 3034 5272; baseline -0.015 -15"><span class='ocrx_word' id='word_1_863' title='bbox 2050 5200 2151 5272; x_wconf 84' lang='grc' dir='ltr'><strong>γῆς</strong></span> <span class='ocrx_word' id='word_1_864' title='bbox 2178 5199 2365 5272; x_wconf 79' lang='grc' dir='ltr'><strong>ἄνδρες</strong></span> <span class='ocrx_word' id='word_1_865' title='bbox 2392 5198 2472 5271; x_wconf 80' lang='grc' dir='ltr'><strong>τῷ</strong></span> <span class='ocrx_word' id='word_1_866' title='bbox 2501 5198 2621 5270; x_wconf 85' lang='grc' dir='ltr'><strong>Θεῷ</strong></span> <span class='ocrx_word' id='word_1_867' title='bbox 2654 5197 3034 5270; x_wconf 65' lang='grc' dir='ltr'><strong>μεμελημένοι,</strong></span> 
     </span>
    </p>
   </div>
   <div class='ocr_carea' id='block_1_31' title="bbox 2047 5371 3610 5821">
    <p class='ocr_par' dir='ltr' id='par_1_35' title="bbox 2047 5371 3610 5821">
     <span class='ocr_line' id='line_1_111' title="bbox 2124 5371 3605 5452; baseline -0.003 -21"><span class='ocrx_word' id='word_1_868' title='bbox 2124 5400 2143 5431; x_wconf 75' lang='grc' dir='ltr'><strong>ι</strong></span> <span class='ocrx_word' id='word_1_869' title='bbox 2172 5381 2285 5434; x_wconf 84' lang='grc' dir='ltr'><strong>Οὐκ</strong></span> <span class='ocrx_word' id='word_1_870' title='bbox 2317 5382 2376 5435; x_wconf 79' lang='grc' dir='ltr'><strong>ὲν</strong></span> <span class='ocrx_word' id='word_1_871' title='bbox 2400 5381 2579 5452; x_wconf 75' lang='grc' dir='ltr'><strong>κρυφῇ</strong></span> <span class='ocrx_word' id='word_1_872' title='bbox 2612 5377 2897 5447; x_wconf 82' lang='grc' dir='ltr'><strong>λελάληκα,</strong></span> <span class='ocrx_word' id='word_1_873' title='bbox 2930 5373 3048 5428; x_wconf 81' lang='grc' dir='ltr'><strong>οὐδὲ</strong></span> <span class='ocrx_word' id='word_1_874' title='bbox 3075 5375 3133 5426; x_wconf 85' lang='grc' dir='ltr'><strong>ὲν</strong></span> <span class='ocrx_word' id='word_1_875' title='bbox 3167 5372 3315 5442; x_wconf 87' lang='grc' dir='ltr'><strong>τόπῳ</strong></span> <span class='ocrx_word' id='word_1_876' title='bbox 3350 5371 3456 5443; x_wconf 81' lang='grc' dir='ltr'><strong>γῆς</strong></span> <span class='ocrx_word' id='word_1_877' title='bbox 3485 5388 3605 5427; x_wconf 79' lang='grc' dir='ltr'><strong>σκο·</strong></span> 
     </span>
     <span class='ocr_line' id='line_1_112' title="bbox 2047 5464 3610 5545; baseline -0.006 -17"><span class='ocrx_word' id='word_1_878' title='bbox 2047 5472 2228 5545; x_wconf 83' lang='grc' dir='ltr'><strong>τεινῷ.</strong></span> <span class='ocrx_word' id='word_1_879' title='bbox 2261 5473 2375 5529; x_wconf 83' lang='grc' dir='ltr'><strong>Οὐκ</strong></span> <span class='ocrx_word' id='word_1_880' title='bbox 2398 5469 2530 5528; x_wconf 71' lang='grc' dir='ltr'><strong>εἶπα</strong></span> <span class='ocrx_word' id='word_1_881' title='bbox 2560 5472 2638 5543; x_wconf 81' lang='grc' dir='ltr'><strong>τῷ</strong></span> <span class='ocrx_word' id='word_1_882' title='bbox 2670 5470 2938 5541; x_wconf 82' lang='grc' dir='ltr'><strong>σπέρματι</strong></span> <span class='ocrx_word' id='word_1_883' title='bbox 2974 5464 3163 5520; x_wconf 79' lang='grc' dir='ltr'><strong>Ἰακώδ</strong></span> <span class='ocrx_word' id='word_1_884' title='bbox 3183 5481 3199 5496; x_wconf 92' lang='grc'><em>·</em></span> <span class='ocrx_word' id='word_1_885' title='bbox 3228 5465 3471 5520; x_wconf 86' lang='grc' dir='ltr'><strong>Μάταιον</strong></span> <span class='ocrx_word' id='word_1_886' title='bbox 3516 5465 3610 5535; x_wconf 82' lang='grc' dir='ltr'><strong>ζη-</strong></span> 
     </span>
     <span class='ocr_line' id='line_1_113' title="bbox 2051 5553 3607 5645; baseline -0.01 -22"><span class='ocrx_word' id='word_1_887' title='bbox 2051 5568 2270 5645; x_wconf 62' lang='grc' dir='ltr'><strong>τήσατε.</strong></span> <span class='ocrx_word' id='word_1_888' title='bbox 2305 5563 2444 5634; x_wconf 81' lang='grc' dir='ltr'><strong>Ἐγώ</strong></span> <span class='ocrx_word' id='word_1_889' title='bbox 2462 5564 2599 5634; x_wconf 89' lang='grc' dir='ltr'><strong>εἰμι,</strong></span> <span class='ocrx_word' id='word_1_890' title='bbox 2624 5560 2735 5631; x_wconf 74' lang='grc' dir='ltr'><strong>ἐγώ</strong></span> <span class='ocrx_word' id='word_1_891' title='bbox 2752 5563 2866 5631; x_wconf 70' lang='grc' dir='ltr'><strong>εἰμι</strong></span> <span class='ocrx_word' id='word_1_892' title='bbox 2895 5556 3116 5629; x_wconf 79' lang='grc' dir='ltr'><strong>Κύριος,</strong></span> <span class='ocrx_word' id='word_1_893' title='bbox 3142 5556 3172 5608; x_wconf 82' lang='grc' dir='ltr'><strong>ό</strong></span> <span class='ocrx_word' id='word_1_894' title='bbox 3201 5553 3380 5608; x_wconf 85' lang='grc' dir='ltr'><strong>λαλῶν</strong></span> <span class='ocrx_word' id='word_1_895' title='bbox 3402 5554 3607 5608; x_wconf 80' lang='grc' dir='ltr'><strong>δικαιο-</strong></span> 
     </span>
     <span class='ocr_line' id='line_1_114' title="bbox 2053 5647 3607 5728; baseline -0.007 -17"><span class='ocrx_word' id='word_1_896' title='bbox 2053 5657 2238 5728; x_wconf 83' lang='grc' dir='ltr'><strong>σύνην,</strong></span> <span class='ocrx_word' id='word_1_897' title='bbox 2263 5657 2358 5711; x_wconf 75' lang='grc' dir='ltr'><strong>καὶ</strong></span> <span class='ocrx_word' id='word_1_898' title='bbox 2390 5654 2732 5724; x_wconf 81' lang='grc' dir='ltr'><strong>ἀναγγέλλων</strong></span> <span class='ocrx_word' id='word_1_899' title='bbox 2766 5651 3037 5724; x_wconf 80' lang='grc' dir='ltr'><strong>ἀλήθειαν.</strong></span> <span class='ocrx_word' id='word_1_900' title='bbox 3074 5668 3092 5702; x_wconf 76' lang='grc' dir='ltr'><strong>ι</strong></span> <span class='ocrx_word' id='word_1_901' title='bbox 3134 5647 3285 5701; x_wconf 76' lang='grc' dir='ltr'><strong>Ἐπεὶ</strong></span> <span class='ocrx_word' id='word_1_902' title='bbox 3319 5648 3431 5719; x_wconf 78' lang='grc' dir='ltr'><strong>γὰρ</strong></span> <span class='ocrx_word' id='word_1_903' title='bbox 3462 5650 3607 5703; x_wconf 82' lang='grc' dir='ltr'><strong>πᾶσα</strong></span> 
     </span>
     <span class='ocr_line' id='line_1_115' title="bbox 2053 5736 3608 5821; baseline -0.009 -17"><span class='ocrx_word' id='word_1_904' title='bbox 2053 5749 2180 5821; x_wconf 75' lang='grc' dir='ltr'><strong>ἡγῆ</strong></span> <span class='ocrx_word' id='word_1_905' title='bbox 2209 5747 2299 5803; x_wconf 71' lang='grc' dir='ltr'><strong>καὶ</strong></span> <span class='ocrx_word' id='word_1_906' title='bbox 2335 5749 2380 5801; x_wconf 84' lang='grc' dir='ltr'><strong>οἰ</strong></span> <span class='ocrx_word' id='word_1_907' title='bbox 2421 5748 2477 5800; x_wconf 84' lang='grc' dir='ltr'><strong>ὲν</strong></span> <span class='ocrx_word' id='word_1_908' title='bbox 2507 5746 2642 5819; x_wconf 77' lang='grc' dir='ltr'><strong>αὐτῇ</strong></span> <span class='ocrx_word' id='word_1_909' title='bbox 2678 5744 2873 5807; x_wconf 84' lang='grc' dir='ltr'><strong>πάντες</strong></span> <span class='ocrx_word' id='word_1_910' title='bbox 2897 5741 3168 5813; x_wconf 74' lang='grc' dir='ltr'><strong>ἅνθρωποι</strong></span> <span class='ocrx_word' id='word_1_911' title='bbox 3198 5736 3324 5809; x_wconf 70' lang='grc' dir='ltr'><strong>ἐμοι·</strong></span> <span class='ocrx_word' id='word_1_912' title='bbox 3354 5739 3480 5802; x_wconf 80' lang='grc' dir='ltr'><strong>εἰσι,</strong></span> <span class='ocrx_word' id='word_1_913' title='bbox 3520 5737 3608 5791; x_wconf 74' lang='grc' dir='ltr'><strong>διὰ</strong></span> 
     </span>
    </p>
   </div>
  </div>
 </body>
</html>
