3692 6134
950 321 1038 376 DE
1076 318 1418 377 nummus
1456 317 1654 373 130le
1689 317 1780 373 ΕΤ
1818 317 2047 376 mus.

2999 328 3141 385 1190

323 443 431 499 rior
454 441 623 513 iacet.
648 451 702 496 et
731 441 783 496 in
811 439 926 510 ipsa
955 438 1344 496 colluctatione
1365 436 1475 493 rre-
1503 443 1549 498 Α
1578 436 1666 492 nia
1732 436 2066 506 dispendium
2112 435 2512 493 obumbratum.
2568 438 2667 495 Ubi
2719 449 2805 496 est
2851 442 3143 501 hesternus

319 536 453 592 ersio
505 543 591 591 est
633 532 804 598 sactaq
856 533 928 588 ita
959 541 1012 586 et
1046 546 1241 587 sensus
1274 530 1470 599 saepius

319 627 488 683 centia
516 625 752 680 luctatus
787 631 872 679 est
902 622 955 677 in
982 620 1213 687 lectulis,
1243 619 1296 675 in
1329 618 1469 686 soro,

319 717 536 780 beatris,
568 716 623 771 in
665 712 1038 785 lupanaribus.
1079 711 1146 767 Et
1172 713 1288 768 haec
1339 710 1472 767 facit

319 803 335 863 ε
369 807 612 862 videmus
646 805 972 861 visibiliter:
1008 805 1179 859 tenuit
1207 801 1468 872 concupi·

319 896 460 969 zpulit
489 913 728 963 sensum,
761 906 815 951 et
850 894 1048 951 occidit
1088 894 1380 964 cogitatus,
1415 900 1472 948 ει

319 1006 360 1047 ’.ε
399 992 850 1059 concupiscentia.
900 990 1094 1045 lterum
1139 995 1320 1042 autent
1364 986 1469 1039 vim

323 1096 350 1135 s
394 1088 671 1135 correctus
724 1086 823 1138 εει.
885 1087 938 1132 ει
982 1075 1264 1145 superbior
1295 1072 1470 1127 sactus

343 1162 666 1227 desiderium
708 1165 1050 1224 libidinosum
1082 1181 1097 1220 t
1130 1166 1322 1219 horum
1354 1178 1471 1218 om·

325 1273 508 1319 cutum
536 1261 673 1330 apud
699 1276 796 1315 vos
828 1269 934 1314 est.
965 1257 1131 1313 Scitis
1158 1257 1301 1311 enim
1331 1270 1470 1324 quo·

320 1351 682 1424 miscendam,
711 1350 923 1421 quoties
961 1348 1028 1403 ad
1052 1347 1328 1403 libidinem
1355 1346 1470 1401 ille-

323 1447 403 1500 ies
431 1443 498 1498 ad
524 1441 833 1508 avaritiam,
861 1440 1079 1510 quotics
1101 1439 1168 1493 ad
1198 1438 1467 1505 fraudem,

319 1553 404 1604 im,
438 1535 646 1606 quoties
683 1532 749 1589 ad
796 1531 1215 1600 indignationem
1251 1547 1266 1585 ι
1301 1529 1470 1584 decli-

335 1629 401 1684 ad
434 1630 534 1682 ista
557 1637 641 1682 est
668 1627 819 1691 vitia,
842 1635 894 1681 ct
928 1625 1094 1695 ipsius
1113 1624 1294 1677 carnis
1325 1634 1470 1677 mea-

319 1731 435 1777 ntem
466 1720 580 1775 baec
606 1718 873 1790 cogitatus
899 1716 1200 1773 colluctans
1229 1729 1326 1785 per
1358 1713 1469 1783 spi-

1575 526 1711 593 dies,
1765 537 1823 582 ut
1853 528 1927 583 sis
1966 526 2227 583 sollicitus
2272 528 2338 584 de
2388 530 2687 587 hodierno?
2719 534 2807 589 ubi
2862 546 2987 592 sunt
3022 551 3145 607 quae

1574 615 1691 671 heri
1739 616 1791 672 in
1844 626 2085 672 ventrem
2119 618 2282 671 missa
2331 627 2479 689 sunt,
2522 630 2582 676 ut
2632 623 2822 679 iterum
2872 640 3144 697 praepares

1574 707 1779 762 multa?
1802 706 1995 777 Figura
2026 717 2108 764 est
2132 723 2369 778 praesens
2397 712 2673 779 saeculum,
2702 723 2757 769 ct
2781 730 2886 770 non
2908 719 3137 777 veritas:

1575 800 1780 853 umbrae
1821 798 2065 855 volantes
2108 811 2253 856 sunt.
2296 801 2433 868 Quid
2491 804 2730 862 velocius
2778 808 2891 863 sole
2946 811 3000 865 in
3036 826 3143 880 quo

1577 899 1920 945 mensuratur
1948 891 2056 944 vita
2079 890 2102 945 l
2130 891 2410 963 Evigilate,
2443 894 2585 962 iusti,
2611 903 2665 950 et
2702 897 2868 953 nolite
2892 914 3137 967 peccare.

1575 981 1860 1036 Peccatum
1910 990 2094 1037 autem
2141 984 2368 1039 efficitur
2406 986 2476 1040 ob
2520 989 2880 1055 ignorantiam
2910 990 3025 1047 Dei.
3082 992 3139 1047 Si

1574 1070 1720 1125 enim
1776 1071 1991 1141 agnitus
2022 1073 2191 1128 suerit
2239 1074 2379 1130 Deus
2412 1077 2502 1147 qui
2536 1078 2715 1132 omnia
2758 1080 3015 1147 intuetur,
3052 1098 3140 1140 re-

1573 1161 1877 1229 percutitur
1906 1177 2068 1218 omne
2110 1175 2413 1232 peccatum.
2470 1169 2578 1223 Deo
2606 1170 2750 1224 enim
2788 1183 3148 1243 praesente-et

1574 1253 1792 1308 vidente
1821 1254 1943 1322 quis
1969 1254 2098 1311 velit
2144 1253 2353 1312 furari?
2378 1257 2478 1324 Qui
2508 1268 2688 1316 autem
2719 1263 2956 1332 furatur,
2994 1267 3141 1336 prius

1576 1343 2040 1416 irreligiositatem
2075 1348 2329 1416 admittit,
2360 1359 2415 1405 ει
2456 1352 2530 1406 ita
2578 1362 2756 1409 nocet.
2796 1356 2853 1411 Si
2883 1359 3027 1411 enim
3056 1374 3143 1415 co·

1574 1437 1799 1506 gitasset
1845 1438 1977 1494 Cain
2021 1441 2145 1509 quia
2176 1443 2323 1498 videt
2349 1444 2513 1508 Deus,
2557 1462 2827 1517 nunquam
2856 1449 3143 1505 occidisset

1572 1526 1727 1593 Abel,
1758 1543 1918 1598 quem
1964 1539 2020 1584 ει
2051 1530 2339 1601 abnegavit
2385 1535 2628 1591 fratrem.
2655 1537 2712 1591 Si
2741 1538 2999 1595 vidissent
3032 1540 3142 1594 Eva

1575 1628 1630 1671 et
1671 1618 1842 1674 Adam
1873 1620 2061 1685 Deum,
2111 1636 2218 1677 non
2261 1624 2526 1680 vidissent
2584 1629 2853 1685 arborem.
2892 1629 3143 1698 Nunquid

1579 1723 1865 1778 possumus
1909 1713 1964 1767 in
1992 1715 2125 1771 duas
2148 1714 2313 1771 facies
2345 1717 2505 1771 simul
2542 1720 2712 1775 visum
2738 1721 3017 1794 intendere
3048 1739 3145 1776 no-

319 1825 620 1881 mnunquam
653 1810 901 1863 videmus
926 1821 1214 1878 pauperem
1245 1824 1257 1860 :
1293 1812 1350 1859 et
1376 1804 1473 1859 mi·
1507 1799 1548 1853 Β
1573 1814 1743 1857 strum
1767 1803 1790 1858 ⁸?
1819 1803 1925 1860 Sed
1951 1822 2056 1862 non
2079 1808 2302 1877 suscipit
2322 1808 2529 1865 oculus.
2559 1809 2677 1865 Non
2715 1827 2994 1881 possumus
3016 1829 3144 1883 ergo

328 1904 444 1958 dem
490 1899 684 1965 flectit,
714 1898 937 1953 avaritia
986 1907 1165 1953 autem
1216 1905 1471 1961 revocat;

319 1998 598 2044 noscentes
622 2003 744 2043 cum
767 2000 933 2057 gener
950 1995 1033 2042 est
1054 1986 1296 2041 misereri
1322 1985 1468 2057 (90);

322 2082 356 2136 d
400 2080 634 2135 alienum
662 2090 747 2133 est
779 2093 885 2133 non
914 2078 1063 2132 sinit.
1094 2076 1170 2132 lta
1195 2088 1473 2133 certamen

336 2171 388 2224 in
418 2168 715 2225 istiusmodi
739 2167 983 2235 actibus;
1016 2165 1082 2221 de
1113 2168 1220 2221 Deo
1248 2164 1392 2220 enini
1421 2172 1477 2221 et

367 2269 637 2316 certamen
675 2258 924 2322 babetur,
957 2256 1081 2326 quia
1121 2263 1176 2310 et
1218 2253 1478 2318 Dominus

319 2351 442 2407 'emo
476 2361 636 2420 potest
682 2352 881 2405 duobus
926 2350 1152 2402 dontint's
1183 2348 1372 2405 servire
1394 2345 1474 2415 '⁸3

319 2458 615 2499 ammonam
648 2442 840 2495 animae
868 2440 923 2494 in
962 2438 1072 2494 Deo
1100 2439 1338 2505 viventi;
1369 2455 1477 2495 non

319 2535 484 2590 itione
512 2533 709 2602 aliqua,
742 2531 838 2587 sed
867 2532 990 2599 qnia
1014 2530 1240 2586 elllcitur
1259 2532 1313 2586 id
1335 2532 1478 2601 quod

319 2635 429 2681 eret.
461 2626 600 2697 Ergo
629 2633 894 2694 martyres
935 2622 1232 2678 efficiamur
1268 2622 1383 2689 Dei,
1423 2631 1479 2679 et

320 2728 515 2771 nemus
536 2717 675 2786 qnod
699 2715 776 2769 'ait
804 2731 818 2768 ε
843 2713 1142 2794 Confitebor
1164 2720 1215 2767 et
1238 2728 1331 2783 eqo
1358 2728 1478 2768 eum

319 2823 421 2860 uteo
450 2808 538 2876 qui
575 2819 649 2861 est
676 2806 728 2860 in
760 2805 901 2859 coelis
924 2804 990 2859 ⁹⁹.
1040 2804 1147 2860 lsta
1184 2805 1327 2859 enim
1360 2819 1480 2874 quae

1577 1892 1631 1947 in
1661 1893 1829 1948 Deum
1858 1904 1913 1949 et
1943 1897 1997 1950 in
2037 1898 2317 1954 mulierem
2355 1901 2515 1955 simul
2557 1903 2781 1958 videre:
2814 1906 2954 1960 sieut
2999 1907 3144 1962 enim

1578 2000 1736 2040 nemo
1761 1993 1938 2056 potest
1966 1988 2176 2045 duobus
2212 1991 2446 2048 dominis
2485 1995 2712 2059 servire,
2754 1997 2827 2050 ita
2857 2013 3015 2052 nemo
3050 2014 3145 2067 po-

1577 2085 1684 2132 test
1717 2079 1848 2132 duos
1876 2077 2055 2134 vultus
2090 2080 2248 2135 simul
2288 2081 2574 2151 inspicere.
2603 2084 2835 2140 Tantum
2876 2103 3142 2158 propona-

1574 2177 1662 2224 tur
1679 2176 1808 2223 ante
1829 2168 2016 2225 oculos
2039 2169 2199 2236 DeuS,
2226 2180 2281 2228 et
2296 2173 2474 2227 omnia
2499 2174 2552 2226 in
2582 2175 2966 2244 tranquillitate
2982 2187 3137 2245 sunt;

1575 2261 1670 2317 sed
1709 2276 1812 2316 nec
1871 2260 2057 2317 labore
2098 2273 2180 2317 est
2214 2276 2369 2333 opus,
2409 2263 2601 2319 sufficit
2645 2268 2787 2319 enim
2831 2268 2924 2337 qul
2965 2269 3139 2324 adest.

1577 2348 1678 2418 Qui
1712 2351 1933 2420 respicit
1968 2349 2036 2405 ad
2063 2352 2251 2417 Deum,
2294 2354 2525 2424 primum
2559 2354 2774 2432 quiden
2801 2353 2964 2410 habet
2990 2358 3142 2426 adju·

1579 2438 1773 2494 torium
1817 2453 1849 2493 a
1887 2449 2185 2509 praesente;
2234 2442 2471 2514 posthaec
2493 2439 2700 2516 autetd
2725 2453 2782 2502 et
2827 2448 3141 2517 possibilem

1577 2532 1679 2589 sibi
1709 2532 2065 2587 imitationem
2095 2541 2152 2588 et
2179 2534 2424 2589 timorem
2473 2535 2722 2605 boturet
2764 2538 2815 2594 in
2846 2541 3007 2595 tutela
3033 2550 3138 2606 est.

1577 2632 1632 2680 et
1658 2637 1764 2679 non
1799 2623 2011 2679 aceedit
2041 2637 2320 2695 peccatum
2356 2629 2409 2684 in
2439 2615 2588 2690 istol-
2606 2627 2780 2685 Unum
2810 2645 2880 2688 ex
2901 2632 2986 2687 liis
3008 2647 3146 2704 opus

1577 2723 1679 2781 est,
1721 2724 1779 2769 ut
1807 2723 1934 2768 cred
2141 2719 2225 2772 uia
2255 2728 2339 2775 est
2390 2717 2549 2789 neus,
2578 2735 2633 2777 ει
2662 2722 2816 2778 adest
2841 2730 2896 2777 et
2913 2724 3059 2780 videt
3088 2733 3147 2781 et

1577 2724 2228 2908 samguis-emen
2261 2807 2404 2878 quod
2450 2824 2573 2864 eum
2619 2810 2790 2878 possit
2840 2809 3047 2879 latere;
3089 2822 3144 2867 et

326 2902 493 2955 iseum
540 2914 643 2954 non
669 2908 924 2968 pergent3
967 2899 1013 2952 si
1045 2908 1223 2952 autem
1194 2897 1509 2992 vadum*
1538 2891 1761 2952 -ffliu
1801 2893 1985 2953 lacttta
2018 2905 2197 2953 erunt.
2238 2896 2298 2954 Si
2347 2907 2528 2954 autem
2576 2900 2900 2957 subduxeris
2949 2901 3144 2958 sunda·

319 3006 511 3057 ermo;
553 2976 975 3050 vermandis*
961 2998 1210 3059 manent
1238 3001 1359 3062 qua
1380 3003 1478 3045 au-

1579 2996 1844 3057 mentum,
1886 2988 2022 3044 nmil
2060 2988 2223 3045 stabit
2262 3004 2331 3047 ex
2364 2990 2448 3047 his
2481 3006 2601 3061 quae
2632 2994 2967 3063 superposita
2996 3004 3141 3051 sunt.

324 3071 493 3139 'suut
528 3077 776 3154 peccata,
824 3083 1100 3138 nobiscum
1124 3091 1180 3139 et
1229 3091 1356 3137 ante
1380 3095 1481 3138 nos
1582 3076 1640 3132 Si
1670 3078 1794 3147 quis
1826 3093 1963 3149 ergo
1988 3078 2288 3151 irreligioso
2312 3082 2591 3150 proposito
2619 3083 2931 3140 subduxerit
2952 3085 3143 3154 Deum,

319 3174 349 3229 d
378 3175 446 3229 ad
477 3174 672 3231 damna
710 3173 1105 3245 properamus?
1137 3172 1393 3229 Venimus
1422 3171 1479 3227 in

342 3273 551 3320 utamur
609 3266 827 3320 lumine.
863 3265 1000 3333 Quid
1057 3276 1235 3320 autem
1277 3264 1481 3332 praebet

319 3356 344 3410 :i
379 3357 580 3412 habent
605 3356 833 3412 oculos?
882 3356 1265 3411 Discretionem
1298 3355 1481 3424 utique

319 3445 530 3518 Siquid
573 3447 736 3519 igitur
781 3448 1061 3503 honestum
1099 3456 1204 3512 est,
1248 3462 1368 3502 cum
1401 3446 1482 3503 se-

319 3544 508 3602 :taturc
556 3554 661 3594 non
696 3538 839 3593 enim
887 3548 947 3592 ut
989 3536 1320 3605 decipiamus
1360 3551 1478 3602 vos,

349 3645 453 3686 non
483 3635 542 3685 ut
576 3644 836 3700 pauperes
870 3642 962 3683 vos
989 3626 1269 3692 faciamus,
1295 3641 1481 3682 mone·

320 3722 408 3775 {tes
442 3718 621 3789 potius
669 3718 722 3772 in
751 3731 914 3787 regno
960 3715 1235 3772 coelorum.
1270 3713 1384 3770 Non
1422 3722 1483 3769 ut

319 3826 456 3881 urpus
479 3819 714 3866 vestrum
737 3808 977 3880 jejuniis,
999 3808 1094 3863 sed
1121 3817 1181 3863 ut
1198 3806 1484 3862 induamus

324 3902 490 3969 itate;
525 3915 632 3955 non
665 3910 725 3955 ut
754 3899 1066 3954 occidamus
1107 3897 1162 3952 iu
1195 3895 1480 3966 martyrio,

324 3993 462 4047 eatis
497 3993 550 4048 in
587 3994 882 4062 gebennam
931 4003 1156 4060 corpore
1182 3998 1239 4045 et
1279 3990 1481 4043 anima.

319 4084 449 4153 gitur
475 4083 676 4137 inimici
712 4082 910 4147 vestri;
942 4096 1044 4136 non
1071 4082 1213 4135 enim
1244 4087 1304 4135 ut
1335 4077 1486 4134 frau-

319 4174 509 4229 ttribus
540 4184 597 4229 et
624 4172 811 4227 amicis
846 4174 961 4228 liaec
988 4172 1276 4241 loquimur.
1306 4171 1402 4227 sed
1426 4181 1485 4227 ut

319 4280 366 4318 »ε
397 4266 503 4320 Deo
524 4263 703 4328 Patre,
733 4262 1014 4319 lucremini
1045 4272 1225 4319 autem
1250 4273 1484 4318 vosmet-

323 4357 431 4411 nim
455 4358 624 4412 solum
659 4365 741 4412 est
770 4357 1000 4423 lucrum,
1025 4355 1130 4412 alia
1154 4365 1333 4412 autem
1363 4370 1482 4411 om-

1512 4228 1559 4289 D

1574 3170 1684 3240 jam
1713 3177 1772 3224 ut
1796 3172 1916 3226 sine
1952 3170 2154 3226 lumine
2190 3186 2355 3242 agens
2382 3172 2580 3243 ubique
2619 3172 2860 3230 offendit.
2895 3174 3000 3231 Sed
3021 3191 3142 3245 noe,

1579 3260 1796 3329 fratres,
1831 3261 1899 3317 ad
1931 3263 2102 3318 Deum
2128 3262 2416 3329 viventem,
2440 3264 2506 3317 ad
2536 3279 2657 3319 eum
2687 3265 2779 3335 qui
2814 3276 2917 3331 est,
2950 3270 3041 3339 qui
3064 3268 3147 3325 to-

1580 3352 1655 3407 cit
1691 3353 1899 3417 omnia,
1940 3353 2032 3421 qui
2065 3351 2242 3409 salvat
2281 3354 2551 3421 universa,
2595 3368 3006 3428 convertantur3
3039 3363 3144 3418 alia

1578 3440 1721 3498 enim
1748 3442 1924 3496 omnia
1946 3442 2152 3496 vanitas
2183 3444 2467 3498 vanitatum
2488 3455 2608 3500 sum
2635 3445 2684 3479 ⁹⁰
2711 3464 2727 3501 ε
2756 3449 2972 3518 sapiens
2998 3453 3141 3508 enim

1584 3542 1719 3597 erat.
1763 3534 1856 3603 qui
1877 3535 1990 3589 baec
2022 3534 2447 3604 proclamaverat
2478 3556 2491 3591 :
2522 3537 2590 3591 Et
2614 3546 2790 3612 omnia
2819 3544 3042 3612 vanitas,
3087 3557 3145 3601 et

1586 3637 1756 3678 unum
1787 3633 1871 3679 est
1902 3638 2111 3679 vorum.
2163 3623 2278 3680 Non
2305 3625 2471 3694 igitur
2512 3627 2633 3684 sine
2669 3643 2829 3685 causa
2858 3645 3144 3702 erogemus

1584 3721 1826 3771 nostram
1855 3716 2019 3769 vitam
2050 3733 2066 3772 t
2116 3714 2218 3771 erit
2247 3716 2388 3772 enim
2436 3727 2648 3789 tempus
2686 3736 2808 3776 cum
2839 3736 3147 3792 quaeremus

1587 3806 1704 3862 dies
1742 3806 1866 3874 bos,
1897 3806 1953 3861 in
1982 3806 2180 3877 quibus
2208 3807 2317 3862 Deo
2350 3808 2628 3865 debuimus
2658 3813 2861 3867 vivere.
2902 3814 3019 3884 lpse
3050 3831 3146 3873 au·

1590 3907 1695 3953 tem
1740 3899 1836 3970 qui
1877 3898 2049 3954 bonus
2080 3907 2165 3955 est
2207 3899 2371 3965 Deus,
2417 3902 2653 3957 omnium
2687 3914 2924 3961 vestrum
2972 3909 3146 3978 erigat

1587 3993 1798 4048 animas
1835 3993 1901 4047 ad
1938 3992 2265 4062 agnitionem
2306 4009 2494 4059 suam-3
2532 3998 2619 4051 cui
2663 4007 2747 4053 εει
2781 4012 2880 4068 per
2906 3998 3147 4071 unigeni-

1586 4093 1698 4138 tum
1724 4098 1885 4139 suunt
1914 4083 2128 4149 Filium,
2171 4083 2363 4153 gloria,
2406 4086 2597 4153 honor,
2635 4087 2940 4158 imperium,
2976 4093 3147 4162 maje-

1583 4184 1697 4232 stas
1721 4190 1842 4230 cum
1872 4175 2075 4245 Spiritu
2105 4184 2316 4242 sancto,
2346 4184 2401 4233 et
2430 4193 2591 4247 nunc,
2620 4188 2677 4235 et
2706 4194 2938 4252 semper,
2964 4192 3018 4238 et
3048 4197 3147 4253 per

1586 4266 1766 4322 otuuia
1787 4266 1985 4322 saecula
2015 4267 2357 4324 saeculorum.
2385 4267 2580 4324 Amen.

889 4684 1449 4801 EUSEBII
1532 4681 2212 4796 PAMPHlLI

564 4928 713 5017 DE
786 4923 1382 5018 OPERIBUS
1451 4922 1812 5017 BONIS
1882 4924 2033 5014 ET
2101 4921 2511 5051 MALIS,

1206 5114 1440 5177 numi
1480 5114 1866 5178 OCTAVUS.

320 5415 598 5473 homiuum
620 5419 732 5472 vlta
761 5416 814 5471 in
849 5424 993 5471 terra
1022 5424 1106 5470 εει
1127 5414 1337 5484 posita;
1364 5414 1491 5469 eda-

320 5525 356 5564 n
385 5517 440 5565 et
458 5508 770 5565 libidinibus
801 5515 856 5564 ει
885 5505 1334 5577 concupiscentiis
1364 5520 1488 5576 gra-

320 5621 470 5688 134.
544 5622 588 5654 ⁹⁹
613 5619 802 5677 Matth.
830 5637 887 5685 x,
919 5618 1007 5675 32.
1082 5618 1129 5651 ⁹⁹
1155 5618 1329 5673 Eccle.
1366 5633 1407 5685 t,
1442 5619 1497 5676 l.

319 5747 665 5811 :agnoscentes
701 5751 1036 5807 congenerem
1059 5732 1317 5790 misereri.

1599 5415 1728 5481 vati,
1764 5430 1937 5485 neque
1966 5413 2235 5486 respicere
2261 5427 2474 5469 sursum
2499 5414 2565 5467 ad
2591 5409 2753 5467 Deum
2780 5417 3001 5481 possunt
3025 5410 3147 5480 quia

1595 5506 1800 5575 uolunt,
1839 5522 2015 5580 neque
2035 5521 2200 5580 opera
2239 5504 2357 5577 eius
2381 5505 2583 5571 videre.
2614 5516 2789 5574 oeque
2807 5517 2874 5560 ex
2897 5502 3151 5573 operibus
