3692 6134
420 327 561 387 {¹87

1088 317 1358 379 Eusmm
1390 314 1880 375 cffissnmnsts
1913 315 2070 375 ot’t‘.
2112 317 2295 377 tuns
2331 321 2425 379 Ν.
2465 351 2550 364 -—
2593 315 3076 378 nocuartm.

432 429 632 511 suerit;
660 442 751 515 qui
794 438 1097 512 ingreditur
1133 452 1289 494 suam
1324 435 1778 507 glorificationem
1811 443 1869 492 et
1899 436 2008 491 vir-
2036 442 2086 501 Α
2109 439 2252 509 aequi
2295 439 2540 508 judicii3
2603 436 3094 509 concupiscentia
3129 449 3258 498 autu
3284 477 3317 489 -.

427 545 599 591 tutem
644 532 825 589 crucis
866 533 920 587 in
952 529 1132 586 fronte
1161 544 1268 584 non
1315 526 1644 594 ostenderit,
1692 527 1798 583 iste
1839 527 2007 583 etiam

428 628 549 684 sine
591 634 864 681 tormento
903 622 1120 694 negabit
1161 630 1217 677 et
1252 618 1608 675 sacrificabit.
1642 618 1778 686 Quis
1817 627 2007 675 autem

428 728 487 774 et
528 716 667 771 alius
719 714 939 784 negabit
988 711 1306 769 Christum?
1349 709 1484 766 Cum
1534 710 1732 782 aliquis
1772 721 2006 767 vocatus

430 808 596 865 suerit
627 808 694 863 ad
717 819 929 862 coenam
970 805 1273 875 gentilium,
1307 813 1364 859 et
1393 803 1697 873 perrexerit
1728 817 1745 860 ι
1777 802 2009 859 necdum

432 901 578 955 enim
615 899 721 972 hoc
746 908 831 955 est
868 897 1235 969 prohibitum3
1280 895 1464 950 vinum
1509 903 1690 950 autem
1744 894 1942 950 viderit
1979 909 2010 948 a

433 997 686 1046 coenante
734 990 788 1045 in
836 995 1042 1043 terram
1093 986 1295 1042 effundi
1348 994 1403 1040 et
1429 985 1631 1051 libari,
1678 992 1736 1041 et
1784 999 2013 1041 accenso

433 1080 772 1153 blasphemio
800 1079 867 1134 ab
897 1078 986 1133 his
1013 1077 1107 1148 qui
1134 1091 1198 1132 ea
1228 1090 1349 1147 quae
1380 1083 1509 1131 sunt
1544 1074 1762 1130 Domini
1799 1075 2014 1145 ingrate

388 1173 809 1235 -'manducant,
841 1168 1109 1238 coeperint
1144 1165 1525 1235 blasphemare
1561 1164 1614 1218 in
1658 1161 1828 1219 Deum
1875 1181 1891 1218 ε
1925 1162 2014 1219 ille

439 1271 618 1320 autem
645 1269 704 1314 ut
731 1259 978 1315 Herodes
1014 1265 1234 1328 propter
1257 1256 1658 1311 discumbentes
1686 1254 1849 1311 suerit
1877 1270 2011 1310 con-

439 1350 591 1406 fusus
635 1359 691 1404 et
738 1348 994 1413 tacuerit,
1052 1362 1156 1401 non
1212 1360 1420 1415 ponens
1471 1354 1597 1400 aute
1642 1344 1830 1400 oculos
1886 1359 2014 1400 suos

440 1441 763 1504 Christum,
810 1448 971 1508 negat
1021 1436 1265 1507 profecto
1309 1451 1467 1504 quem
1520 1450 1625 1490 non
1681 1433 2014 1503 respdndens

440 1529 751 1585 confitetur.
788 1527 853 1581 Et
893 1527 1015 1580 ideo
1059 1527 1185 1580 dicit
1216 1525 1474 1579 Dominus
1512 1544 1526 1579 :
1563 1523 1872 1595 Quicunque
1917 1541 2011 1578 ne-

440 1617 642 1687 gaverit
668 1633 751 1669 me
773 1629 951 1668 corum
976 1613 1279 1666 homiuibus
1303 1651 1318 1675 ,
1342 1612 1539 1682 negabo
1566 1622 1613 1665 et
1636 1627 1728 1681 eqo
1750 1626 1870 1664 eum
1893 1619 2014 1665 ante

443 1705 662 1760 Patrem
684 1722 854 1760 uicum
883 1706 974 1772 qui
1014 1716 1087 1758 eat
1112 1707 1165 1758 in
1193 1705 1356 1758 coelis.
1383 1702 1548 1774 Negat
1571 1703 1712 1758 enim
1741 1717 1867 1757 eum
1894 1718 2012 1757 otn-

2110 538 2288 585 meatu
2326 529 2634 603 jurgetur,
2687 540 2758 587 et
2812 528 3056 599 incipiat
3101 547 3342 604 sugqun

2110 619 2336 688 Quando
2377 623 2488 677 erit
2517 619 2878 690 judicium?
2917 621 3134 691 quando
3167 624 3372 686 lutum!

2110 713 2217 768 hoc
2244 713 2490 783 pertinet
2543 713 2628 770 ad
2679 712 2924 768 Deum?
2965 712 3072 770 lste
3101 715 3324 786 reliquit

2111 818 2232 874 quae
2259 805 2405 861 circa
2435 819 2534 860 me
2570 812 2726 860 sunt
2758 804 2968 861 videt!
3002 803 3314 878 Suggen-itui·
3353 817 3358 822 '

2112 896 2450 967 cupiscentia
2491 913 2513 955 t
2575 898 2690 971 qui
2745 899 2944 970 igitur
2990 901 3346 968 consentiant-h,

2113 987 2303 1046 Deum.
2342 989 2485 1055 Quid
2550 999 2768 1046 autem
2823 991 2889 1046 ht
2943 992 3036 1063 qui
3073 994 3362 1063 perjurat&

2113 1088 2320 1135 tautum
2338 1089 2587 1151 peccant
2609 1081 2672 1136 in
2699 1082 3006 1138 homin·
3021 1097 3160 1153 quem
3173 1099 3336 1155 φειι,

2115 1170 2169 1226 in
2201 1170 2364 1227 Deum
2394 1187 2573 1244 quem
2609 1180 3018 1230 contemnunt
3046 1177 3162 1245 :qui
3183 1177 3280 1231 eain
3334 1210 3339 1219 -

2113 1264 2431 1332 contemnit,
2471 1265 2673 1320 Deum
2699 1274 2910 1337 negat.
2939 1266 3092 1322 Unde
3111 1276 3318 1338 etpamt
3349 1275 3364 1280 “

2115 1365 2289 1422 vator,
2316 1357 2380 1411 de
2405 1355 2543 1412 aliis
2599 1358 2850 1427 quidem
2883 1360 3118 1426 mandat,
3143 1371 3346 1431 quant-t

2114 1447 2388 1503 mandare.
2428 1448 2516 1501 Ad
2543 1445 2964 1515 juramentum
2991 1451 3248 1506 veniens-ut
3270 1477 3307 1496 »ι

2113 1536 2340 1608 lapsum,
2371 1552 2478 1594 non
2513 1538 2695 1603 dixit,
2720 1538 2886 1596 Vere
2905 1539 3106 1611 jurate.
3131 1541 3261 1597 sedin
3368 1572 3371 1575 >

2113 1646 2232 1684 rare
2259 1631 2463 1695 nolite,·
2499 1644 2582 1685 ne
2633 1629 2796 1686 sorte
2844 1631 3043 1704 ,lingua
3068 1635 3356 1689 anciacum

2113 1722 2181 1774 ob
2219 1720 2429 1775 facilem
2482 1720 2733 1791 lapsum
2794 1725 2890 1778 sui
2941 1727 3187 1780 oberrans
3226 1756 3231 1770 ··

444 1796 530 1850 nis
561 1796 868 1866 quicunque
902 1794 1137 1849 audierit
1173 1793 1618 1861 blasphemantes
1648 1801 1703 1847 et
1737 1793 2012 1848 tacuerit:
2046 1786 2089 1843 B
2116 1809 2585 1880 irreligiositatem
2627 1811 2994 1870 incurreret.
3033 1814 3356 1882 cem-imis„

443 1894 607 1954 negat
634 1885 809 1938 otttnis
838 1884 1148 1953 quicunque
1192 1885 1425 1938 audierit
1472 1899 1690 1938 crucem
1711 1922 1726 1949 ,
1755 1891 1813 1938 et
1843 1884 2010 1953 depo-

442 1975 617 2030 suerit
665 1974 880 2029 oculum
929 1989 1085 2029 suum
1118 1975 1497 2030 erubescens:
1548 1975 1640 2043 qui
1687 1974 1906 2039 dicunt,
1941 1973 2010 2030 ad

447 2079 584 2133 quos
616 2062 803 2119 dicunt
834 2079 867 2119 a
910 2063 1224 2134 parentibus
1257 2065 1465 2135 accepi,
1499 2073 1754 2132 tanquam
1795 2062 2013 2133 propel-

444 2155 616 2212 lentes
662 2170 691 2209 a
732 2169 793 2211 se
833 2155 1054 2220 bonum,
1090 2165 1148 2211 et
1196 2166 1255 2209 ut
1302 2157 1355 2211 in
1407 2155 1603 2210 malam
1642 2155 2009 2210 haereditatem

444 2247 777 2313 incidentes;
830 2248 920 2317 qui
965 2257 1257 2303 occurrunt
1305 2248 1622 2317 quibusdam
1670 2245 2010 2301 venientibus

444 2338 511 2395 ad
535 2337 853 2406 Ecclesiam,
886 2348 942 2392 et
975 2339 1243 2408 trepidant
1275 2338 1520 2409 pedibuS,
1546 2336 1672 2408 quia
1701 2345 1755 2392 et
1797 2347 2006 2405 mente;

442 2429 535 2499 qui
572 2428 858 2499 ⁶occultant
901 2428 1169 2499 jejunium
1211 2437 1463 2499 tanquam
1508 2429 1577 2482 ad
1623 2427 2003 2497 opprobrium

442 2519 537 2590 qui
566 2518 971 2575 confunduntur
1010 2519 1160 2574 exire
1205 2518 1274 2573 ad
1312 2527 1602 2590 martyres,
1638 2519 1761 2588 quia
1812 2518 2004 2574 audie·

441 2619 571 2667 runt
615 2609 874 2680 quosdam
927 2607 1167 2664 dicentes
1221 2607 1344 2674 sibi,
1397 2608 1692 2664 debuerant
1745 2608 2000 2679 adjuvare

441 2712 708 2773 martyres
740 2698 986 2755 Christi:
1026 2699 1119 2769 qui
1156 2699 1347 2754 nolunt
1392 2699 1716 2794 “weh
1767 2701 2003 2755 bomini·

443 2793 565 2855 buS,
612 2790 939 2845 sustinentes
984 2798 1170 2859 utpote
1214 2787 1343 2843 illud
1372 2779 1513 2858 q'uod
1560 2785 1645 2844 alt·
1678 2790 1942 2868 propbeta
1980 2806 1995 2845 ε

446 2880 549 2947 Qun·
573 2881 770 2934 habitat
812 2883 867 2933 in
909 2879 1050 2934 coelis
1091 2879 1327 2934 irridebit
1356 2895 1443 2934 eos
1466 2878 1532 2934 ⁸¹.
1559 2879 1785 2951 Semper
1810 2865 2000 2952 persi:-

438 2972 584 3027 cutio
617 2979 721 3038 est,
762 2985 975 3041 semper
1005 2970 1275 3026 invisibile
1313 2969 1513 3025 bellum
1550 2970 1800 3039 babetur,
1854 2987 1998 3028 sem-

436 3076 538 3132 per
573 3076 809 3127 corouae,
844 3075 1061 3132 semper
1105 3061 1411 3133 abnegatio.
1453 3061 1627 3117 Vultis
1660 3062 1849 3119 videre
1881 3077 1999 3118 cer·

2116 1902 2273 1957 diana
2297 1913 2421 1957 sunt
2444 1904 2588 1969 ista,
2624 1920 2765 1976 quae
2795 1922 2912 1976 per
2943 1908 3064 1964 dies
3099 1920 3294 1964 aennon

2111 1992 2455 2063 pulchritudo
2479 1996 2650 2050 enim
2684 1999 2999 2068 proposita
3023 2009 3102 2056 est
3119 2001 3332 2066 molinus

2114 2080 2309 2155 effigies
2331 2082 2481 2140 lesu.
2552 2084 2634 2143 Et
2699 2089 2812 2146 itte
2867 2093 3092 2162 quidem
3121 2095 3320 2160 ω’

2113 2172 2251 2242 perit
2265 2189 2283 2239 ς
2334 2172 2473 2229 allus
2511 2188 2715 2233 autem
2750 2195 2992 2239 sursum
3023 2185 3288 2257 responait
3355 2239 3364 2246 .

2112 2262 2203 2318 ubi
2244 2265 2386 2319 euim
2421 2281 2548 2333 cor,
2586 2269 2713 2326 illic
2773 2284 2838 2329 et
2869 2275 3068 2333 oculus
3115 2279 3313 2333 bahem..

2110 2365 2192 2410 est
2221 2372 2349 2412 sanc
2386 2368 2441 2413 et
2466 2375 2687 2418 aurum
2727 2375 2796 2420 et
2823 2364 3020 2437 lesus»,
3051 2381 3104 2425 et
3138 2380 3280 2424 aaut
3323 2368 3330 2374 “

2106 2443 2303 2513 positio
2358 2450 2622 2516 aequalis.
2697 2450 2870 2519 Quid
2933 2467 3136 2522 autern,
3183 2459 3334 2530 qiu

2109 2536 2329 2603 utimur,
2385 2539 2482 2593 sed
2537 2540 2906 2602 declivior-es
2945 2546 3191 2604 efficiatur
3227 2548 3268 2602 ai
3317 2544 3324 2550 '

2107 2626 2241 2681 adeo
2267 2625 2594 2687 fraudamur
2629 2635 2711 2690 ob
2771 2650 2846 2692 ea
2877 2654 3008 2709 quae
3059 2637 3324 2697 nonunt

2106 2731 2209 2787 que
2264 2720 2425 2792 igitur
2481 2723 2828 2784 istiusmodi
2895 2741 3028 2787 actu
3059 2732 3334 2788 certa-*nd

2104 2815 2159 2863 et
2219 2817 2520 2868 certamina
2586 2816 2948 2889 domestica,
3024 2823 3142 2894 quia
3183 2825 3224 2876 ὑ
3251 2821 3316 2874 ἐἰ

2101 2899 2858 2986 videtui-,et-ptdnhrinutq
2910 2928 2983 2970 ex
3031 2921 3294 2984 coneum
3326 2930 3343 2940 ·'

2101 2989 2226 3058 scit,
2268 3001 2324 3048 et
2349 3005 2450 3049 nos
2503 3009 2817 3070 provocat,
2871 3004 3187 3064 ‹at-anmi
3244 3026 3264 3038 ··
3293 3067 3330 3080 Ι

2104 3098 2197 3140 mo
2245 3087 2516 3153 bortatur,
2575 3097 2634 3144 et
2689 3091 2768 3149 lis
2815 3104 2882 3150 ct
2925 3087 3318 3154 munem-th

441 3152 641 3207 tantina
692 3151 1098 3223 religiositatis?
1142 3149 1535 3222 Nonnunquam
1593 3152 1843 3209 efferbuit
1881 3154 2003 3224 quis
2029 3160 2072 3219 c
2106 3184 2214 3242 mi..
2258 3185 2315 3232 ei
2339 3190 2444 3232 „0⁰
2469 3179 2770 3239 ,Mersus
2827 3185 3302 3260 sanguiue-*4

433 3242 516 3300 ira
553 3243 837 3299 adversum
883 3244 1155 3299 subditum
1189 3243 1326 3309 sibi;
1379 3256 1775 3301 rememoratus
1812 3255 1994 3301 autem

435 3335 665 3399 Domini,
697 3335 943 3404 deposuit
971 3335 1321 3392 acerbitatem
1363 3353 1377 3389 :
1413 3334 1565 3405 pejus
1593 3336 1736 3391 enim
1770 3346 1853 3392 est
1882 3336 1995 3393 ier·

431 3428 550 3483 vori
601 3428 835 3483 incensae
888 3425 980 3483 irae
1030 3427 1307 3492 resistere,
1354 3442 1518 3495 quam
1566 3426 1795 3483 flammae
1848 3430 1989 3499 ignis

431 3532 550 3587 quat
574 3531 606 3572 a
646 3515 778 3572 foris
823 3515 1070 3571 babetur.
1108 3514 1243 3582 Quia
1291 3516 1455 3585 igitur
1504 3525 1711 3588 martyr
1759 3525 1842 3571 est
1879 3519 1976 3588 qui

431 3617 646 3681 propter
703 3608 872 3664 Deum
919 3611 990 3664 ad
1038 3608 1365 3663 exteriorem
1408 3605 1682 3662 flammam
1723 3608 1930 3663 resistit
1973 3622 1989 3662 ε

433 3725 639 3787 martyr
674 3723 730 3770 et
755 3713 908 3770 valde
934 3724 1163 3785 martyr,
1202 3713 1293 3785 qui
1327 3714 1621 3786 exstinguit
1645 3716 1873 3773 interius
1908 3716 1992 3773 in-

431 3808 677 3861 cendium
707 3806 919 3861 invidiae
945 3816 1160 3876 propter
1183 3804 1467 3860 Dominum
1490 3803 1710 3875 Jesum;
1739 3823 1990 3864 nonnun-

432 3911 593 3967 quam
630 3896 773 3951 enim
817 3896 1026 3952 videtur
1055 3895 1256 3966 aliquid
1288 3897 1490 3952 bonum
1538 3907 1630 3954 aut
1669 3900 1890 3968 malum,
1934 3910 1990 3958 et

432 3989 674 4058 exsurgit
712 3988 929 4054 invidia,
962 4003 1016 4044 et
1045 4003 1201 4044 nemo
1240 3988 1420 4056 videti
1468 3990 1639 4047 latent
1681 3993 1826 4047 enim
1871 4009 1991 4064 quae

435 4083 581 4133 intus
605 4087 750 4135 sunt.
792 4079 927 4147 Quia
957 4088 1134 4135 autem
1170 4089 1400 4136 testatur
1432 4082 1572 4137 Deus
1596 4084 1881 4139 adversum
1905 4085 1989 4141 in-

434 4170 631 4225 vidiam
680 4172 748 4226 ad
797 4172 943 4226 illum
989 4171 1317 4241 respiciens,
1365 4174 1503 4228 sicut
1538 4173 1842 4247 toses(88·)
1877 4191 1985 4233 non

436 4262 653 4318 vidente
712 4261 933 4318 Domino
959 4262 1068 4337 (89)
1105 4265 1335 4335 quierat
1366 4266 1418 4320 in
1443 4273 1610 4330 terra,
1639 4268 1706 4322 ad
1747 4268 1990 4325 invisibi-

433 4352 538 4409 lem
567 4355 833 4424 respexit,
869 4365 924 4409 et
961 4357 1260 4412 mercedem
1302 4358 1558 4429 propositi
1592 4361 1843 4426 sumpsit.
1877 4359 1986 4418 lte-

433 4460 554 4501 rum
587 4446 679 4516 qui
711 4444 948 4500 refrenat
997 4446 1252 4503 invidiam
1296 4460 1504 4521 martyr
1538 4450 1769 4520 exsistit,
1815 4462 1870 4508 et
1896 4454 1986 4524 qui

433 4536 713 4593 alacritate
735 4535 1057 4608 judicaverit
1084 4537 1223 4593 male
1250 4538 1317 4595 de
1355 4540 1520 4597 lratre
1562 4540 1728 4612 loqui,
1757 4553 1810 4598 et
1835 4559 1974 4600 inea·

434 4635 548 4681 tum
591 4639 758 4695 usque
798 4627 864 4680 ad
914 4625 1148 4695 linguam
1179 4629 1484 4698 protulerit,
1523 4648 1584 4689 os
1617 4644 1795 4691 autem
1827 4651 1986 4692 suurn

435 4724 657 4786 propter
685 4714 781 4771 Dei
813 4716 1058 4773 timorem
1104 4734 1209 4773 non
1247 4725 1541 4791 aperuerit,
1591 4726 1699 4781 iste
1736 4728 1987 4784 invisibi-

436 4805 559 4861 liter
586 4807 877 4863 confitetur
919 4808 1109 4865 Deum.
1139 4809 1207 4865 Et
1247 4814 1334 4867 cui
1369 4814 1577 4870 licitum
1624 4825 1710 4874 est
1736 4819 1988 4875 fraudare

432 4906 487 4953 et
515 4912 621 4952 non
654 4899 900 4969 fraudat;
927 4910 981 4955 et
1006 4901 1091 4956 cui
1124 4900 1330 4957 licitum
1357 4915 1441 4961 est
1471 4907 1641 4964 iurari
1684 4908 1986 4982 conjugium

431 4986 702 5055 alienum,
757 5000 814 5047 et
858 4992 1033 5062 parcit
1082 4991 1135 5046 in
1184 4995 1438 5052 omnibus
1490 4997 1574 5053 bis
1630 5013 1749 5069 quae
1797 4999 1988 5056 oculus

431 5078 701 5135 sensibilis
750 5095 856 5136 non
912 5082 1093 5151 videt,
1143 5082 1427 5141 invisibilis
1481 5100 1661 5143 autem
1714 5089 1981 5158 intuetur,

431 5171 692 5242 martyria
711 5182 767 5227 et
783 5171 1150 5231 consessiones
1168 5175 1453 5232 habentur.
1470 5176 1678 5250 Negant
1703 5192 1883 5235 autem
1924 5193 1983 5236 re

431 5264 546 5335 ipsa
587 5274 643 5320 et
681 5279 842 5334 opere
874 5265 972 5332 illi,
1004 5283 1140 5337 quos
1177 5282 1300 5324 cum
1333 5272 1567 5327 tenuerit
1602 5274 1985 5343 concupiscen-

430 5358 540 5423 tia,
593 5367 647 5414 et
694 5367 815 5429 post
883 5360 996 5416 haec
1057 5362 1267 5418 venerit
1336 5362 1627 5435 Scripturae
1686 5365 1985 5432 memoria,

429 5449 555 5519 quia
609 5458 695 5505 est
744 5451 885 5510 Deus
936 5453 1026 5527 qui
1078 5454 1225 5511 videt
1263 5462 1317 5513 et
1362 5455 1592 5527 judicat,
1625 5467 1676 5516 et
1731 5458 1857 5529 quia
1906 5466 1990 5516 est

493 5584 537 5617 ⁸¹¹
561 5584 706 5642 Psal.
733 5603 794 5655 ιι,
822 5589 873 5644 t.

492 5739 628 5812 (88⁹)
673 5742 845 5799 Ioues.
875 5743 1056 5817 Forte,
1093 5746 1282 5804 Moses.

2103 3269 2197 3325 sed
2224 3269 2511 3328 adversum
2553 3275 2889 3336 invisibiles
2925 3281 3196 3338 inimicut'
3231 3277 3240 3287 '
3285 3298 3295 3314 ⁷
3332 3298 3338 3301 ’

2102 3357 2187 3414 his
2225 3360 2477 3416 omnibus
2511 3368 2850 3423 certamina
2881 3381 3021 3427 sunt
3066 3381 3262 3442 ctu-5·

2100 3450 2246 3508 nium
2275 3461 2330 3508 et
2350 3466 2478 3508 esca
2508 3461 2886 3528 proponitur,
2915 3479 3051 3519 curn
3073 3457 3258 3520 sititis
3291 3455 3298 3462 '

2096 3545 2348 3615 pudicitia
2377 3556 2436 3602 et
2482 3545 2688 3616 libido,
2743 3568 2878 3609 cum
2931 3556 3220 3614 Ecclesiae
3248 3570 3283 3589 ·-

2097 3636 2211 3692 dies
2232 3637 2438 3693 Domini
2454 3651 2516 3696 et
2540 3642 2664 3699 dies
2693 3646 3217 3717 daemottiorum,ex=
3287 3670 3293 3679 ·

2097 3730 2267 3786 mines
2293 3739 2346 3786 et
2374 3731 2623 3791 charitas
2651 3739 2730 3793 ad
2763 3739 2978 3798 Deum.
3011 3743 3078 3798 Et
3107 3740 3220 3798 inis

2098 3821 2221 3877 dant
2251 3822 2466 3892 quidem
2504 3837 2754 3896 negant,
2805 3833 3044 3902 quidam
3067 3845 3232 3888 autu·
3286 3836 3289 3839 ⁴

2097 3915 2460 3985 unusquisque
2494 3918 2603 3974 sibi
2645 3934 2946 3989 procurat
2978 3925 3234 3981 Ιιοιιιιιιι
3278 3944 3281 3949 ·

2096 4003 2241 4059 cium
2268 4012 2375 4083 aut·
2414 4007 2702 4078 requiem,
2735 4013 3063 4083 gehennam
3101 4019 3290 4079 auten!

2095 4093 2232 4163 Quid
2262 4105 2439 4153 autem
2482 4099 2539 4154 bi
2602 4104 2704 4170 qui
2745 4108 3090 4175 sortiuntur,
3129 4101 3330 4176 &²1¹⁸

2093 4202 2211 4244 rum
2238 4189 2506 4260 pergunt?
2545 4191 2644 4247 lsti
2685 4198 2932 4255 occulte
2967 4199 3222 4256 saeriflmt
3247 4186 3328 4246 iffi

2095 4290 2223 4349 gant
2245 4277 2435 4334 Deum.
2479 4279 2623 4349 Quid
2671 4283 2738 4341 hi
2802 4291 2911 4359 qui
2939 4287 3288 4368 creduniqtffl

2095 4370 2232 4426 mala
2264 4373 2613 4442 proveniunt,
2675 4387 2745 4432 et
2806 4380 2996 4438 ratum
3033 4369 3318 4439 aarum!

2016 4512 2067 4571 D
2093 4462 2183 4531 qui
2207 4461 2582 4530 auspicantur,
2609 4470 2720 4534 qui
2763 4470 2901 4529 dies
2921 4483 2981 4530 ct
3005 4486 3144 4528 voces
3161 4471 3318 4537 etpffl

2092 4551 2431 4606 custodiunt?
2457 4553 2571 4608 Aut
2595 4569 2722 4611 non
2778 4562 2968 4631 plena
2995 4570 3108 4620 snut
3133 4562 3202 4616 his
3219 4561 3318 4608 ruffi

2093 4642 2343 4696 mulieres
2370 4642 2760 4706 observantes
2811 4654 2990 4710 talia!
3033 4652 3150 4721 Quis
3175 4643 3342 4704 lsaffl‘

2084 4750 2181 4808 per
2221 4747 2380 4789 nares
2410 4735 2680 4804 spiritum
2741 4745 3158 4817 protulittquis
3192 4747 3298 4796 ut*
3331 4733 3340 4746 ”’

2082 4828 2197 4883 avis
2228 4825 2446 4892 volavit,
2483 4837 2544 4882 et
2596 4833 2798 4902 unde,
2861 4849 2962 4894 am,
2984 4837 3228 4910 quomode,
3255 4835 3337 4880 ur·

2082 4920 2204 4990 quis
2233 4916 2504 4973 ululavit-2
2559 4919 2766 4981 Canes
2830 4929 3090 4986 debemus
3130 4921 3304 4982 ndum
3336 4934 3343 4939 “

2079 5009 2371 5079 procedant
2398 5022 2430 5063 e
2457 5008 2769 5072 domibus.
2801 5018 2958 5077 Fieri
2981 5021 3116 5076 enim
3137 5029 3214 5071 no·
3231 5009 3328 5079 ΡΒ

2081 5098 2284 5169 aliquid
2314 5097 2419 5154 tale
2443 5112 2756 5162 occurrat.
2792 5107 3160 5181 Vosmetipsoe
3183 5099 3320 5174 μῦ*-

2077 5187 2206 5244 bitis
2237 5189 2445 5258 quoties
2471 5194 2546 5245 ad
2588 5192 2945 5259 istiusmodi
2980 5209 3200 5258 certastis
3244 5224 3270 5231 ··
3314 5208 3321 5217 ·

2081 5278 2182 5334 ties
2212 5288 2353 5333 mota
2385 5289 2474 5335 est
2503 5288 3019 5358 concupiscentia,
3057 5293 3146 5347 sed
3165 5281 3311 5343 affl

2080 5380 2136 5425 et
2157 5376 2276 5425 erat
2297 5378 2610 5443 certamen,
2634 5387 2702 5432 et
2728 5388 3046 5454 contentio,
3063 5392 3116 5441 et
3129 5385 3260 5437 a*
3273 5361 3306 5418 Β

2082 5457 2348 5531 palaestris
2376 5458 2526 5517 alius
2556 5463 2896 5538 aliquando
2947 5457 3300 5548 snper-iu&

2139 5746 2249 5820 (89)
2277 5744 2380 5803 Ha.
2402 5746 2546 5805 aicae
2576 5749 2804 5832 «loseph
2831 5775 2940 5819 m
2961 5743 3271 5819 aaa*
