3692 6134
102 347 209 405 ⁴93

1077 342 1573 402 COMMENTARlA
1602 343 1668 401 ΙΝ
1709 342 1971 400 ΙΒΑΙΑΜ.
2010 374 2079 384 -
2114 342 2267 401 cAP.
2304 342 2416 399 Lx,

3248 343 3347 401 tot

100 466 186 551 είς
204 466 517 534 ἀπαντησιν
548 460 642 516 τοῦ
669 462 871 534 Κυρίου
909 463 988 527 είς
1027 463 1183 535 ἀέρα,
1229 466 1324 520 καὶ
1352 464 1523 531 οὔτως
1556 465 1689 521 πάν·
1715 470 1762 529 A
1790 464 1935 520 mino
1960 465 2014 522 in
2034 474 2262 522 acrazet
2287 465 2369 521 sic
2390 477 2604 534 semper
2628 477 2752 519 cum
2773 462 2999 519 Domino
3015 460 3217 518 erimus
3231 462 3298 524 ”3
3323 482 3346 514 a

101 571 227 611 τοτε
268 555 369 609 σὺν
397 554 591 626 Κυρίῳ
631 553 902 626 ἐσόμεθα·
923 574 942 608 ι
977 555 1340 626 συναφθέντες
1365 557 1565 630 δηλαδὴ
1590 557 1685 614 καὶ

105 645 610 718 συγκαταλεγέντες
644 645 724 717 τῷ
759 644 907 718 χορῷ
935 645 1046 701 τῶν
1073 647 1132 700 ἐν
1173 645 1252 719 τῷ
1285 646 1536 720 προτέρῳ
1571 647 1687 720 λαῷ

104 739 573 814 κατωρθωκότων.
618 737 710 792 Διὸ
734 736 1212 810 ἀποθαυμάζοντες
1237 739 1335 814 τὴν
1371 742 1452 806 τίς
1477 739 1688 813 ἀνθρώ·

100 852 240 899 πους
270 832 531 905 χυθεῖσαν
571 832 664 886 τοῦ
702 831 939 903 Χριστοῦ
968 832 1126 904 χάριν
1159 833 1253 887 καὶ
1282 832 1389 888 τῶν
1428 832 1489 900 ἐξ
1518 832 1688 888 ἐθνῶν

99 923 434 997 σωζομένων
470 924 535 979 τὸ
570 924 794 994 πλῆθος,
850 924 950 994 τήν
993 940 1054 977 τε
1098 925 1178 989 είς
1214 924 1477 996 οὐρανοὺς
1509 925 1688 980 αὐτῶν

94 1016 433 1088 ἀνάπτησιν,
464 1014 563 1087 τὴν
591 1012 730 1086 μετὰ
756 1012 853 1085 τὴν
874 1013 1053 1078 ἔξοδον
1071 1012 1165 1068 τοῦ
1193 1012 1307 1084 βίου
1334 1014 1498 1085 φασί·
1532 1013 1689 1082 Τίνες

95 1106 243 1171 οἴδε;
297 1105 376 1170 ὡς
414 1105 633 1176 νεφέλαι
674 1103 960 1171 πέτανται,
996 1104 1090 1158 καὶ
1129 1103 1206 1168 ώς
1232 1105 1554 1180 περιστεραὶ
1592 1106 1691 1161 σὺν

97 1200 349 1262 νεοσσοῖς
377 1198 465 1250 ἐπ’
497 1195 617 1269 ἐμέ.
641 1215 661 1250 ι

172 1309 197 1343 ι
221 1290 360 1362 Ἐμέ
373 1291 430 1344 αί
443 1289 594 1362 νῆσοι
609 1288 926 1360 ὑπέμειναν,
940 1287 1036 1343 καὶ
1057 1285 1214 1341 πλοῖα
1229 1285 1463 1360 Θαρσεῖς
1476 1288 1534 1342 ἐν
1550 1286 1691 1360 πρώ-

95 1397 236 1445 τοις,
256 1381 491 1449 ἀγαγεῖν
507 1378 579 1433 τά
596 1376 762 1432 τέκνα
787 1394 881 1431 σου
909 1375 1201 1449 μακρόθεν,
1229 1376 1431 1431 καὶτὸν
1451 1376 1692 1450 ἀργυρον

96 1469 193 1523 καὶ
210 1469 307 1522 τὸν
324 1469 525 1542 χρυσὸν
546 1467 726 1524 αὐτῶν
746 1468 862 1539 μετ’
884 1467 1084 1533 αὐτῶν,
1105 1465 1201 1521 καὶ
1217 1466 1306 1522 διά
1325 1468 1389 1522 τὸ
1409 1467 1579 1540 ὄνομα
1589 1470 1693 1523 Κυ-

102 1559 222 1631 ρίου
246 1558 311 1612 τὸ
344 1559 520 1627 ἅγιον,
541 1557 633 1612 καὶ
657 1559 745 1614 διά
759 1558 823 1612 τὸ
850 1558 940 1613 τὸν
956 1558 1023 1628 ἀγ
1032 1575 1109 1612 ιον
1126 1557 1221 1613 τοῦ
1250 1558 1462 1633 Ἰσραὴλ
1483 1557 1692 1627 ἔνδοξον

99 1648 265 1706 εἶναι.
292 1668 313 1702 ι
351 1650 463 1715 Τὰς
491 1649 782 1723 ἐκκλησίας
802 1649 860 1703 δέ
886 1650 1082 1720 νήσους
1114 1649 1208 1705 καὶ
1233 1650 1323 1705 διά
1351 1650 1459 1705 τῶν
1483 1649 1691 1722 ἐμπρο·

100 1742 231 1797 σθεν
250 1744 283 1798 ὁ
304 1742 465 1812 λόγος
503 1743 743 1814 ᾐνίττετο
765 1742 1066 1814 σημαίνων.
1096 1743 1248 1798 Ἐπεὶ
1267 1742 1448 1798 τοίνυν
1470 1743 1569 1808 τὰς
1590 1744 1692 1797 ἐπ-

1784 553 2026 623 adjuncti
2067 554 2278 611 scilicet
2324 566 2381 612 et
2426 555 2762 611 annumerati
2807 554 2975 610 choro
3014 567 3226 618 eorum,
3257 554 3351 623 qui

1784 645 1839 700 in
1881 645 2062 715 prisco
2091 645 2181 702 illo
2217 646 2415 717 populo
2448 647 2617 717 probe
2642 661 2703 703 se
2734 654 3041 718 gesserunt.
3062 643 3351 713 Quocirca.

1785 731 2012 789 effusam
2046 733 2248 791 Christi
2308 736 2362 791 in
2418 737 2665 793 homines
2716 738 2948 809 gratiam
2998 737 3353 805 admirantes,

1784 838 1999 881 necnon
2041 827 2303 895 gentium,
2335 842 2457 899 quae
2486 828 2710 884 salutem
2743 828 3012 895 obtinent,
3046 828 3356 885 multitudi-

1786 928 1937 982 nem,
1967 931 2264 989 eorumque
2313 928 2436 989 post
2467 930 2695 977 mortem
2750 922 2819 976 ad
2865 921 3061 978 coelum
3088 921 3354 994 volatum,

1788 1004 1995 1068 dicunt.
2021 1024 2043 1059 ι
2068 1004 2301 1074 Quinam
2329 1010 2382 1064 hi
2408 1011 2579 1066 sunt?
2615 1007 2867 1069 ut'nubes
2887 1009 3093 1083 volant,
3118 1022 3176 1070 et
3215 1013 3355 1071 sicut

1786 1097 2050 1155 coluinbae
2079 1113 2205 1156 cum
2228 1101 2390 1172 pullis
2409 1118 2571 1175 super
2601 1118 2706 1162 me.
2732 1122 2754 1158 ι

1859 1275 2027 1335 Vens.
2070 1276 2125 1335 θ.
2171 1296 2194 1332 ι
2243 1278 2325 1337 He
2380 1280 2570 1339 insnlae
2625 1293 3033 1356 exspectarunt,
3089 1295 3146 1345 et
3191 1303 3358 1346 naves

1789 1366 2017 1427 Tharais
2041 1368 2100 1427 in
2127 1370 2417 1441 primis,ut
2445 1373 2717 1431 adducant
2751 1374 2892 1433 illios
2930 1386 3048 1434 tuos
3074 1377 3142 1435 de
3172 1377 3357 1451 longe,

1790 1470 1847 1517 et
1867 1470 2151 1532 argentum
2182 1472 2239 1521 et
2273 1478 2466 1521 aurum
2493 1480 2681 1523 eorum
2710 1483 2834 1525 cum
2871 1468 2976 1536 eis,
3007 1477 3226 1541 propter
3262 1485 3358 1528 no·

1790 1567 1916 1609 men
1939 1551 2157 1611 Domini
2181 1564 2450 1639 sanctum,
2478 1567 2536 1615 et
2561 1567 2622 1615 ut
2645 1568 2870 1616 sanctus
2900 1557 3065 1617 lsrael
3094 1560 3359 1632 gloriosus

1791 1643 1884 1699 sit.
1926 1662 1948 1698 ι
1989 1644 2262 1704 Ecclesiae
2287 1662 2418 1705 vero
2469 1648 2524 1705 in
2571 1649 3003 1721 precedentibus
3034 1666 3129 1721 per
3156 1650 3361 1707 insulas

1792 1732 2105 1789 adumbrari
2134 1735 2496 1804 significabat.
2533 1739 2668 1809 Quia
2697 1741 2865 1812 igitur
2894 1744 3159 1814 promissa
3186 1743 3362 1815 patri-

98 1835 455 1906 ηγγελμένας
493 1834 630 1906 πρὸς
666 1835 790 1899 τοὺς
825 1833 1067 1908 πατέρας
1105 1834 1435 1905 ἐπαγγελίας
1474 1834 1533 1887 αἱ
1588 1835 1679 1887 ἐκ-
1708 1824 1752 1881 Β
1779 1823 1881 1879 bus
1910 1821 2051 1878 sacta
2093 1823 2347 1883 Ecclesiae
2383 1830 2524 1894 Dei,·
2553 1832 2865 1901 prophetias
2898 1833 3232 1903 evolventes,
3262 1849 3362 1891 ex·

100 1925 331 1998 κλησίαι
362 1923 457 1978 τοῦ
484 1922 618 1978 Θεοῦ
654 1923 755 1989 τάς
783 1924 1117 1997 προφητείας
1152 1924 1494 1996 διερχόμεναι
1521 1940 1689 1997 προσ-

1792 1912 2146 1982 spectabaut,
2190 1914 2317 1984 jure
2366 1918 2464 1984 ait,
2513 1935 2535 1970 ι
2572 1919 2658 1975 lle
2709 1921 2899 1978 insulae
2953 1934 3362 1994 exspectarunt.

102 2016 332 2081 ιδόκων,
357 2015 582 2079 είκὰιως
602 2014 825 2087 ‹pneris-‚50
847 2016 977 2087 Ἐμὲ
1000 2015 1151 2088 νῆσοι
1178 2015 1495 2089 ὑπέμειναν,
1522 2015 1689 2070 mota
1791 2001 1967 2058 Nares
1983 2001 2213 2060 Tharais
2235 2019 2253 2069 ;
2287 2023 2308 2057 ι
2340 2004 2428 2062 his
2455 2006 2766 2065 subindicat
2807 2024 3060 2081 corpora,
3082 2012 3137 2068 in
3166 2013 3366 2084 quibus

105 2106 375 2176 Θαρσεῖς·
402 2124 421 2158 ι
447 2104 742 2159 αἰνίττεται
771 2103 842 2158 τὰ
871 2104 1098 2177 σώματα
1118 2098 1199 2170 οἷς
1225 2104 1554 2178 ἐπενήξαντο
1589 2121 1690 2159 κα-
1792 2094 2090 2151 enatabant
2143 2096 2340 2151 anima
2388 2096 2443 2152 in
2491 2096 2594 2155 hac
2627 2099 2843 2155 mortali
2885 2092 3000 2157 vit'a
3032 2105 3364 2162 constitute·

106 2198 171 2252 τά
199 2197 301 2252 τὸν
337 2196 531 2270 Θνητδν
563 2196 678 2269 βίον
717 2199 774 2252 αἱ
795 2196 983 2270 ψυχαί.
1024 2197 1257 2268 Θαρσεῖς
1298 2196 1357 2251 δέ
1379 2196 1690 2268 ἀλλοφύλων

109 2291 275 2344 πάλιν
305 2289 569 2360 ἐτύγχανε
607 2288 759 2362 χώρα
776 2307 790 2322 ·
825 2289 906 2345 διδ
944 2289 1075 2361 περὶ
1109 2289 1417 2361 ἀλλοφύλων
1447 2289 1692 2345 ἀπίστων

106 2382 329 2455 εἴρηταί
357 2399 463 2436 που
481 2399 495 2413 ·
535 2399 555 2435 t
578 2381 666 2437 Ἐν
694 2383 961 2455 πνεύματι
1010 2382 1169 2455 βιαίῳ
1201 2381 1512 2456 συντρίψεις
1535 2381 1693 2438 πλοῖα

104 2477 372 2547 Θαρσεῖς.
399 2492 418 2526 ι
465 2473 602 2528 Ἀλλ’
624 2475 800 2529 ἐκεῖνο
837 2474 936 2547 μὲν
966 2473 1306 2546 συνετρίὸετο
1327 2490 1343 2507 ·
1372 2473 1608 2529 ἐνταῦθα
1635 2473 1695 2529 δέ

103 2565 178 2620 τά
204 2565 385 2619 τέκνα
412 2564 516 2634 τῆς
552 2563 788 2629 παλαιᾶς
830 2564 1181 2637 Ἰερουσαλὴμ
1203 2564 1273 2619 τά
1306 2564 1367 2631 ἐξ
1400 2565 1569 2621 ἐθνῶν
1598 2564 1697 2621 αὖ·

104 2659 179 2734 τῇ
212 2656 631 2728 προσγενόμενα
658 2656 842 2721 αὐτοῖς
882 2655 1087 2720 πλοίοις
1124 2656 1395 2729 μακρόθεν
1432 2656 1569 2729 πρδς
1607 2657 1700 2712 αὗ-

106 2747 213 2819 τὴν
238 2745 369 2819 ἥξει
386 2762 403 2777 ·
431 2746 731 2813 τουτέστιν.
755 2748 937 2811 αὐτοῖς
965 2746 1212 2820 σώμασιν
1238 2750 1330 2803 ἐπὶ
1358 2748 1421 2803 τὸ
1451 2750 1698 2823 κρεῖττον

116 2830 529 2912 μεταδληθεῖσι.
557 2834 782 2905 Ἥξουσι
822 2840 1004 2895 τοίνυν
1038 2840 1220 2907 αὐτοῖς
1247 2843 1359 2908 τοῖς
1381 2841 1626 2914 σώμασιν
1646 2842 1700 2896 οῖ

114 2931 513 3002 προλεχθέντες
546 2931 645 2996 τὰς
685 2934 804 2987 κατ’
837 2931 1038 3005 ἀρετὴν
1080 2931 1306 3007 πράξεις
1333 2935 1572 3008 ἀργυρον
1608 2933 1702 2990 καὶ

114 3021 321 3091 χρυσὸν
344 3019 753 3095 ὀνομαζομένας
774 3012 1121 3097 ἐπαγόμενοι.
1155 3023 1389 3097 Πράξεις
1405 3025 1463 3078 δὲ
1483 3021 1590 3079 οἶδε
1610 3023 1703 3079 τὸν

114 3111 322 3185 χρυσὸν
346 3113 445 3167 καὶ
473 3112 566 3167 τὸν
592 3112 829 3185 ἀργυρον
855 3114 884 3167 ὁ
921 3115 1258 3180 Ἀπόστολος.

1795 2182 2019 2241 Tharsis
2058 2185 2187 2241 item
2245 2187 2670 2260 alienigenarum
2713 2191 2959 2263 gentium
3003 2192 3153 2264 regio
3199 2205 3363 2251 erat=

1799 2287 1973 2344 quare
1997 2276 2064 2331 de
2095 2273 2390 2333 incredulis
2418 2275 2736 2353 alienigenis
2766 2277 2962 2337 alicubi
2993 2280 3213 2348 dicitur,
3257 2301 3279 2336 ι
3304 2282 3364 2339 tn

1797 2365 1989 2437 spiritu
2020 2366 2325 2423 vehementi
2356 2380 2606 2427 contem
2631 2382 2798 2428 naves
2832 2367 3058 2429 Tharais
3081 2372 3151 2428 ¹⁸.
3193 2389 3216 2427 a
3253 2371 3366 2429 Sed

1798 2455 1931 2523 illud
1971 2456 2190 2528 quidem
2236 2458 2661 2517 conterebatur:
2689 2456 2794 2518 bie'
2826 2476 2957 2521 vero
3001 2462 3097 2520 filil
3133 2455 3367 2541 antiquae

1801 2547 1948 2604 illius
1973 2546 2297 2616 Jerusalem,
2326 2548 2420 2621 qui
2452 2564 2524 2607 ex
2553 2550 2821 2621 'gentibus
2847 2554 2915 2608 ad
2943 2568 3064 2610 eam
3108 2558 3369 2616 accedent

1801 2639 1990 2711 procul
2029 2648 2081 2694 et
2109 2640 2178 2696 ad
2206 2639 2381 2713 ipsam
2407 2639 2683 2713 appellent
2702 2643 2842 2699 vecti
2878 2645 3128 2716 navibus,
3173 2649 3230 2705 id
3260 2663 3367 2721 est,

1803 2732 2126 2805 corporibus
2155 2734 2224 2790 -in
2255 2733 2451 2793 melius
2481 2738 2847 2793 commutatis.
2906 2738 3042 2796 Cum
3077 2740 3210 2811 ipsis
3238 2756 3369 2817 ergo

1803 2825 2122 2895 corporibus
2146 2826 2384 2894 praedicti
2416 2826 2655 2895 venient,
2694 2842 2858 2899 opera
2884 2844 3007 2886 cum
3030 2833 3230 2892 virtute
3255 2834 3373 2891 edi·

1804 2925 1882 2984 ta,
1912 2931 2106 2972 aurum
2140 2924 2196 2972 et
2245 2926 2533 2988 argentum
2585 2918 2746 2985 dicta,
2783 2921 3144 2982 advehentes.
3193 2924 3371 2999 Opera

1806 3022 1936 3064 vero
1958 3022 2059 3079 pro
2081 3021 2216 3064 auro
2236 3014 2293 3064 et
2321 3017 2544 3080 argento
2565 3007 2763 3080 accipit
2784 3010 3089 3082 Apostolus.

192 3207 351 3262 «Καὶ
390 3205 829 3279 οίκοδομήσουσιν
852 3206 1156 3276 ἀλλογενεῖς
1180 3206 1252 3262 τά
1288 3204 1442 3279 τείχη
1467 3224 1582 3274 σου,
1612 3206 1708 3261 καὶ
1729 3178 1775 3240 c
1877 3209 2044 3268 Vens.
2078 3210 2163 3279 to,
2194 3210 2281 3267 ss.
2318 3228 2339 3264 ι
2372 3208 2442 3267 ΕΙ.
2464 3209 2808 3269 aedificabunt
2840 3212 3156 3286 alienigena
3185 3230 3372 3275 muros

114 3299 171 3353 οῖ
202 3297 451 3370 βασιλεῖς
479 3296 662 3353 αὐτῶν
680 3298 1120 3370 παραστήσονταί
1157 3315 1260 3354 σοι.
1289 3297 1387 3352 Διά
1411 3298 1519 3372 γάρ
1537 3300 1707 3372 ὀργήν

123 3408 231 3463 μου
268 3388 524 3455 ἐπάταξά
544 3407 626 3454 σε,
671 3392 765 3445 καὶ
792 3390 879 3445 διὰ
898 3390 1044 3446 ἔλεον
1070 3389 1337 3463 ἠγάπησά
1364 3406 1445 3444 σε.
1476 3390 1585 3445 Καὶ
1610 3390 1708 3463 ἀν’·

120 3483 474 3555 οιχθήσονται
500 3483 557 3534 αἱ
577 3480 743 3535 πύλαι
768 3498 860 3535 σου
885 3481 972 3535 διὰ
1000 3479 1217 3546 παντὸς,
1242 3479 1453 3553 ἡμέρας
1489 3479 1585 3535 καὶ
1624 3498 1711 3535 νυ-

126 3575 257 3639 κτὸς
288 3574 353 3628 ού
386 3573 817 3645 κλεισθήσονται,
856 3576 1170 3643 εἰσαγαγεῖν
1218 3572 1356 3646 πρὸς
1385 3571 1447 3626 σέ
1483 3570 1710 3644 δύναμιν

124 3665 326 3728 ἐθνῶν,
352 3663 449 3719 καὶ
485 3663 728 3735 βασιλεῖς
752 3664 927 3719 αὐτῶν
953 3664 1271 3735 ἀγομένους.
1303 3682 1322 3716 ι
1355 3662 1465 3719 Καὶ
1489 3663 1621 3719 αὐτὸ
1644 3664 1711 3718 δι’

128 3758 319 3830 ἔργων
354 3756 600 3811 ἐπιτελού
610 3774 768 3827 μενον
795 3757 913 3828 ὕψει
942 3758 1241 3829 ἐπιστήσας
1265 3757 1354 3813 τὸν
1384 3756 1528 3823 νοῦν,
1551 3757 1627 3822 ὡς
1652 3756 1714 3824 ἐξ

129 3846 445 3917 ἀλλογενῶν
469 3849 565 3903 καὶ
593 3846 904 3918 ἀλλοφύλων
931 3847 1100 3903 ἐθνῶν
1135 3848 1237 3919 τῆς
1270 3848 1594 3920 Ἐκκλησίας
1616 3847 1712 3903 τοῦ

134 3937 285 3993 Θεοῦ
329 3938 665 4009 προεστῶτες
698 3938 890 4009 ἀνδρες
925 3937 1294 4004 διδασκαλίαις
1318 3940 1715 4013 περιφράττου·

139 4045 246 4094 σιν,
275 4026 467 4099 &emp
493 4027 603 4083 τισὶ
629 4027 934 4100 περιὸόλοις
963 4029 1056 4083 καὶ
1078 4027 1317 4099 τείχεσιν
1352 4027 1714 4101 ἀσφαλιζόμε-

141 4137 221 4177 wi
250 4118 349 4173 τὸν
374 4118 478 4191 τῆς
516 4118 827 4183 θεοσεόείας
857 4118 1036 4188 λόγον,
1072 4120 1152 4184 είς
1184 4119 1245 4173 τδ
1287 4119 1362 4192 μὴ
1398 4119 1718 4193 παρεισδύε-

146 4211 263 4267 σθαι
292 4212 432 4276 τοὺς
456 4209 769 4283 ἀλλοτρίους
798 4211 896 4282 τῆς
924 4209 1178 4276 πίστεως,
1209 4211 1344 4282 μηδὲ
1371 4209 1555 4284 χώραν
1575 4209 1718 4282 ἔχειν

146 4302 438 4374 ἐπιδουλῆς
463 4302 605 4357 κατὰ
623 4302 731 4356 τῶν
762 4302 861 4373 τῆς
885 4301 1139 4372 ἀληθείας
1158 4301 1465 4374 δογμάτων.
1498 4303 1563 4356 Oi
1586 4301 1718 4371 γοῦν

148 4397 247 4449 τῶν
280 4395 615 4467 Ῥωμαῖκῶν
653 4395 948 4466 ταγμάτων
980 4393 1257 4466 ἀρχοντες,
1296 4392 1391 4447 καὶ
1437 4393 1545 4447 τῶν
1589 4410 1722 4466 κρα·

150 4489 383 4544 τούντων
416 4486 682 4560 βασιλέων
725 4488 755 4540 ὀ
782 4485 944 4556 φόὸος
985 4484 1055 4539 τά
1092 4486 1302 4558 μεγάλα
1352 4485 1716 4558 συμδάλλεται

153 4581 279 4651 πρὸς
318 4577 638 4650 ἀνατροπὴν
662 4576 771 4630 τῶν
805 4575 1172 4631 ἐπιδουλεύειν
1194 4580 1262 4650 τῇ
1301 4577 1593 4650 Ἐκκλησία
1623 4576 1716 4632 τοῦ

154 4672 277 4727 Θεοῦ
302 4670 690 4743 πειρωμένων.
714 4669 886 4723 Πύλαι
914 4669 972 4723 δὲ
998 4668 1100 4740 τῆς
1129 4668 1222 4724 τοῦ
1246 4667 1380 4723 Θεοῦ
1409 4668 1617 4734 πόλεως
1639 4667 1723 4722 τί-

154 4780 229 4829 νες
256 4763 332 4819 ἀν
356 4757 472 4816 εῐεν
494 4761 529 4833 ἢ
561 4763 615 4815 αἰ
649 4761 1002 4832 στοιχειώδεις
1024 4761 1119 4816 καὶ
1149 4760 1453 4816 είσακτικαὶ
1477 4761 1724 4816 διδασκα-

157 4853 285 4921 λίαις
312 4854 421 4908 Διά
445 4854 640 4918 νυκτὸς
669 4854 761 4907 καὶ
784 4853 892 4926 ὴμέ
903 4871 1019 4925 ρας,
1049 4854 1234 4925 φησὶν,
1266 4851 1534 4925 ὴνεῷχθαι
1556 4853 1724 4908 πᾶσιν

158 4945 464 5018 ἀνθρώποις
484 4944 621 5017 πρὸς
645 4944 706 4998 τὸ
732 4945 938 5010 πάντας
968 4943 1300 5015 εἰσδέχεσθαι
1322 4945 1448 5009 τοὺς
1474 4942 1535 5009 ἐξ
1559 4945 1725 4999 ἀπάν-

157 5052 247 5092 των
292 5035 412 5090 τῶν
456 5034 626 5091 ἐθνῶν
672 5034 938 5089 θεοσεὸεῖν
986 5034 1416 5109 προῃρημένους.
1459 5035 1724 5106 Δυνάμεις

160 5128 241 5196 μὲν
272 5124 377 5183 οὖν
402 5125 512 5181 τῶν
536 5127 704 5180 ἐθνῶν
730 5129 865 5181 είσιν
900 5128 949 5183 οί
986 5127 1272 5199 δυνάμενοι
1299 5127 1476 5196 λέγειν
1496 5143 1510 5158 ·
1544 5145 1565 5178 ι
1581 5127 1724 5181 Πάν-

157 5235 211 5273 τα
238 5218 423 5292 ἰσχύω
456 5221 515 5274 ἐν
547 5218 624 5290 τῷ
658 5217 1036 5292 ἐνδυναμοῦντί
1073 5236 1140 5291 με
1161 5235 1176 5249 ·
1206 5238 1225 5272 ι
1275 5218 1511 5290 βασιλεῖς
1538 5216 1596 5271 δὲ
1626 5217 1723 5272 αὐ·

158 5312 255 5366 τῶν
284 5314 341 5368 οἱ
369 5309 640 5383 ἐξαίρετοι
673 5310 769 5365 καὶ
794 5312 891 5382 τῆς
916 5310 1236 5383 ἐπουρανίου
1263 5309 1536 5383 βασιλείας
1559 5307 1718 5374 ἀξιοι.

162 5402 293 5476 Ἤδη
316 5403 381 5457 δέ
406 5403 503 5457 καὶ
522 5404 864 5475 σωματικοὺς
899 5403 1181 5474 Ῥωμαίων
1207 5402 1607 5476 αὐτοκράτορας
1628 5400 1722 5455 καὶ

166 5491 399 5561 βασιλεῖς
424 5490 570 5563 ὀρῶν
596 5508 680 5556 τις
725 5490 1115 5564 ὑποτρέχοντας
1143 5491 1241 5563 τῆς
1278 5489 1599 5562 Ἐκκλησίας
1628 5485 1722 5543 τοῦ

167 5582 291 5640 Θεοῦ
314 5583 422 5648 τὰς
434 5582 632 5647 πύλας,
656 5582 878 5638 καὶτῶν
894 5582 1024 5636 εἴσω
1047 5582 1228 5638 πυλῶν
1260 5581 1568 5655 μυστηρίων
1594 5597 1726 5636 κατ-

1805 3315 1951 3372 tuos.
1984 3314 2041 3362 et
2075 3320 2230 3378 reges
2256 3318 2444 3362 eorum
2487 3305 2742 3362 astabunt
2796 3305 2913 3363 tibi.
2975 3306 3202 3378 Propter
3231 3308 3371 3365 iram

1807 3397 1952 3455 enim
1996 3411 2173 3454 meam
2214 3395 2454 3467 percussi
2486 3404 2563 3465 te,
2598 3405 2656 3454 et
2698 3406 2919 3469 propter
2944 3398 3372 3456 misericordiam

1809 3488 1972 3546 dilexi
2010 3497 2083 3544 te.
2117 3488 2185 3544 Et
2210 3488 2523 3560 aperientur
2571 3497 2739 3560 portae
2770 3499 2876 3546 tute
2916 3504 3150 3560 semper,
3174 3491 3263 3549 die
3309 3504 3377 3549 ac

1810 3591 1969 3637 nocte
1996 3594 2101 3636 non
2126 3579 2469 3646 claudentur,
2502 3589 2565 3636 ut
2592 3581 2854 3637 inducant
2893 3580 2961 3636 ad
2999 3589 3052 3636 te
3077 3584 3375 3653 potentiam

1809 3671 2074 3742 gentium,
2108 3679 2163 3727 et
2198 3684 2355 3743 reges
2389 3684 2577 3727 earum
2616 3671 2805 3729 duces.
2840 3689 2861 3725 ι
2921 3670 2987 3727 Et
3016 3670 3122 3729 hoc
3157 3688 3219 3730 re
3249 3688 3376 3745 per-

1813 3770 1994 3817 actum
2032 3762 2236 3830 videas,
2264 3762 2311 3818 si
2334 3762 2519 3819 animo
2549 3762 2823 3828 attendas,
2865 3777 2933 3819 ex
2973 3762 3293 3837 alienigenis
3320 3776 3379 3823 et

1811 3852 2084 3910 extraneis
2128 3853 2381 3923 gentibus
2424 3856 2573 3909 viros
2638 3850 2896 3911 Ecclesiae
2945 3854 3040 3911 Dei
3097 3854 3380 3926 praesectos

1813 3945 1987 4015 ipsam
2000 3942 2243 4000 doctrina
2271 3944 2718 4012 circummunire,
2736 3947 2837 4018 piae
2854 3945 3129 4017 religionis
3154 3950 3378 4006 verbum

1814 4036 1970 4108 quasi
1992 4046 2145 4109 septo
2181 4045 2237 4094 et
2267 4051 2425 4094 muro
2456 4045 2718 4105 tutantes,
2751 4052 2820 4095 ne
2863 4037 3029 4095 alieni
3064 4054 3093 4093 a
3122 4039 3230 4096 ilde
3260 4041 3381 4097 sub-

1815 4133 2029 4196 repant,
2046 4139 2182 4181 neve
2200 4123 2378 4181 locum
2402 4125 2638 4182 habeant
2671 4124 2895 4183 insidias
2918 4135 3109 4183 contra
3134 4126 3382 4185 veritatis

1815 4217 2069 4286 dogmata
2102 4215 2347 4289 parandi.
2410 4214 2776 4273 Romanorum
2813 4219 3014 4288 quippe
3044 4217 3380 4274 exercituum

1815 4306 2109 4379 principes,
2158 4322 2223 4363 ac
2262 4306 2645 4378 imperantium
2697 4322 2884 4379 regum
2928 4317 3103 4364 metus
3147 4308 3384 4363 maxime

1817 4400 2104 4456 conferunt
2153 4398 2220 4454 ad
2252 4397 2625 4470 depellendum
2665 4410 2781 4461 eos.
2838 4397 2931 4467 qni
2986 4397 3240 4455 Ecclesiae
3289 4399 3384 4457 Dei

1747 4520 1792 4576 D
1822 4490 2056 4562 insidias
2075 4497 2310 4546 struunt.
2355 4487 2532 4545 Portae
2586 4496 2769 4544 autem
2805 4489 3042 4547 civitatis
3087 4489 3203 4557 Dei,
3233 4504 3385 4561 συε-

1820 4596 1946 4637 nam
1976 4579 2198 4645 suerint,
2214 4580 2318 4634 nisi
2340 4576 2695 4637 elementares
2717 4579 2821 4635 illae
2837 4589 2892 4636 et
2921 4578 3158 4637 initiales
3181 4581 3374 4637 doctri-

1819 4672 1938 4729 nae?
1964 4669 2130 4728 Nocte
2146 4680 2201 4727 et
2224 4670 2333 4736 die,
2354 4671 2553 4742 inquit,
2579 4671 2830 4728 omnibus
2858 4671 3168 4729 hominibus
3185 4682 3388 4745 apertae

1821 4771 1971 4830 sunt,
1999 4771 2061 4819 ut
2111 4762 2382 4833 excipiant
2410 4776 2505 4818 eos
2558 4778 2627 4819 ex
2663 4763 2917 4821 omnibus
2965 4763 3236 4836 gentibus,
3292 4765 3385 4836 qul

1823 4854 1993 4911 Deum
2025 4854 2204 4912 colere
2233 4855 2287 4911 in
2321 4855 2595 4926 proposito
2621 4856 2844 4913 habent.
2868 4856 3115 4913 Potentia
3146 4857 3387 4928 gentium

1825 4952 1954 5000 sunt
1985 4943 2021 5000 ii
2049 4944 2138 5014 qui
2166 4944 2346 5001 dicere
2371 4944 2577 5009 valent.
2604 4964 2624 4999 ι
2646 4945 2835 5002 Omnia
2863 4960 3080 5016 possum
3111 4945 3165 5001 in
3192 4961 3260 5003 eo
3295 4946 3388 5017 qui

1829 5049 1916 5089 me
1970 5034 2238 5089 confortat
2265 5034 2351 5090 ⁸¹:
2385 5053 2406 5087 ι
2451 5048 2603 5106 reges
2644 5050 2831 5091 earum
2867 5035 2904 5091 ii
2954 5045 3083 5092 sunt
3120 5037 3210 5107 qui
3258 5051 3388 5106 prae·

1826 5123 2117 5181 stantiores
2166 5131 2222 5179 et
2262 5123 2469 5181 coelesti
2516 5139 2682 5198 regno
2734 5123 2880 5197 digni
2931 5125 3219 5182 habentur.
3267 5125 3388 5184 tam

1828 5232 1990 5288 vero,
2045 5231 2170 5273 cum
2228 5232 2487 5290 corporeo
2529 5232 2681 5275 more
2727 5227 2979 5291 acceptos
3023 5217 3387 5275 Romanorum

1825 5307 2178 5379 imperatores
2203 5308 2436 5365 vidimus
2461 5310 2530 5363 ad
2563 5306 2821 5365 ecclesias
2855 5306 2950 5363 Dei
2981 5313 3387 5369 concurrentes.

1826 5405 1882 5452 et
1918 5397 2293 5469 mysteriorum
2322 5412 2443 5469 quae
2480 5396 2621 5455 intra
2641 5394 2835 5468 januas
2861 5405 3193 5469 peraguntur
3218 5392 3391 5465 parti-

1829 5487 1995 5556 cipes,
2032 5488 2301 5560 quomodo
2357 5487 2597 5546 vaticinii
2633 5487 2919 5546 veritatem
2971 5502 3079 5543 non
3128 5482 3391 5544 conlitea-

1831 5578 1989 5633 mur?

169 5676 532 5751 αξιουμένους,
569 5671 688 5737 πῶς
722 5673 823 5726 οὐκ
851 5671 1101 5743 ἀληθειαν
1140 5672 1477 5745 μαρτυρήσει
1511 5671 1590 5743 τῷ
1618 5669 1981 5743 θεσπίσματι;

157 5812 167 5828 .
237 5770 315 5826 ”Ι
363 5770 556 5827 Thess.
580 5783 653 5835 tv,
688 5766 772 5823 lss.
845 5767 892 5799 ⁸⁰
911 5766 1222 5836 Psalmis-n.
1252 5766 1306 5823 8.
1397 5770 1439 5801 ²¹
1470 5766 1699 5838 U‘ltilipp.
1731 5781 1802 5832 tv,
1832 5766 1914 5822 ¹5.
