3692 6134
217 271 316 328 m

912 271 1177 330 EnsEBtt
1214 275 1685 336 GAEsantssNsts
1720 279 1874 337 OPP.
1918 281 2090 338 PARS
2120 281 2206 337 lli.
2244 310 2316 323 —
2355 272 2766 334 EXEGETtCA.

3329 273 3438 330 ΠΩ

219 386 465 441 berorum
493 383 885 442 multitudinem
945 388 1373 445 benedictionem
1400 389 1489 447 Dei
1520 405 1639 447 esse
1668 406 1768 459 pu·
1798 400 1843 452 A
1875 390 2228 444 πολυπαιδίαν
2279 389 2528 459 εὐλογίαν
2573 385 2711 443 Θεοῦ
2737 384 2968 458 ἡγοῦντο
2995 379 3130 440 εἶναι
3172 385 3439 452 Ἰουδαῖοι,

217 475 287 531 tal
308 484 423 542 aut,
436 475 843 547 mercedemque
859 492 923 533 ac
944 478 1173 535 fructum
1192 480 1404 551 pietatis
1428 497 1769 539 numerosam

216 568 415 636 prulem
446 582 567 625 esse
612 568 1013 638 existimabant,
1041 572 1201 627 talem
1230 585 1416 629 eorum
1453 574 1771 630 seutentiam

216 659 534 737 reprimens,
564 674 629 716 ac
681 660 873 717 falsam
911 677 1034 720 esse
1077 664 1457 733 comprobans.
1505 665 1777 721 sterilibus

214 762 271 807 et
304 751 371 807 iis
396 751 513 823 qui,
537 752 680 823 quod
700 752 904 809 exsecti
927 753 1144 819 luerint,
1183 753 1325 810 illios
1352 769 1641 825 procreare
1670 768 1776 810 non

215 841 415 909 valent,
476 859 659 914 parem
714 845 1127 917 promissionem
1190 845 1367 912 affert,
1406 861 1473 902 ac
1516 845 1778 902 eunuchis

114 1005 123 1015 ·
215 935 350 992 nibil
393 936 776 1007 impedimento
806 937 925 994 lore
975 939 1074 1005 ait,
1101 937 1392 1005 nilominus
1442 938 1582 992 bona
1608 951 1639 991 a
1672 936 1780 993 Deo

212 1039 635 1100 consequantur,
686 1031 813 1085 dnm
839 1034 1137 1088 secundum
1168 1033 1335 1088 Deum
1360 1029 1542 1087 vivere
1568 1029 1622 1085 in
1655 1043 1783 1100 pro·

216 1123 389 1188 posito
418 1122 669 1179 babeant.
696 1120 827 1179 Nam
869 1124 917 1180 si
950 1123 1130 1180 multae
1156 1124 1465 1181 mansiones
1482 1129 1611 1179 sunt
1639 1120 1781 1192 apud

216 1211 455 1277 Patrem,
498 1222 554 1270 et
594 1215 645 1270 si
676 1224 760 1271 est
803 1215 996 1271 civitas
1032 1215 1125 1271 Dei
1176 1214 1473 1273 Jerusalem
1522 1214 1783 1279 coelestis,

217 1303 366 1359 lt-cus
387 1303 491 1359 illis
519 1304 661 1360 intra
683 1305 900 1362 domim
931 1306 1029 1363 Dei
1066 1306 1121 1363 in
1144 1305 1329 1364 multis
1364 1307 1469 1363 iilis
1493 1306 1786 1363 mansioni-

218 1398 341 1461 bus,
371 1410 437 1453 ac
468 1395 633 1452 etiam
682 1396 819 1469 ipsis
856 1399 1171 1455 mansiones
1212 1398 1506 1464 dabuntur,
1550 1406 1607 1455 et
1658 1410 1786 1469 pot·-

218 1489 414 1545 tionem
434 1489 711 1545 habebunt
735 1488 879 1545 intra
908 1505 1121 1546 murum
1143 1490 1383 1549 celestis
1404 1489 1499 1547 Del
1526 1488 1783 1547 civitatis.

283 1578 451 1637 Vns.
468 1581 521 1649 6,
537 1580 594 1639 7.
614 1600 634 1635 ι
658 1580 724 1637 Et
738 1582 1079 1653 alienigenis,
1094 1582 1185 1655 qui
1201 1582 1399 1639 addicti
1412 1588 1543 1639 sunt
1560 1580 1787 1637 Domino

218 1684 276 1728 nt
302 1674 541 1731 serviant
568 1673 641 1741 ei,
662 1682 717 1731 et
744 1674 974 1755 diligant·
994 1688 1189 1731 nornen
1218 1672 1453 1741 Domini,
1484 1680 1545 1729 ιιι
1576 1671 1685 1729 sint
1734 1670 1785 1726 ei

1875 480 2065 553 μισθόν
2110 498 2175 536 τε
2203 481 2299 536 καὶ
2326 479 2538 553 καρπὸν
2577 477 2887 542 θεοσεδείας
2925 477 3028 548 τήν
3083 476 3443 532 πολυτεκνίαν

1874 572 2367 646 ύπολαμδάνοντες,
2401 572 2740 629 ἀναστέλλων
2766 570 2946 626 αὐτῶν
2980 570 3075 624 καὶ
3100 569 3307 639 ταύτην
3343 571 3446 642 τὴν

1872 664 2052 733 δόξαν,
2081 665 2425 739 ἐσφαλμένην
2453 680 2517 719 τε
2556 661 2722 720 οὖσαν
2771 661 3029 734 ἐλέγχων,
3069 665 3183 727 τοῖς
3227 663 3447 732 ἀγόνοις

1875 756 1970 811 καὶ
2001 757 2078 831 μή
2119 756 2364 821 δυνατοῖς
2413 755 2767 820 παιδοποιεῖν,
2799 754 2889 808 διὰ
2940 754 3001 808 τὸ
3051 752 3444 825 ἐκτετμῆσθαι,

1874 848 1977 920 τήν
2006 846 2129 919 ῖσην
2189 848 2528 919 ὑπισχνεῖται
2582 845 2932 916 ἐπαγγελίαν,
2986 845 3150 916 μηδὲν
3195 845 3448 916 ἐμποών

1877 939 2099 997 Ιοεσθαι
2113 942 2228 1007 τοῖς
2259 939 2534 1012 εὐνούχοις
2557 940 2779 1010 φάσκων
2830 939 2968 1011 πρὸς
2992 937 3055 992 τὸ
3112 940 3294 1010 τυχεῖν
3336 938 3450 997 τῶν

1882 1032 2033 1107 παρὰ
2051 1030 2187 1087 Θοοῦ
2211 1032 2452 1104 ἀγαθῶν,
2485 1031 2536 1086 εί
2568 1029 2666 1103 ζῇν
2692 1029 2835 1085 κατὰ
2859 1029 2993 1083 Θεὸν
3020 1029 3346 1102 προέλοιντο.
3381 1029 3459 1085 11

1884 1125 1996 1201 γὰρ
2047 1124 2241 1182 πολλαὶ
2293 1126 2449 1196 μοναὶ
2489 1124 2637 1199 παρὰ
2667 1123 2745 1197 τῷ
2775 1124 2972 1197 Πατρὶ,
3003 1121 3101 1178 καὶ
3140 1122 3255 1178 ἐστι
3294 1124 3450 1189 πόλις

1879 1214 2017 1271 Θεοῦ
2067 1216 2484 1289 Ἰερουσαλὴμή
2541 1215 2879 1288 ἐπουράνιος,
2911 1215 3006 1268 καὶ
3062 1213 3223 1278 τόπος
3267 1215 3452 1280 αὐτοῖς

1882 1306 2014 1363 εῖσω
2043 1308 2139 1363 τοῦ
2170 1308 2321 1364 οἴκου
2345 1307 2439 1363 τοῦ
2471 1307 2606 1363 Θεοῦ
2633 1310 2691 1364 ἐν
2719 1309 2844 1371 ταῖς
2867 1305 3089 1370 πολλαῖς
3120 1309 3326 1378 μοναῖς,
3357 1306 3451 1365 καὶ

1887 1400 2042 1471 μοναὶ
2071 1396 2407 1471 δοθήσονται,
2431 1399 2526 1453 καὶ
2557 1399 2715 1471 μερὶς
2740 1398 2799 1453 ἐν
2835 1398 2913 1471 τῷ
2938 1396 3107 1469 τείχει
3157 1397 3260 1469 τῆς
3292 1400 3455 1452 ἐπου-

1892 1489 2073 1563 ρανίου
2103 1488 2199 1545 τοῦ
2219 1488 2352 1544 Θεοῦ
2371 1489 2594 1554 πόλεως.

1949 1601 1970 1635 ι
2004 1583 2116 1638 Καὶ
2163 1585 2276 1648 τοῖς
2331 1582 2638 1654 ἀλλογενέσι
2675 1584 2788 1647 τοῖς
2831 1581 3208 1654 προκειμένοις
3263 1582 3460 1655 Κυρίῳ

1890 1676 2158 1732 δουλεύειν
2184 1676 2352 1749 αὐτῷ,
2374 1678 2469 1733 καὶ
2501 1678 2719 1749 ἀγαπᾷν
2759 1676 2823 1730 τό
2875 1675 3048 1748 ὄνομα
3079 1676 3306 1749 Κυρίου,
3358 1674 3460 1730 τοῦ

218 1769 271 1821 in
304 1780 492 1823 servos
531 1774 589 1822 et
634 1766 867 1823 ancillas
890 1781 907 1821 ε
929 1774 984 1822 et
1008 1765 1261 1823 omnibus
1284 1764 1377 1836 qni
1402 1768 1624 1821 serrant
1650 1761 1788 1817 Sab-
1820 1759 1864 1815 B
1887 1764 2027 1822 εῖναι
2062 1767 2209 1842 αὐτῷ
2239 1768 2322 1834 είς
2355 1767 2572 1832 δούλους
2590 1769 2686 1822 καὶ
2712 1765 2937 1832 δούλας·
2972 1765 3068 1821 καὶ
3097 1766 3300 1831 πάντας
3328 1769 3459 1832 τοὺς

218 1860 341 1917 bats
382 1872 523 1928 mea,
562 1872 635 1915 ne
660 1856 941 1929 profanent
966 1872 1053 1923 ea,
1080 1854 1249 1927 etqui
1280 1856 1576 1911 observant
1601 1848 1791 1923 Testa·

220 1961 459 2007 mentum
492 1965 669 2007 meum
692 1987 711 2015 ,
744 1948 993 2005 inducam
1021 1960 1119 2003 eos
1142 1946 1199 2001 iu
1246 1954 1489 2001 montem
1546 1952 1791 1999 sanctum

220 2058 419 2102 meum.
458 2061 479 2097 ι
512 2042 602 2098 Ait
627 2041 827 2113 quippe
850 2039 1071 2095 domum
1120 2050 1277 2093 susm
1324 2046 1431 2091 non
1460 2030 1623 2088 talem
1648 2044 1792 2096 esse,

217 2149 339 2205 qum
371 2134 469 2190 bos
495 2132 713 2204 quidem
754 2137 988 2202 spectet,
1028 2126 1169 2185 alios
1210 2139 1343 2185 vero
1395 2124 1657 2190 minime;
1697 2123 1795 2178 sed

219 2241 286 2281 ex
326 2223 675 2280 humanitatis
699 2222 751 2280 vi
794 2221 1047 2279 omnibus
1072 2220 1330 2295 gentibus
1368 2228 1606 2290 apertam
1639 2231 1794 2284 esse,

221 2329 280 2373 nt
304 2318 469 2374 etiam
505 2316 743 2374 eunuchi
767 2324 823 2373 et
854 2314 1139 2390 paralytici
1174 2313 1247 2371 ibi
1283 2312 1634 2385 recipiantur.
1679 2329 1699 2364 ι
1730 2311 1796 2368 Et

222 2409 507 2467 laetificabo
530 2424 628 2467 eos
666 2408 718 2463 in
748 2408 909 2465 domo
952 2404 1223 2465 orationis
1267 2418 1424 2461 mae.
1474 2401 1798 2461 Holocausts

226 2518 410 2558 eorum
439 2510 495 2558 et
522 2500 791 2558 sacrificia
839 2513 1035 2557 eorum
1064 2505 1227 2555 erunt
1258 2505 1487 2567 accepta
1530 2510 1692 2567 super
1719 2493 1800 2550 sl-

226 2607 343 2654 rare
368 2610 569 2653 meum.
613 2594 751 2650 Nam
782 2592 976 2650 domus
1002 2604 1147 2659 mea,
1174 2590 1367 2651 domus
1404 2588 1671 2649 orationis
1709 2602 1800 2646 ro—

225 2691 445 2748 cabitur
474 2688 689 2745 cunctis
710 2687 979 2759 gentibus.
1002 2678 1039 2741 's
1085 2684 1183 2743 tlt·
1200 2682 1441 2743 arbitror
1466 2682 1539 2741 sd
1564 2680 1798 2755 litteram

227 2784 360 2851 dici,
410 2783 575 2839 Deum
620 2795 721 2852 per
760 2778 1127 2836 reversionem
1186 2774 1369 2849 populi
1404 2790 1473 2833 ex
1508 2772 1799 2847 Babylone,

234 2890 350 2946 qum
395 2874 498 2931 snb
527 2872 688 2945 Cyro,
728 2871 890 2928 Dario
914 2881 969 2927 et
1002 2873 1305 2927 Artaxene
1344 2868 1593 2939 contigit,
1624 2866 1799 2938 ipsum

232 2968 514 3035 reducere,
546 2982 718 3041 quare
748 2965 931 3024 subdit
960 2984 985 3023 ι

302 3151 469 3207 Vns.
498 3149 555 3207 8.
596 3168 616 3203 ι
648 3149 794 3206 Dixit
824 3146 1103 3214 Dominus,
1140 3146 1233 3218 qui
1262 3151 1557 3220 congregat
1586 3143 1797 3215 disper·
1824 3106 1874 3167 c

235 3259 326 3303 sos
353 3243 543 3310 lsrael,
571 3241 923 3314 congregabo
949 3240 1021 3297 ad
1068 3255 1191 3296 eum
1243 3235 1737 3310 congregationem.
1773 3253 1794 3289 ι

233 3339 351 3407 Quo
397 3347 642 3408 tempore
688 3331 980 3391 verisimile
1023 3341 1111 3389 est·
1144 3330 1348 3387 multos
1381 3329 1451 3384 ad
1492 3342 1619 3383 eum
1664 3339 1799 3382 con-

236 3429 456 3486 fluxisse
488 3443 556 3484 ex
592 3426 909 3498 alienigenis
932 3424 1204 3496 gentibus,
1236 3436 1371 3493 quos
1395 3419 1465 3477 ob
1510 3417 1797 3491 pristinum

235 3531 461 3587 statum,
491 3528 546 3576 ct
582 3520 653 3576 ob
687 3519 897 3575 alienos
938 3525 1331 3587 extraneosque
1375 3525 1573 3579 mores,
1600 3509 1802 3568 bestias

238 3616 351 3688 agri
385 3621 562 3671 vocat.

309 3706 473 3761 Vsus.
503 3706 558 3760 9.
592 3723 613 3757 ι
648 3703 847 3761 Omnes
873 3701 1001 3758 i'erae
1029 3702 1231 3768 bestiae,
1255 3700 1457 3763 adeste,
1508 3696 1797 3764 comedite,

239 3810 427 3853 omues
464 3797 647 3853 bestiae
668 3796 857 3852 saltus.
896 3813 917 3849 ι
945 3793 1137 3850 Bestiae
1160 3794 1284 3858 illae,
1311 3807 1431 3863 quae
1458 3806 1580 3847 cnm
1609 3787 1803 3846 israele

244 3897 661 3961 congregantur,
692 3888 728 3943 ii
772 3903 839 3944 ex
875 3886 1128 3959 gentibus
1178 3885 1403 3953 fuerint,
1447 3883 1538 3954 qui
1577 3884 1643 3937 ad
1680 3894 1803 3935 ver·

244 3982 370 4035 bum
399 3987 766 4048 accesserunt,
790 3994 927 4049 quos
969 3986 1161 4034 evocat
1191 3977 1277 4033 bis
1296 3977 1495 4043 verbis,
1531 3993 1552 4027 ι
1582 3974 1800 4037 Adeste,

245 4070 532 4136 comedite,
557 4086 746 4127 omnes
786 4072 975 4128 bestiae
1017 4069 1208 4126 saltus.
1261 4088 1281 4123 ι
1327 4069 1649 4136 Plerumque
1676 4076 1805 4119 vero

246 4164 587 4222 observatum
633 4164 789 4221 nobis
815 4174 918 4233 est,
967 4165 1162 4221 saltum
1205 4148 1333 4230 dici,
1385 4162 1802 4231 alienigenarum

246 4257 492 4329 gentium
519 4256 943 4314 multitudinem.
970 4256 1079 4313 lias
1101 4273 1261 4328 porro
1283 4257 1485 4313 bestias
1517 4252 1613 4309 Dei
1648 4264 1807 4307 voca·

248 4351 394 4407 tione
424 4350 678 4415 dignatur
700 4358 756 4406 et
793 4348 859 4405 ad
893 4348 1197 4406 convivium
1232 4357 1441 4405 evocat.

1903 1856 2346 1930 φυλασσομένους
2379 1858 2449 1913 τὰ
2471 1857 2726 1913 Σάδδατά
2761 1874 2862 1930 μου
2907 1857 2984 1930 μὴ
3031 1855 3304 1929 βεδηλοῦν,
3359 1858 3457 1911 καὶ

1891 1950 2281 2021 ἀντεχομένους
2308 1949 2417 2021 τῆς
2444 1949 2716 2023 Διαθήκης
2754 1965 2879 2021 μου,
2935 1948 3134 2017 εἰσάξω
3157 1949 3347 2015 αὐτοὺς
3373 1951 3457 2014 είς

1891 2043 1954 2098 τὸ
2003 2042 2129 2117 δρος
2175 2042 2239 2097 τὸ
2291 2042 2445 2113 ἅγιόν
2505 2059 2626 2115 μου.
2668 2062 2688 2094 ι
2720 2042 2825 2097 'rev
2864 2041 2974 2115 γὰρ
3003 2036 3149 2095 οἷκον
3191 2041 3352 2095 αὐτοῦ
3382 2041 3457 2114 μὴ

1892 2134 2060 2191 τῶνδε
2095 2135 2194 2208 μὲν
2238 2135 2522 2209 ὑπάρχειν,
2554 2134 2663 2189 τῶν
2689 2133 2748 2188 δέ
2783 2133 2895 2206 μὴ,
2928 2131 3194 2204 ἀνεῷχθαι
3236 2133 3296 2186 δέ
3325 2135 3461 2186 πᾶσι

1894 2230 2007 2294 τοῖς
2029 2227 2238 2283 ἔθνεσιν
2262 2226 2534 2301 ὐπερδολῇ
2571 2224 2977 2299 φιλανθρωπίας
2992 2239 3011 2257 ·
3036 2224 3114 2289 ὡς
3151 2224 3247 2278 καὶ
3273 2223 3464 2277 εὐνού-

1896 2337 2025 2393 χους
2058 2318 2457 2392 παραδέχεσθαι
2484 2319 2578 2375 καὶ
2607 2316 2969 2392 παραλύτους.
3004 2335 3026 2370 s
3067 2317 3180 2371 Καὶ
3211 2317 3472 2389 εὐφρανῶ

1897 2410 2095 2475 αὐτοὺς
2124 2412 2185 2465 ἐν
2210 2409 2290 2483 τῷ
2319 2409 2455 2483 οῖκῳ
2485 2410 2586 2482 τῆς
2610 2408 2916 2482 προσευχῆς
2944 2424 3065 2481 μου.
3128 2407 3212 2462 Τὰ
3240 2408 3469 2463 ὁλοκαυ-

1895 2501 2121 2573 τώματα
2150 2500 2349 2568 αὐτῶν,
2373 2501 2466 2556 καὶ
2500 2502 2556 2556 αί
2600 2499 2781 2555 θυσίαι
2805 2499 2984 2553 αὐτῶν
3013 2498 3226 2553 ἔσονται
3282 2496 3470 2554 δεκταῑ

1897 2593 1991 2647 ἐπὶ
2031 2593 2094 2647 τὸ
2121 2591 2500 2666 θυσιαστήριόν
2543 2608 2668 2665 μου.
2715 2590 2775 2646 Ὅ
2805 2590 2915 2663 γὰρ
2970 2585 3120 2655 οἶκός
3169 2607 3274 2665 μου
3323 2584 3470 2655 οἶκος

1898 2684 2204 2759 προσευχῆς
2233 2683 2558 2759 κληθήαται
2593 2686 2730 2740 πᾶσι
2759 2685 2874 2748 τοῖς
2901 2682 3132 2738 ἔθνεσιν.
3169 2700 3190 2736 r
3219 2678 3381 2755 θῖμαι
3404 2681 3469 2738 δὲ

1897 2772 1990 2831 διὰ
2011 2774 2223 2831 ἱυπούτων
2251 2775 2330 2841 ὡς
2355 2772 2494 2849 πρὸς
2519 2774 2621 2848 τὴν
2651 2774 2797 2843 Metu
2831 2772 2922 2829 διὰ
2949 2772 3050 2846 τὴν
3085 2772 3190 2829 ἀπὸ
3211 2772 3462 2827 Βαδυλῶ-

1901 2880 1994 2930 νος
2011 2862 2454 2939 ἐπιστροφήντοῦ
2469 2861 2598 2918 λαοῦ
2617 2862 2718 2937 τήν
2761 2862 2856 2919 ἐπὶ
2883 2862 3069 2934 Κύρου
3113 2861 3206 2919 καὶ
3235 2861 3456 2933 Δαρείου

1901 2955 1995 3011 καὶ
2031 2952 2384 3029 ’Δρταξέρξου
2430 2956 2725 3028 γενομένην
2776 2956 2870 3011 τὸν
2922 2953 3056 3010 Θεὸν
3100 2953 3166 3010 ἂν
3208 2951 3456 3025 εἰρῆσθαι

1904 3048 2158 3119 συνάγειν
2176 3066 2190 3080 ·
2230 3047 2312 3104 διὸ
2337 3047 2578 3121 ἐπιλέγει
2601 3066 2618 3081 ·

1978 3159 1999 3193 s
2037 3136 2174 3195 Εϊπε
2212 3139 2418 3214 Κύριος
2462 3143 2492 3196 ό
2544 3139 2789 3210 συνάγων
2851 3141 2979 3204 τούς
3044 3136 3462 3210 διεσπαρμένους

1920 3229 2159 3303 Ἰσραὴλ,
2177 3230 2262 3285 ὅτι
2296 3228 2516 3295 Συνάξω
2541 3229 2630 3283 ἐπ’
2663 3229 2825 3284 αὐτὸν
2867 3228 3206 3300 συναγωγήν.
3245 3246 3266 3280 ι
3325 3226 3465 3281 Καθ’

1905 3320 1998 3385 οὓς
2024 3321 2083 3376 δέ
2105 3321 2333 3398 χρόνους
2357 3320 2504 3387 είκὸς
2543 3317 2613 3395 ἦν
2665 3321 2761 3377 καὶ
2820 3319 3022 3392 πλῆθος
3070 3321 3254 3386 αὐτοῖς
3313 3319 3472 3374 ἀλλο-

1905 3411 2089 3483 φύλων
2107 3412 2276 3467 ἐθνῶν
2303 3411 2736 3485 προσηλυτεῦσαι
2757 3429 2773 3443 ·
2807 3410 2900 3476 οὓς
2937 3410 3029 3467 διὰ
3054 3411 3152 3484 τήν
3200 3411 3472 3484 προτέραν

1906 3504 2255 3570 κατάστασιν,
2287 3505 2383 3560 καὶ
2413 3504 2501 3560 διὰ
2521 3505 2583 3561 τὸ
2610 3505 2894 3575 ἀλλογενές
2925 3506 3023 3559 καὶ
3052 3504 3331 3577 ἀλλότριον
3376 3503 3472 3560 τοῦ

1907 3596 2127 3669 τρόπου,
2153 3595 2325 3670 ἀγροῦ
2357 3596 2520 3668 θηρία
2545 3597 2824 3669 ὠνόμασεν
2854 3599 2884 3651 ό
2910 3596 3085 3668 λόγος.

1982 3708 2004 3743 ι
2034 3689 2220 3745 Πάντα
2244 3688 2315 3744 τὰ
2335 3688 2500 3762 θηρία
2517 3690 2588 3745 τὰ
2611 3690 2793 3762 ἀγρια,
2813 3689 2985 3758 δεῦτε,
3018 3689 3240 3762 φάγετε,
3293 3689 3474 3744 πάντα

1906 3781 1977 3836 τὰ
2027 3780 2190 3855 θηρία
2244 3780 2340 3837 τοῦ
2380 3780 2607 3855 δρυμοῦ.
2648 3801 2667 3835 ι
2712 3782 2881 3855 Τά,δέ
2913 3783 3073 3857 θηρία
3100 3781 3172 3836 τὰ
3200 3784 3340 3854 μετὰ
3377 3783 3470 3836 τοῦ

1922 3872 2137 3945 Ἰσραήλ
2163 3872 2502 3944 συναγόμενα
2540 3874 2589 3927 oi
2620 3870 2681 3938 ἐξ
2707 3872 2876 3927 ἐθνῶν
2915 3872 3228 3946 προσιόντες
3259 3872 3338 3944 τῷ
3386 3873 3472 3925 λό-

1908 3980 1992 4036 γῳ
2030 3959 2140 4018 εἷεν
2185 3963 2271 4030 ἂν,
2322 3962 2417 4028 οὒς
2451 3963 2795 4019 ἀνακαλεῖται
2823 3964 2995 4034 λέγων
3018 3980 3036 3997 ·
3090 3981 3112 4016 s
3148 3963 3334 4027 Δεῦτε,
3365 3964 3473 4034 φά-

1909 4071 2066 4125 γετε,
2112 4055 2289 4109 πάντα
2333 4054 2402 4109 τὰ
2454 4054 2616 4127 θηρία
2666 4054 2762 4109 τοῦ
2812 4054 3033 4127 δρυμοῦ.
3074 4071 3095 4107 ι
3148 4054 3364 4126 Δρυμὸν
3414 4054 3472 4109 δὲ

1915 4146 2172 4212 πολλάκις
2224 4147 2601 4220 τετηρήκαμεν
2640 4146 2702 4200 τὸ
2751 4145 2953 4218 πλῆθος
2991 4143 3102 4198 τῶν
3157 4143 3471 4213 ἀλλοφύλων

1911 4237 2081 4292 ἐθνῶν
2097 4234 2362 4306 λελέχθαι.
2390 4232 2552 4288 Ταῦτ’
2586 4229 2688 4288 οῦν.
2717 4233 2787 4288 τὰ
2838 4230 2997 4305 θηρία
3036 4229 3141 4301 τῆς
3184 4229 3280 4283 τοῦ
3332 4229 3469 4284 Θεοῦ

1912 4328 2159 4399 κλήσεως
2183 4324 2450 4392 καταξιοῖ,
2481 4324 2575 4379 καὶ
2604 4325 2683 4389 είς
2702 4323 2938 4379 ἑστίασιν
2964 4320 3336 4377 ἀνακαλεῖται.

320 4487 486 4545 Vns.
516 4486 603 4542 to.
627 4506 647 4541 ι
674 4486 859 4543 Videte
878 4486 1130 4558 quoniam
1158 4485 1411 4543 exea-‚cati
1435 4492 1564 4540 sunt
1585 4493 1807 4537 omnes:
1841 4472 1891 4533 D
1991 4486 2010 4519 ¹
2042 4464 2229 4529 Ἴδετε,
2256 4462 2338 4516 ὅτι
2366 4460 2798 4531 ὲκτετύφλωνταῑ
2819 4457 3018 4520 πάντες
3036 4473 3050 4487 ·
3086 4454 3186 4509 Οὐκ
3208 4453 3470 4522 ἔγνωσαν·

251 4594 354 4634 non
386 4589 650 4636 noverunt
686 4594 889 4636 :canes
921 4578 1054 4634 muti
1088 4587 1232 4645 sunt,
1280 4593 1388 4634 non
1436 4575 1688 4632 valebunt
1733 4571 1812 4626 la-

254 4681 419 4738 trare,
470 4673 809 4729 somniantes
845 4672 1045 4740 cubile,
1087 4680 1143 4727 et
1185 4680 1430 4727 amantes
1476 4664 1811 4726 dormitatio·

253 4776 397 4819 nem.
425 4779 446 4815 ι
466 4762 536 4818 Et
567 4762 873 4832 huiusmodi
910 4762 1127 4834 quidem
1147 4772 1307 4820 eraut
1333 4762 1636 4820 Judaeorum
1668 4759 1815 4830 prin-

250 4855 420 4924 cipes,
444 4868 573 4925 erga
596 4864 912 4923 extraneos,
945 4855 1102 4927 queis
1128 4855 1426 4928 advigilare
1456 4868 1592 4925 opus
1619 4859 1739 4908 erat
1760 4858 1816 4905 et

252 4948 542 5014 excubate,
573 4957 738 5019 atque
767 4958 957 5004 contra
999 4947 1251 5005 inimicos
1283 4948 1483 5002 latrare
1510 4963 1526 5001 z
1557 4959 1684 5014 erga
1714 4943 1812 4998 do-

253 5040 506 5096 mesticos
543 5055 671 5097 vero
700 5040 1037 5112 impudentes
1063 5049 1241 5108 erant,
1272 5040 1590 5095 devorantes
1621 5045 1814 5107 pecora

252 5131 352 5188 sub
379 5146 569 5188 eorum
596 5131 858 5203 regimine
880 5132 1075 5202 posita.

320 5264 491 5325 Vens.
544 5267 633 5323 Η.
682 5285 703 5319 ι
749 5267 817 5322 Et
855 5281 1019 5323 canes
1074 5266 1415 5337 impudentes
1471 5264 1679 5329 animo,
1718 5276 1787 5319 ne

258 5360 490 5416 scientes
524 5358 885 5415 saturitatem.
942 5357 1009 5413 Et
1054 5366 1185 5413 sunt
1222 5356 1368 5423 mali,
1402 5354 1704 5412 nescientes
1734 5336 1835 5407 in·-

257 5449 605 5519 telligeutiam
643 5469 657 5506 :
688 5450 925 5506 universi
959 5451 1074 5506 vias
1101 5464 1229 5506 suas
1261 5448 1428 5505 secuti
1456 5455 1581 5504 sunt
1609 5462 1624 5498 ι
1650 5459 1819 5501 unus·

260 5541 492 5613 quisque
542 5542 836 5598 secundum
893 5542 968 5607 id,
1014 5541 1157 5612 quod
1201 5556 1354 5597 suum
1389 5546 1525 5594 erat.
1567 5556 1586 5590 ι
1620 5535 1735 5592 Non
1766 5535 1820 5590 in

262 5632 364 5691 viis
391 5634 506 5702 Dei,
536 5635 632 5692 sed
671 5635 728 5691 in
756 5633 890 5704 suis,
921 5633 1063 5706 qttud
1092 5633 1555 5705 concupiscentias
1589 5645 1711 5688 suas
1727 5644 1823 5685 ex-

247 5728 489 5796 plorent.

1916 4557 2075 4622 κύνες
2102 4557 2242 4613 ἐνεοὶ
2260 4556 2321 4610 ού
2351 4555 2663 4628 δυνήσονται
2715 4551 2980 4612 ὑλακτεῖν,
3034 4547 3474 4618 ἐνυπνιαζόμενοι

1916 4651 2122 4724 κοίτην,
2153 4648 2430 4720 φιλοῦντες
2458 4645 2734 4712 νυστάξαι.
2765 4662 2785 4697 ι
2818 4644 2929 4699 Καὶ
2964 4642 3195 4698 τοιοῦτοι
3218 4643 3317 4714 μὲν
3338 4638 3475 4714 ἦσαν

1916 4744 1968 4797 οἱ
1995 4742 2103 4797 τῶν
2137 4741 2405 4797 Ἰουδαίων
2432 4740 2686 4812 ἄρχοντες
2714 4736 2851 4809 πρὸς
2876 4736 3001 4799 τοὺς
3022 4735 3197 4800 ἐκτὸς,
3222 4735 3358 4807 πρὸς
3385 4733 3475 4798 οὒς

1920 4836 2026 4891 ἔδει
2059 4833 2413 4907 ἐγρηγορέναι
2441 4833 2536 4889 καὶ
2566 4832 2782 4903 νήφειν,
2819 4828 2915 4882 καὶ
2943 4826 3084 4881 κατὰ
3120 4827 3228 4881 τῶν
3268 4826 3477 4898 ἐχθρῶν

1923 4929 2168 4985 ὑλακτεῖν
2192 4944 2205 4959 ·
2247 4928 2382 5000 πρὸς
2398 4926 2455 4980 δὲ
2478 4927 2602 4990 τοὺς
2626 4923 2859 4987 οἰκείους
2876 4922 3112 4986 ἀναιδεῖς
3130 4938 3275 4987 τινες
3305 4921 3483 4993 ὑπῆρ-

1920 5038 2034 5094 χον,
2061 5019 2432 5084 κατεσθίοντες
2451 5018 2520 5072 τὰ
2543 5018 2634 5072 ὑπ’
2653 5017 2835 5083 αὐτοῖς
2871 5014 3267 5087 ποιμαινόμενα
3319 5013 3484 5088 θρέμ-

1922 5131 2085 5189 ματα.

1997 5273 2016 5306 ι
2052 5253 2163 5308 Καὶ
2214 5253 2264 5305 οἱ
2311 5250 2470 5314 κύνες
2517 5248 2754 5312 ἀναιδεῖς
2815 5249 2881 5319 τῇ
2926 5245 3094 5317 ψυχῇ,
3135 5243 3237 5297 οὐκ
3285 5240 3484 5304 εἰδότες

1930 5349 2259 5421 πλησμονήν.
2292 5345 2400 5400 Καί
2426 5345 2532 5398 εἰσι
2567 5341 2790 5415 πονηροὶ
2819 5341 2922 5393 οὐκ
2971 5338 3172 5401 εἰδότες
3225 5336 3441 5391 σύνεσιν
3466 5349 3480 5367 ·

1929 5440 2129 5503 πάντες
2164 5439 2286 5501 ταῖς
2336 5436 2474 5500 ὁδοῖς
2530 5433 2709 5489 αὐτῶν
2755 5430 3205 5503 ἐξηκολούθησαν,
3262 5428 3488 5492 ἕκαστος.

1927 5532 2070 5589 κατὰ
2097 5531 2157 5585 τὸ
2175 5528 2367 5585 ἐαυτοῦ
2393 5545 2406 5560 ·
2453 5547 2471 5581 ι
2493 5528 2553 5582 οὐ
2595 5529 2713 5590 ταῖς
2735 5524 2873 5588 ὁδοῖς
2897 5522 2990 5577 τοῦ
3022 5521 3179 5588 Θεοῦ,
3203 5521 3340 5576 ἀλλά
3371 5520 3490 5586 ταῖς

1931 5620 2135 5679 ἑαυτῶν
2162 5618 2249 5674 διὰ
2282 5618 2373 5673 τοῦ
2396 5617 2464 5673 τά
2492 5615 2798 5688 καταθύμια
2817 5614 2999 5678 αὐτοῖς
3022 5613 3306 5685 πράττειν.
