3692 6134
352 311 454 373 4ss

1026 305 1290 364 EUSEBll
1328 304 1798 364 CAESARtENSIS
1833 304 1987 364 OPP.
2028 304 2208 363 PARS
2243 304 2333 362 ΙΙΙ.
2371 337 2440 348 -
2477 301 2889 361 EmeTtCA.

3486 297 3596 358 ΗΞ

356 427 490 500 ipsis
512 424 769 499 operibus
795 424 1027 491 ediscas,
1049 425 1175 496 quis
1217 438 1319 494 ego
1355 423 1481 490 sim,
1532 425 1624 495 qui
1671 437 1799 481 ante
1842 435 1921 482 tot
1951 432 1997 487 A
2024 426 2243 481 πετάσω
2272 442 2354 479 σοι
2428 424 2504 488 ὡς
2535 423 2601 478 ἂν
2628 423 2810 486 αὐτοῖς
2832 420 3012 494 ἔργοις
3046 418 3234 490 μάθοις
3269 420 3415 484 ὅστις
3464 421 3598 476 ποτε

357 533 533 574 annos
560 517 894 588 ipsissimum
946 526 1145 572 nomen
1197 524 1346 571 tuum
1402 517 1737 588 propheticis
1771 518 1922 573 Scri-

360 610 540 681 pturis
583 607 741 673 meis,
772 607 930 678 quasi
963 607 1137 680 cippis
1175 608 1417 673 aeternis,
1460 609 1738 681 insculpsi.
1789 610 1921 666 Sum

357 709 542 755 autem
593 698 737 753 Deus
793 693 986 764 lsrael,
1040 696 1184 768 quod
1233 711 1302 752 ne
1344 697 1561 768 ignores
1616 707 1855 768 oportet.
1890 714 1926 755 o

357 789 540 863 Cyre:
580 787 763 845 omnia
800 788 1003 859 quippe
1047 785 1166 857 jam
1217 788 1488 845 recensita
1534 791 1748 846 tradam
1781 791 1925 858 tibi;

357 897 467 937 nun
503 878 664 936 aliam
694 877 766 934 ob
808 893 946 945 rem,
972 893 1135 949 quam
1166 888 1391 951 propter
1422 879 1679 951 populum
1717 895 1927 948 meum,

358 987 521 1040 quem
555 969 689 1026 mibi
713 967 853 1040 elegi
886 984 954 1025 ex
983 968 1238 1026 omnibus
1265 971 1543 1043 gentibus,
1570 971 1721 1042 quod
1742 980 1930 1043 patres

358 1077 549 1120 eorum
588 1061 643 1119 in
669 1060 846 1133 pretio
873 1061 1128 1118 babeam.

430 1243 597 1301 Vsus·
627 1242 744 1300 5-7.
815 1261 836 1296 ι
890 1243 1156 1313 Quoniam
1210 1259 1315 1317 ego
1365 1243 1629 1301 Dominus
1676 1243 1843 1312 Deus,
1876 1254 1934 1303 et

365 1353 470 1395 non
501 1349 587 1395 est
632 1338 774 1395 alius
808 1338 952 1396 Deus
984 1348 1181 1411 praeter
1224 1354 1332 1394 me.
1363 1336 1721 1396 corroboravi
1762 1349 1835 1408 te,
1874 1350 1931 1396 et

363 1448 469 1488 non
493 1432 790 1506 cognovisti
812 1447 898 1488 me
926 1448 942 1499 ;
969 1441 1027 1487 ut
1050 1442 1381 1504 cognoscant
1408 1431 1499 1502 qni
1525 1432 1596 1490 ab
1620 1441 1743 1488 ortu
1769 1430 1928 1498 solis,

361 1525 534 1597 etqui
572 1527 640 1581 ab
668 1539 889 1594 occasu,
920 1525 1048 1597 quia
1108 1542 1216 1582 non
1272 1536 1360 1582 est
1407 1524 1551 1582 Deus
1584 1533 1782 1598 praeter
1820 1540 1929 1580 nne.

362 1615 475 1689 Ego
506 1616 764 1674 Dominus
792 1618 953 1687 Deus,
978 1628 1034 1674 et
1067 1634 1173 1675 non
1205 1629 1293 1676 est
1340 1628 1629 1690 praterea.
1683 1617 1797 1689 Ego
1836 1618 1931 1690 qui

362 1710 655 1780 preparavi
695 1708 890 1775 lucem,
919 1711 1086 1781 etqui
1114 1711 1217 1768 l'eci
1244 1710 1517 1779 tenebras,
1544 1710 1637 1783 qui
1668 1710 1810 1769 racio
1831 1726 1931 1781 pa-

2024 520 2138 590 εἰμι
2157 520 2186 572 ό
2206 517 2313 590 πρὸ
2334 515 2601 571 τοσούτων
2620 515 2756 571 ἐτῶν
2775 513 3033 586 ὀνομαστὶ
3052 511 3150 584 τήν
3186 512 3285 584 σὴν
3318 529 3599 584 προσηγο-

2025 611 2149 682 ρίαν
2179 614 2298 674 ταῖς
2330 610 2693 681 προφητικαῖς
2730 625 2831 681 μου
2855 607 3121 679 Γραφαῖς,
3158 605 3347 676 ὥσπερ
3374 606 3432 657 ἐν
3462 607 3602 677 od)-

2022 700 2146 766 λαις
2166 700 2425 765 αἰωνίοις,
2453 696 2780 772 ἐγχαράξας.
2807 698 2937 770 Εἰμὶ
2974 697 3031 750 δὲ
3064 698 3092 750 ό
3121 695 3255 759 Θεὸς
3298 695 3540 768 Ἰσραὴλ,
3568 695 3604 751 ὃ

2027 795 2294 867 προσήκει
2326 793 2422 847 καίΙ
2453 792 2515 846 σὲ
2543 793 2619 865 μή
2655 793 2899 862 ἀγνοεῖν,
2963 784 3009 844 ῶ
3047 789 3197 862 Κῦρε
3217 807 3232 820 ·
3268 790 3447 844 πάντα
3489 789 3605 863 γὰρ

2024 885 2097 943 τὰ
2126 885 2491 959 προλεχθέντα
2517 882 2812 957 χαριοῦμαί
2843 903 2924 939 σοι
2960 885 3021 939 οὐ
3048 883 3137 938 διά
3168 903 3221 939 τι
3243 884 3452 956 ἕτερον,
3484 884 3606 939 ἀλλ’

2026 980 2214 1035 ἕνεκεν
2259 976 2356 1032 τοῦ
2401 976 2539 1050 ἐμοῦ
2578 976 2745 1041 λαοῦ,
2787 976 2847 1030 ὃν
2898 976 3120 1049 ἐμαυτῷ
3159 975 3496 1050 ἐξελεξάμην
3543 978 3608 1046 ἐξ

2027 1069 2284 1125 ἀπάντων
2313 1066 2425 1122 τῶν
2468 1065 2637 1122 ἐθνῶν
2668 1066 2759 1121 διὰ
2786 1066 2882 1139 τὴν
2916 1066 3052 1140 πρὸς
3077 1067 3202 1132 τοὺς
3228 1067 3474 1140 πατέρας
3506 1068 3609 1123 αῦ-

2026 1158 2137 1214 τῶν
2161 1158 2347 1231 τιμήν.
3555 1156 3563 1167 ’

2106 1269 2127 1304 ι
2157 1250 2283 1309 Ὅτι
2314 1248 2426 1321 ἐγὼ
2454 1249 2658 1324 Κύριος
2682 1251 2711 1304 ό
2736 1250 2889 1315 Θεὸς,
2930 1251 3023 1306 καὶ
3041 1253 3141 1306 οὐκ
3165 1251 3309 1308 ἐστιν
3335 1253 3416 1308 ἔτι
3464 1254 3610 1328 πλὴν

2031 1342 2170 1418 ἐμοῦ
2190 1343 2343 1410 Θεός.
2387 1343 2677 1416 Ἐνίσχυσά
2698 1360 2779 1408 σε,
2806 1344 2900 1398 καὶ
2912 1344 3011 1399 οὐκ
3030 1345 3174 1418 ᾔδεις
3192 1361 3278 1418 με·
3298 1348 3386 1401 ἴνα
3399 1347 3611 1416 γνῶσιν

2030 1439 2081 1491 οἰ
2111 1437 2206 1491 ἀπ’
2218 1435 2490 1492 ἀνατολῶν
2511 1436 2660 1509 ήλίου
2686 1437 2781 1490 καὶ
2801 1437 2850 1490 οἰ
2873 1436 2982 1491 ἀπὸ
3006 1437 3245 1508 δυσμῶν,
3273 1439 3355 1492 ὅτι
3372 1440 3477 1493 οὐκ
3491 1439 3612 1496 ἐστι.

2030 1528 2165 1596 Θεὸς
2188 1528 2328 1602 πλὴν
2353 1530 2508 1602 ἐμοῦ.
2549 1528 2691 1599 Ἐγὼ
2735 1529 2938 1602 Κύριος
2968 1531 2996 1583 ὀ
3023 1530 3175 1594 Θεὸς,
3203 1531 3296 1584 καί
3327 1533 3430 1585 οὐκ
3458 1532 3614 1588 ἐστιν

2029 1616 2131 1673 ἔτι.
2176 1617 2319 1690 Ἐγὼ
2349 1620 2378 1673 ό
2407 1619 2822 1683 κατασκευάσας
2847 1618 2982 1688 φῶς,
3016 1619 3108 1674 καὶ
3130 1621 3362 1692 ποιήσας
3392 1623 3614 1689 σκότος,

2030 1708 2062 1761 ό
2104 1708 2278 1763 ποιῶν
2311 1709 2554 1782 εἰρήνην,
2594 1710 2690 1763 καὶ
2720 1708 2919 1775 κτίζων
2965 1708 3129 1764 κακά.
3166 1709 3307 1778 Ἐγὼ
3342 1709 3551 1783 Κύριος
3581 1712 3616 1766 ό

362 1817 505 1871 cem,
538 1811 594 1858 et
620 1818 747 1859 creo
771 1802 934 1860 mala.
980 1803 1095 1875 Ego
1140 1804 1401 1860 Dominus
1450 1802 1616 1871 Deus,
1666 1804 1758 1875 qui
1784 1800 1928 1859 facio
1959 1805 2004 1862 B
2029 1798 2184 1865 Θεὸς,
2215 1801 2246 1854 ὁ
2266 1799 2436 1856 ποιῶν
2467 1801 2647 1856 πάντα
2666 1799 2860 1854 ταῦτα.
2902 1820 2921 1854 ι
2962 1798 3050 1866 Ἐξ
3073 1800 3251 1856 αὐτῶν
3270 1800 3380 1873 γὰρ
3400 1800 3615 1857 τούτων

364 1896 479 1952 haec
502 1897 705 1954 omnia.
731 1915 750 1949 ι
789 1895 866 1952 Ex
894 1895 981 1953 bis
1002 1895 1134 1966 ipsis
1157 1897 1414 1967 operibus
1449 1894 1697 1952 ediscent
1729 1909 1749 1962 ;
1802 1908 1928 1949 cum

362 1989 507 2045 euim
536 2002 805 2047 aerumnas
824 1988 1021 2058 populo
1044 2001 1165 2043 mco
1185 1987 1254 2043 ad
1281 1985 1697 2043 couversionem
1726 1994 1782 2040 et
1809 1985 1927 2040 dis-

364 2080 624 2151 ciplinam
678 2079 925 2152 infligere
968 2095 1110 2151 opus
1143 2088 1289 2145 erat,
1335 2077 1579 2136 inimicis
1610 2077 1788 2151 ipsum
1820 2087 1933 2132 tra·

361 2174 497 2240 didi,
525 2173 681 2245 quasi
713 2171 950 2230 tenebris
977 2182 1036 2229 et
1061 2173 1157 2228 irae
1185 2170 1485 2245 impietatis
1504 2184 1674 2229 causa
1700 2169 1928 2226 dedens.

360 2263 497 2321 Cum
523 2274 703 2321 autem
733 2265 915 2322 denuo
964 2278 1291 2322 conversum
1341 2270 1399 2320 et
1442 2264 1513 2321 ad
1560 2262 1842 2321 meliorem
1873 2277 1934 2317 se

363 2358 572 2431 frugem
591 2358 965 2429 recipientem,
992 2355 1257 2413 reducere
1278 2368 1419 2427 opus
1444 2361 1557 2423 est,
1586 2367 1933 2424 consequen·

361 2461 447 2509 ter
480 2451 635 2522 pacis
664 2450 1018 2520 omniumque
1070 2448 1339 2505 bonorum
1396 2445 1581 2503 lumen
1631 2444 1765 2517 ipsis
1798 2444 1933 2501 oriri

362 2553 596 2615 oportet.
636 2544 682 2598 Α
732 2557 820 2598 me
849 2543 1049 2612 quippe
1100 2547 1157 2596 et
1198 2538 1383 2595 lumen
1406 2546 1463 2594 et
1486 2552 1609 2609 quae
1636 2538 1706 2595 ad
1739 2551 1931 2610 pacem

363 2642 612 2705 spectant
642 2633 823 2690 omnia
855 2630 1379 2700 subministrantur3
1405 2628 1619 2699 iudicio
1644 2630 1777 2689 item
1812 2646 1934 2689 meo

365 2726 501 2782 ultio
531 2740 748 2797 quoque
781 2725 1074 2781 inducitur.
1110 2725 1457 2795 Quapropter
1486 2724 1632 2780 banc
1658 2740 1691 2779 a
1722 2723 1932 2781 medo-

363 2815 596 2872 ctrinam
619 2816 804 2885 accipe
833 2830 851 2882 ;
878 2829 965 2868 me
978 2813 1191 2871 scilicet
1214 2821 1272 2868 et
1295 2810 1439 2869 lucis
1475 2811 1833 2877 conditorem,
1874 2821 1934 2870 et

366 2907 517 2977 pacis
555 2905 864 2978 largitorem
905 2920 1049 2973 esse,
1091 2903 1454 2975 similiterque
1494 2904 1838 2962 tenebrarum
1875 2915 1932 2962 et

363 3010 553 3051 eorum
581 3010 702 3067 quae
731 2994 907 3052 tristia
934 3002 1273 3066 reputantur,
1295 3009 1418 3066 qnae
1447 3009 1547 3067 pro
1578 2994 1735 3051 malis
1761 3008 1931 3066 penes

365 3084 565 3147 multos
601 3084 909 3141 habentur:
943 3093 1003 3139 et
1030 3094 1212 3140 tamen
1238 3082 1434 3139 borum
1460 3094 1652 3139 auctor
1689 3098 1791 3157 ego
1819 3083 1930 3141 dici

2036 1890 2371 1964 μαθήσονται
2407 1891 2518 1947 τῶν
2559 1892 2737 1964 ἔργων
2756 1910 2769 1924 ·
2808 1893 2896 1947 ὅτε
2933 1893 3030 1965 μὲν
3071 1893 3179 1966 γὰρ
3217 1892 3439 1965 λυπηρά
3467 1891 3613 1966 χρῆν

2035 1981 2335 2051 ἐπαγαγεῖν
2366 1981 2446 2052 τῷ
2477 1981 2598 2054 ἐμῷ
2627 1981 2743 2053 λαῷ
2776 1983 3077 2056 ἐπιστροφῇ
3109 1984 3203 2036 καὶ
3227 1983 3464 2054 παιδείᾳ,
3491 1986 3609 2048 τοῖς

2035 2070 2313 2142 πολεμίοις
2325 2071 2486 2125 αὐτὸν
2501 2071 2760 2139 ἐξέδωκα,
2782 2071 2930 2126 ὥσπε
2936 2090 2969 2146 ρ
2984 2073 3160 2145 σκότῳ
3171 2074 3264 2127 καὶ
3275 2073 3411 2147 ὀργῇ
3424 2092 3609 2146 παρα-

2030 2160 2156 2226 δοὺς
2176 2160 2337 2216 αὐτὸν
2348 2160 2457 2216 τῶν
2473 2160 2835 2234 ἀσεόημάτων
2846 2164 3023 2237 χάριν·
3041 2166 3130 2219 ὅτε
3141 2166 3220 2234 δὲ,
3250 2166 3402 2237 φησι,
3416 2166 3610 2219 λοιπὸν

2034 2254 2439 2328 ἐπιστρέψαντα
2471 2256 2567 2310 καὶ
2595 2257 2945 2330 ὠφελημένον
2982 2261 3245 2331 προσήκει
3275 2259 3571 2315 ἀναλαὸεῖν
3594 2303 3610 2326 ,

2033 2345 2326 2401 ἀκόλουθον
2358 2346 2428 2402 ἀν
2458 2348 2544 2421 εἴη
2576 2349 2693 2418 φῶς
2723 2350 2946 2422 εἰρήνης
2985 2351 3080 2404 καὶ
3124 2352 3343 2406 πάντων
3388 2353 3615 2421 ἀγαθῶν

2034 2438 2344 2493 ἀνατέλλειν
2358 2440 2447 2493 ἐπ’
2463 2440 2648 2496 αὐτόν.
2672 2441 2761 2510 Ἐξ
2782 2441 2917 2513 ἐμοῦ
2945 2442 3053 2514 γάρ
3068 2443 3131 2497 τὸ
3146 2442 3264 2512 φῶς
3289 2450 3615 2517 χορηγεῖται

2032 2528 2129 2584 καὶ
2158 2528 2229 2585 τά
2251 2531 2351 2602 τῆς
2368 2531 2593 2604 εἰρήνης
2610 2533 2785 2588 πάντα
2799 2549 2814 2566 ·
2832 2534 3011 2606 κρίσει
3039 2534 3098 2589 δὲ
3113 2537 3178 2607 τῇ
3191 2537 3300 2608 ἐμῇ
3318 2537 3500 2593 καὶτὰ
3513 2539 3616 2612 τῆς

2031 2621 2202 2694 ὀργῆς
2236 2622 2520 2692 ἐπάγεται.
2563 2624 2762 2697 Διόπερ
2794 2624 2970 2697 δόγμα
2984 2627 3113 2698 παρ’
3134 2626 3272 2700 ἐμοῦ
3287 2629 3451 2684 τοῦτο
3464 2630 3605 2700 μάν-

2031 2713 2161 2769 θανε
2182 2731 2195 2745 ·
2229 2715 2306 2779 ὡς
2327 2715 2437 2788 ἄρα
2459 2714 2573 2787 ἐγὼ
2603 2717 2766 2782 αὐτὸς
2788 2719 2882 2773 καί
2910 2720 3086 2790 φωτός
3111 2721 3232 2793 εἰμι
3251 2720 3604 2794 δημιουργὸς,

2031 2807 2366 2882 καὶείρήνης
2389 2809 2648 2882 χορηγὸς,
2665 2810 2866 2882 ὁμοίως
2897 2812 2958 2867 δέ
2994 2814 3089 2868 καὶ
3122 2814 3344 2879 σκότους
3376 2817 3598 2870 καὶτῶν

2031 2896 2400 2970 νομιζομένων
2422 2897 2682 2971 λυπηρῶν
2699 2917 2712 2930 ·
2742 2900 2886 2972 άπερ
2919 2903 3065 2956 κακὰ
3090 2907 3204 2968 τοῖς
3225 2902 3432 2969 πολλοῖς
3455 2901 3595 2959 εἶναι

2032 2988 2363 3063 νενόμισται,
2394 2985 2473 3047 ῶν
2497 2992 2727 3065 ποιητής
2750 2992 2818 3048 ἂν
2838 2993 3106 3066 λεχθείην,
3138 2995 3312 3069 κρίσει
3329 2996 3512 3071 δικαία
3529 2997 3602 3051 τὰ

2034 3085 2345 3160 κατάλληλα
2371 3089 2483 3154 τοῖς
2517 3087 2689 3156 ἀξίοις
2725 3087 2967 3158 ἐπάγων.
2994 3091 3058 3144 Εἰ
3096 3091 3275 3144 τοίνυν
3303 3089 3415 3160 ἐγὼ
3443 3091 3604 3158 Θεὸς,

363 3175 595 3243 valeam,
626 3175 777 3248 justo
798 3175 1006 3248 judicio
1035 3174 1337 3247 promerita
1371 3174 1603 3247 singulis
1635 3175 1925 3232 inducens.
1955 3169 2001 3232 C
2030 3179 2127 3234 xci,
2144 3180 2247 3234 οὐκ
2271 3179 2385 3235 ἔστι
2414 3179 2552 3252 πλὴν
2580 3180 2713 3251 ἐμοῦ
2729 3181 2936 3253 ἔτερος,
2965 3185 2994 3236 ὸ
3016 3182 3186 3236 ποιῶν
3204 3181 3378 3237 ταῦτα
3403 3183 3604 3249 πάντα,

364 3270 427 3328 st
455 3271 638 3342 itaque
663 3285 766 3343 ego
802 3270 969 3336 Deus,
992 3278 1048 3326 et
1073 3285 1177 3324 non
1202 3277 1285 3324 est
1309 3277 1506 3339 praeter
1535 3283 1621 3349 me
1649 3268 1811 3335 alius,
1834 3269 1927 3340 qui

368 3364 483 3419 baec
533 3361 719 3418 omnia
770 3361 986 3429 iaciat3
1028 3359 1247 3415 etiamsi
1291 3359 1568 3416 contraria
1620 3360 1929 3429 videantur,

364 3461 604 3508 attamen
634 3460 829 3508 natura
863 3466 967 3506 sua
994 3450 1272 3506 contraria
1308 3464 1417 3505 non
1455 3460 1603 3505 sunt.
1637 3449 1770 3505 Nam
1811 3468 1931 3522 quae

366 3542 506 3598 mala
552 3557 585 3599 a
635 3557 721 3598 me
759 3540 928 3612 infligi
963 3539 1368 3605 existimantur,
1411 3554 1475 3595 ea
1518 3555 1652 3596 sane
1688 3542 1931 3597 ittaxitne

367 3633 652 3690 conserunt
691 3634 759 3688 ad
792 3632 1083 3689 utilitatem
1116 3641 1174 3686 et
1203 3629 1435 3687 salutem
1476 3645 1689 3698 corum,
1717 3633 1812 3703 qui
1845 3632 1932 3689 his

368 3724 439 3779 ad
463 3740 649 3781 sanam
674 3732 908 3779 mentem
941 3721 1296 3777 reducuntur.
1356 3738 1363 3747 ·

439 3813 688 3870 Vnus&
731 3832 751 3866 ι
799 3813 1034 3869 Laetetur
1081 3813 1279 3868 coelum
1330 3813 1587 3884 desuper,
1642 3822 1701 3869 ct
1759 3813 1933 3869 nubes

367 3905 571 3962 stillent
601 3905 907 3976 iustitiam:
940 3895 1220 3975 aperiatur
1253 3916 1422 3969 terra,
1453 3914 1508 3960 et
1531 3906 1797 3974 germinet
1830 3904 1932 3960 mim

368 3997 741 4062 sericordiam,
789 4007 844 4052 et
873 3995 1139 4065 justitiam
1183 3996 1320 4052 oriri
1368 3996 1537 4052 saciat
1588 3997 1773 4052 simul.
1817 3995 1931 4069 Ego

367 4104 488 4146 sum
545 4090 829 4158 DontinuS,
877 4096 969 4164 qni
1024 4097 1204 4151 creavi
1264 4105 1336 4151 te.
1388 4116 1407 4150 ι
1465 4096 1927 4164 Quemadmodum

367 4184 511 4240 enim
548 4195 758 4256 tempus
778 4189 906 4244 olim
937 4191 1059 4256 suit,
1089 4208 1211 4247 cnm
1245 4193 1478 4248 nubibus
1510 4193 1779 4259 mandavi,
1821 4212 1841 4246 ι
1872 4203 1931 4250 ιιι

366 4293 474 4334 non
502 4278 748 4351 pluerent
769 4296 933 4353 super
964 4284 1176 4339 vineam
1211 4285 1484 4355 pluviam;
1519 4305 1538 4339 ι
1573 4285 1647 4341 ita
1677 4295 1733 4341 ct
1782 4303 1927 4342 nunc

366 4385 468 4427 suo
508 4380 751 4444 tempore
799 4373 1212 4431 rationabilibus
1263 4376 1500 4434 nubibus
1536 4377 1674 4434 meis
1734 4378 1931 4448 praeci·

2033 3270 2136 3326 κάν
2162 3271 2383 3327 ἐναντία
2412 3268 2558 3326 εἶναι
2596 3272 2750 3345 δοκῇ,
2783 3273 2883 3327 οὐκ
2916 3273 3042 3327 ὄντα
3063 3276 3131 3344 τῇ
3163 3273 3325 3349 φύσει
3361 3275 3602 3332 ἐναντία.

2043 3364 2195 3418 Ἐπεὶ
2226 3364 2323 3419 καὶ
2345 3364 2412 3419 τά
2438 3365 2764 3436 νομιζόμενα
2784 3366 2877 3418 ὑπ’
2897 3363 3029 3437 ἐμοῦ
3058 3366 3361 3435 ἐπάγεσθαι
3375 3365 3521 3422 κακὰ
3538 3368 3609 3422 τά

2035 3453 2267 3527 μέγιστα
2301 3454 2676 3527 συμόάλλοιντ*
2707 3455 2774 3510 ἂν
2820 3456 2955 3528 πρὸς
2985 3456 3253 3526 ὠφέλειαν
3295 3460 3391 3512 καὶ
3427 3476 3605 3532 σωτη-

2033 3548 2156 3620 ρίαν
2179 3546 2288 3602 τῶν
2317 3548 2384 3602 δι’
2417 3545 2594 3603 αὐτῶν
2627 3549 3123 3620 σωφρονιζομένων.

2107 3835 2126 3867 ι
2157 3815 2523 3888 Εὐφρανθήτω
2563 3819 2592 3871 ὀ
2632 3817 2860 3890 οὐρανος
2898 3817 3126 3882 ἄνωθεν,
3164 3818 3257 3871 καί
3291 3819 3351 3871 αἱ
3383 3817 3603 3888 νεφέλαι

2031 3907 2347 3980 ῥανάτωσαν
2391 3908 2762 3982 δικαιοσύνην·
2802 3910 3137 3967 άνατειλάτω
3165 3913 3200 3982 ἡ
3224 3913 3320 3983 γῆ,
3354 3911 3452 3966 καίΙ
3482 3911 3604 3982 βλα-

2033 3998 2284 4069 στησάτω
2326 3998 2509 4066 ἔλεος,
2566 3999 2661 4054 καὶ
2707 4001 3053 4074 δικαιοσύνην
3095 4002 3429 4057 ἀνατειλάτω
3460 4002 3598 4075 ἅμα.

2043 4089 2183 4159 Ἐγώ
2203 4093 2318 4162 εἰμι
2345 4091 2548 4164 Κύριος
2574 4095 2603 4146 ό
2624 4097 2813 4158 κτίσας
2844 4111 2926 4149 σε.
2960 4113 2979 4146 ο
3010 4095 3220 4166 Ὥσπερ
3240 4096 3350 4169 γὰρ
3377 4091 3447 4169 ἦν
3480 4114 3605 4151 και-

2032 4179 2123 4252 ρός
2156 4198 2308 4246 ποτε,
2357 4182 2445 4235 ὅτε
2485 4185 2606 4247 ταῖς
2646 4183 2898 4254 νεφέλαις
2938 4184 3289 4257 ἐνετειλάμην
3322 4205 3342 4239 ι
3382 4186 3479 4241 τοῦ
3525 4187 3601 4260 μὴ

2032 4272 2217 4345 βρέξαι
2244 4274 2323 4338 εἰς
2351 4274 2441 4328 τὸν
2455 4274 2752 4345 ἀμπελῶνα
2785 4277 2957 4343 ὑετὸν,
2984 4296 3004 4328 ι
3031 4275 3173 4331 οὕτω
3195 4278 3290 4332 νῦν
3314 4279 3458 4334 κατὰ
3482 4298 3601 4334 και-

2034 4363 2123 4436 ρὸν
2148 4366 2267 4429 ταῖς
2317 4366 2475 4435 ἐμαῖς
2504 4365 2752 4436 νεφέλαις
2790 4367 3029 4438 λογικαῖς
3060 4367 3247 4436 οὔσαις
3274 4373 3601 4444 προστάσσω

366 4461 534 4531 piam,
579 4470 638 4518 ut
668 4479 775 4520 non
807 4465 1064 4523 sensilem
1098 4482 1316 4539 aquam,
1351 4469 1447 4524 sed
1468 4466 1736 4537 justitiam
1766 4469 1927 4526 desu-
1955 4506 2003 4565 n
2034 4455 2109 4527 μὴ
2137 4455 2393 4528 αἰσθητὸν
2425 4456 2588 4529 ὕδωρ·
2622 4458 2759 4513 ἀλλὰ
2792 4461 2893 4532 τὴν
2918 4461 3263 4534 δικαῑθδῦνην
3291 4463 3504 4519 ἄνωθεν
3540 4465 3602 4532 ἐξ

367 4567 462 4622 per
493 4569 560 4610 ex
589 4555 701 4614 alto
725 4557 934 4615 stillent
963 4561 1050 4627 iis,
1081 4559 1177 4630 qui
1209 4560 1522 4618 inhabitant
1554 4570 1783 4618 terram.

438 4646 604 4702 Vens.
634 4649 689 4714 9,
721 4651 808 4707 10.
846 4670 866 4704 ι
897 4651 1038 4721 Quid
1063 4652 1259 4709 melius
1295 4654 1595 4726 pra-paravi
1639 4665 1699 4711 ut
1749 4654 1921 4710 lutum

364 4737 550 4811 figuli?
578 4739 715 4797 Num
738 4744 830 4812 qui
865 4752 1006 4810 arat,
1040 4746 1216 4801 arabit
1263 4757 1467 4803 terram
1512 4755 1627 4803 tota
1641 4747 1924 4804 dieiNum

364 4830 509 4887 dicet
527 4832 699 4888 lutum
746 4834 930 4906 figulo,
973 4836 1113 4905 Quid
1158 4838 1316 4906 sacis,
1360 4838 1624 4909 quoniam
1652 4855 1759 4894 non
1790 4854 1924 4910 ope-

365 4923 528 4988 raris,
560 4939 734 4995 neque
757 4926 924 4983 babes
953 4930 1192 4985 manus?
1221 4928 1357 4985 Num
1389 4930 1670 5000 respondit
1696 4930 1924 5003 figmen-

367 5020 482 5069 tum
512 5013 688 5070 iictori
715 5017 853 5072 suo?
877 5017 977 5085 Qui
1007 5018 1140 5075 dicit
1196 5022 1361 5089 patri,
1405 5019 1546 5088 Quid
1582 5022 1873 5093 generabis
1900 5023 1925 5078 2

364 5109 423 5158 et
447 5102 631 5169 matri,
664 5103 803 5171 Quid
837 5107 1065 5176 paries?
1096 5127 1114 5161 ι
1173 5109 1338 5176 Quasi
1367 5126 1463 5166 eus
1496 5110 1802 5182 alloquenS,
1830 5113 1922 5182 qni

367 5191 659 5249 universali
695 5193 769 5248 illi
798 5196 1152 5266 providetttiae
1197 5210 1254 5255 et
1297 5199 1758 5257 administrationi
1789 5217 1924 5257 cou-

366 5284 661 5353 tradicunt,
691 5285 768 5340 ait
791 5306 805 5342 :
826 5285 914 5343 Vae
943 5289 1032 5358 qui
1059 5290 1391 5347 contradicit
1426 5291 1604 5348 lictori
1635 5308 1755 5348 suo.
1788 5292 1923 5348 Nam

362 5377 591 5446 quando
603 5379 955 5450 castigatione
980 5390 1035 5437 et
1060 5384 1417 5441 conversione
1444 5399 1578 5454 opus
1599 5394 1738 5454 erat,
1773 5384 1931 5442 Jeru-

364 5465 535 5523 salem
565 5472 720 5540 quasi
748 5480 940 5527 testam
973 5472 1226 5529 contrivi.
1279 5484 1333 5529 et
1385 5476 1641 5546 templum
1691 5477 1926 5534 inimicis

366 5569 421 5613 ct
459 5559 703 5618 hostibus
735 5563 969 5632 tradidi;
1015 5580 1135 5619 cum
1179 5576 1360 5621 autem
1411 5577 1533 5636 post
1573 5567 1925 5625 sufficientem

371 5651 575 5707 illatam
610 5669 847 5723 poenam,
900 5654 1288 5716 humanitatem
1338 5657 1596 5716 exhibere
1645 5662 1920 5730 oportum

378 5753 499 5800 tunc
530 5755 582 5801 et
612 5747 865 5819 templum
913 5759 968 5806 ct
1016 5749 1204 5806 urbem
1255 5751 1496 5822 pristinis
1556 5754 1928 5823 praestantiura

2032 4545 2198 4618 ὕψους
2213 4547 2512 4622 ἐπιραίνειν
2541 4553 2652 4614 τοῖς
2673 4551 2771 4623 τὴν
2803 4553 3140 4625 γῆνοίκοῦσι.

2052 4663 2059 4672 -
2108 4658 2125 4691 ι
2144 4639 2301 4693 Ποῖον
2332 4640 2536 4712 βέλτιον
2570 4645 2949 4701 κατεσκεύασα
2972 4645 3048 4710 ὡς
3080 4646 3249 4720 πηλὸν
3271 4650 3599 4722 κεραμέως;

2030 4728 2122 4800 Μὴ
2152 4731 2181 4784 ό
2207 4732 2476 4805 ἀροτριῶν
2499 4735 2811 4808 ἀροτριάσει
2841 4737 2938 4810 τὴν
2965 4738 3070 4810 γῆν
3094 4738 3220 4810 ὅλην
3232 4739 3600 4815 τὴνήμέραν;

2028 4821 2121 4895 Μὴ
2136 4823 2253 4895 ἐρεῖ
2266 4825 2295 4878 ό
2313 4825 2481 4897 πηλὸς
2500 4828 2577 4899 τῷ
2592 4832 2844 4902 κεραμεῖ,
2862 4831 2928 4884 Τί
2945 4835 3136 4899 ποιεῖς,
3152 4833 3233 4887 ὄτι
3247 4834 3348 4888 οὐκ
3365 4836 3599 4912 ἐργάζῃ,

2028 4913 2150 4967 οὐδὲ
2166 4914 2311 4986 ἔχεις
2336 4920 2523 4991 χεῖρας
2544 4922 2665 4993 ;Μὴ
2681 4922 3106 4995 ἀποκριθήσεται
3129 4925 3191 4979 τὸ
3215 4925 3446 4999 πλάσμα
3468 4931 3603 5002 πρὸς

2031 5006 2121 5060 τὸν
2134 5007 2414 5062 πλάσαντα
2431 5010 2558 5064 αὑτό
2577 5029 2592 5077 ;
2611 5014 2667 5066 Ὀ
2691 5014 2862 5084 λέγων
2887 5015 2963 5088 τῷ
2980 5017 3166 5088 πατρὶ,
3184 5018 3249 5072 Τί
3276 5021 3597 5092 γεννήσεις;

2032 5106 2128 5162 καὶ
2139 5109 2206 5179 τῇ
2225 5109 2483 5180 μητρὶ,Τί
2510 5107 2753 5177 ὠδίνειςς
2780 5111 2866 5175 Ὦς
2884 5112 2994 5185 γάρ
3012 5113 3146 5185 πρὸς
3158 5113 3285 5179 τοὺς
3295 5114 3604 5187 ἀντιλέγον-

2027 5217 2127 5264 τας
2152 5202 2219 5272 τῇ
2245 5200 2469 5256 καθόλου
2504 5202 2728 5275 προνοίᾳ
2757 5221 2817 5257 τε
2845 5203 2937 5256 καὶ
2962 5203 3225 5276 διοικήσει
3247 5207 3413 5276 φησίν
3431 5226 3445 5239 ·
3468 5208 3603 5261 Οὐαὶ

2027 5293 2058 5346 ό
2086 5292 2380 5362 ἀντιλέγων
2410 5293 2490 5366 τῷ
2529 5295 2792 5349 πλάσαντι
2821 5296 3003 5351 αὐτόν.
3042 5298 3171 5349 Ὅτε
3212 5297 3311 5368 μὲν
3334 5298 3446 5370 γάρ
3478 5319 3604 5354 παι-

2028 5384 2195 5448 δείας,
2230 5385 2322 5439 καὶ
2347 5388 2681 5460 ἐπιστροφῆς
2725 5389 2885 5460 χρεία
2908 5384 2998 5459 ἦν,
3038 5388 3131 5442 καί
3176 5390 3477 5465 συνέτριψα
3505 5393 3603 5464 τὴν

2043 5476 2395 5551 Ἰερουσαλὴμ
2431 5480 2507 5547 ὡς
2538 5480 2824 5554 ὄστρακον,
2864 5483 2956 5535 καὶ
2987 5482 3080 5535 τὸν
3119 5482 3246 5537 ναὸν
3271 5484 3488 5557 ἐχθροῖς
3514 5488 3605 5541 καὶ

2039 5567 2317 5639 πολεμίοις
2359 5570 2646 5644 παρέδωκα
2666 5589 2678 5601 ·
2724 5571 2815 5624 ὅτε
2854 5570 2912 5624 δὲ
2959 5571 3120 5626 πάλιν
3171 5572 3277 5644 χρὴ
3324 5573 3468 5644 μετὰ
3505 5574 3606 5644 τὴν

2038 5660 2217 5715 αὐτῶν
2249 5663 2495 5735 αὐτάρκη
2547 5664 2815 5729 παιδείαν,
2844 5664 2912 5718 τά
2944 5665 3042 5734 τῆς
3077 5664 3488 5737 φιλανθρωπίας
3522 5669 3604 5720 ἐν-

2034 5752 2329 5822 δειξαοθαι,
2361 5754 2477 5809 τότε
2514 5754 2755 5826 βελτίονα
2788 5756 2880 5810 τοῦ
2923 5755 3189 5828 προτέρου
3223 5757 3600 5813 κατεσκεύασα
