3692 6134
708 407 843 462 1003
1408 387 1674 445 EUSEBll
1712 379 2186 441 CAESAmENStS
2217 379 2374 439 01³1».
2415 377 2598 436 PARS
2633 377 2727 436 lv.
2765 411 2838 421 —
2871 375 3374 434 nocuxrtcs.

707 707 876 768 nitur,
907 713 1080 766 neque
1126 690 1464 761 comparatio
1508 687 1830 758 perveniens
1863 686 1930 738 ad
1960 685 2105 737 illam
2133 694 2291 736 natu·

708 810 826 849 ram
851 809 868 847 t
900 790 993 845 sed
1018 800 1077 841 ut
1098 801 1204 840 non
1232 795 1504 838 taceamus
1526 765 1841 845 collissentes
1863 790 1981 845 quae
1998 775 2291 838 babentns;

710 899 833 939 cum
865 892 1045 935 autem
1078 875 1262 932 omnia
1292 874 1608 934 dixeritttuS‚
1647 882 1776 924 tunc
1811 867 2139 922 confitemur
2167 869 2294 935 qnia

706 992 831 1048 quae
856 973 1094 1030 dicimus
1146 967 1280 1023 nibil
1329 963 1583 1020 differunt
1622 977 1653 1016 a
1695 962 2089 1016 taciturnitate.
2134 959 2298 1015 Pater

710 1085 782 1124 ex
809 1081 877 1124 eo
928 1061 1245 1133 agnoscitur
1286 1056 1456 1130 ligura
1487 1055 1632 1126 quod
1664 1064 1748 1110 εει
1788 1069 1896 1109 non
1924 1063 2103 1107 natus.
2145 1051 2299 1108 Unus

710 1160 857 1214 enim
880 1165 964 1212 est
994 1155 1130 1223 ipse,
1162 1152 1255 1221 qui
1285 1157 1500 1205 nonest
1534 1149 1601 1202 ab
1631 1145 1739 1202 alio
1784 1164 1799 1201 ε
1833 1162 1975 1201 unus
2009 1155 2094 1201 est
2117 1146 2300 1215 quiex

712 1264 778 1302 eo
804 1246 947 1316 quod
974 1259 1081 1300 non
1105 1254 1261 1299 natus
1289 1251 1374 1296 est
1394 1239 1726 1311 agnoscitur.
1753 1235 1872 1292 Non
1904 1235 2072 1292 irater
2093 1237 2163 1304 ei,
2195 1251 2299 1292 non

713 1339 879 1394 Pater
905 1337 1113 1400 Patris,
1160 1335 1257 1390 sed
1310 1331 1604 1401 singularis
1655 1340 1849 1385 natura
1896 1339 2023 1383 est:
2072 1327 2208 1383 etin
2236 1342 2302 1383 ea

716 1429 862 1501 quod
900 1444 1004 1482 non
1041 1438 1203 1481 natus
1239 1436 1341 1491 εει,
1369 1438 1496 1478 vere
1522 1421 1669 1478 solus
1702 1422 2034 1486 osu-nditur,
2068 1436 2174 1475 non
2202 1435 2302 1474 na·

719 1534 809 1579 tus
847 1521 1009 1576 Pater
1042 1539 1055 1575 :
1104 1520 1173 1573 ab
1224 1518 1327 1572 boc
1368 1530 1500 1571 sane
1534 1532 1640 1570 non
1688 1524 1821 1571 nato
1865 1523 2118 1568 manente
2156 1513 2306 1581 quod

720 1625 807 1670 est
857 1612 1146 1673 indivisus,
1200 1608 1487 1673 inscissus„
1541 1607 1877 1677 impartitus,
1936 1604 2302 1675 impassibilis,

721 1704 1039 1774 unigenitus
1075 1710 1162 1757 est
1189 1698 1362 1756 Filius
1393 1710 1551 1754 natus
1580 1716 1597 1753 τ
1623 1714 1798 1770 neque
1819 1698 1957 1753 alius
1978 1708 2187 1754 estnon
2219 1714 2308 1751 na-

724 1805 833 1860 tus,
884 1810 1058 1864 neque
1094 1794 1231 1848 alius
1282 1791 1629 1863 unigenitus;
1684 1795 1776 1847 sed
1816 1807 1958 1846 unus
2000 1806 2106 1845 non
2152 1801 2307 1847 natus

722 1885 909 1954 Pater,
941 1896 997 1941 ει
1028 1902 1168 1941 unus
1195 1884 1507 1954 unigenitus
1522 1884 1713 1938 Filius.
1744 1884 1866 1938 llaec
1891 1899 2115 1938 nonnos
2146 1884 2308 1938 extol.

724 1977 863 2044 lunt,
912 1977 1171 2031 memoria
1204 1974 1348 2029 illius
1396 1975 1537 2029 beati
1571 1975 1695 2029 viri.
1732 1973 1949 2030 Utinam
2005 1986 2181 2029 autent
2235 1977 2306 2029 ita

724 2067 928 2135 possim
960 2065 1159 2132 dicere,
1182 2076 1246 2119 ut
1272 2063 1550 2119 vobiscum
1578 2079 1791 2134 semper
1812 2067 1881 2118 ab
1908 2064 2098 2120 eodem
2124 2065 2309 2121 audie·

724 2156 870 2211 batn.
916 2154 1023 2211 Sed
1068 2170 1131 2210 ca
1157 2171 1278 2226 quae
1315 2171 1459 2210 nunc
1486 2156 1763 2221 dicuntur,
1800 2156 1876 2210 illi
1910 2156 2105 2226 plau-ita
2145 2156 2308 2212 fuisse

725 2249 999 2303 videntur.
1045 2246 1226 2302 Gloria
1268 2248 1411 2303 enim
1437 2258 1522 2304 εει
1545 2248 1837 2317 proborum
1869 2263 2149 2304 servornm
2178 2265 2305 2305 vera

725 2339 792 2394 de
821 2339 1048 2393 Domino
1073 2338 1253 2394 dicere
1279 2355 1294 2391 ε
1324 2347 1381 2393 ει
1410 2339 1583 2392 bonor
1604 2353 1791 2392 eorum
1818 2350 2030 2408 patrum
2055 2340 2144 2408 qui
2172 2338 2307 2393 bene

727 2430 1050 2495 docuerunt,
1074 2429 1120 2485 si
1154 2441 1472 2499 repetantur
1500 2446 1687 2485 eorum
1723 2432 1999 2486 doctrinae.
2027 2430 2178 2488 Unus
2201 2433 2303 2503 igi-

730 2533 833 2577 tur·
857 2531 942 2577 est
974 2537 1081 2575 non
1112 2531 1273 2576 natus
1300 2522 1440 2576 Deus
1477 2540 1492 2577 ς
1532 2537 1685 2575 serva
1719 2521 1828 2592 (96)
1862 2539 1966 2577 non
1992 2533 2154 2579 natus
2177 2539 2300 2579 cnm

730 2615 913 2682 Patre,
948 2623 1003 2669 ει
1033 2627 1139 2668 non
1166 2614 1389 2670 habebis
1414 2615 1467 2668 in
1499 2615 1680 2669 anima
1704 2615 2071 2670 confusionem
2103 2631 2302 2673 :serva

731 2704 1040 2774 unigenitus
1077 2717 1198 2757 cum
1228 2700 1381 2770 filio,
1408 2712 1461 2758 et
1489 2718 1592 2756 non
1622 2704 1944 2771 turbaberis,
1999 2720 2172 2774 neque
2187 2706 2300 2775 jam

729 2800 841 2852 cris
864 2797 1102 2851 incertus
1141 2795 1592 2866 quemadmodum
1624 2795 1763 2851 Deus
1810 2807 1863 2850 ει
1900 2796 2058 2863 Οευε,
2095 2809 2150 2853 ει
2192 2815 2300 2854 non

737 2887 853 2942 Dei.
894 2885 1029 2954 Quia
1085 2888 1229 2942 enim
1267 2885 1467 2940 retines
1490 2900 1628 2941 unus
1665 2886 1805 2942 Deus
1847 2902 1956 2942 non
2009 2898 2191 2956 uatus,
2243 2901 2301 2946 et

732 2992 871 3031 unus
898 2978 1038 3031 Deus
1064 2977 1410 3046 unigenitus;
1441 2977 1559 3032 ideo
1583 2992 1687 3032 non
1711 2979 1808 3043 dii,
1832 2979 1959 3049 quia
1987 2995 2167 3051 neque
2191 2995 2296 3036 non

732 3068 873 3133 nati,
905 3082 1077 3138 neque
1116 3068 1372 3139 unigeniti
1408 3086 1424 3123 ι
1463 3082 1620 3123 serva
1668 3070 1898 3139 liguram
1934 3086 2038 3125 non
2069 3072 2199 3136 nati.
2243 3083 2299 3128 ει

704 532 918 579 meatus
942 529 1105 586 snpra
1135 519 1343 567 meatus
1366 506 1615 568 effundit,
1642 504 1782 558 oeus
1807 511 1988 555 antem
2011 501 2063 554 in
2088 498 2286 568 eoipso
2315 502 2361 558 Α
2387 513 2549 568 quem
2589 506 2715 553 sunt
2757 507 2987 553 cuncta.
3035 495 3174 550 Non
3207 504 3306 550 cst
3337 510 3516 548 unum
3555 509 3617 548 ex
3659 509 3692 549 o

702 614 849 684 qnod
880 620 964 663 est
998 613 1222 660 manet:
1260 615 1433 660 neuue
1454 597 1599 651 enim
1634 610 1739 649 vox
1761 593 2095 650 conveniens
2129 593 2283 646 inve·
2391 605 2669 661 perquem
2693 599 2823 645 sunt
2865 590 3072 646 omnia
3106 608 3126 644 ε
3170 589 3310 658 ipse
3335 601 3368 640 a
3395 585 3566 641 Patre
3609 585 3692 641 hal

2392 684 2566 738 lueres
2600 701 2615 737 z
2646 698 2749 736 uon
2777 691 2862 738 est
2897 699 2972 738 ex
3009 683 3405 738 baereditate.
3433 679 3692 736 consessu

2394 775 2602 846 angelis
2634 775 2724 844 qui
2757 777 3013 841 adstant,
3067 789 3283 842 neque
3327 789 3402 830 ex
3449 773 3692 843 archang:

2396 870 2636 922 omnium
2663 879 2880 924 nonest
2917 884 3073 924 unus
3109 883 3192 924 ex
3227 869 3324 923 bis
3367 869 3470 936 qui
3505 865 3692 936 jndicai

2399 964 2588 1020 trahas
2625 976 2875 1020 naturam
2919 981 3058 1037 quae
3111 980 3238 1019 non
3277 964 3534 1024 accedit.
3581 979 3692 1032 nequ

2399 1054 2569 1123 Quem
2595 1071 2662 1113 ex
2701 1057 2804 1112 boc
2836 1057 3131 1112 debemus
3161 1071 3344 1111 nosse
3369 1074 3388 1122 ;
3435 1054 3568 1125 quia
3597 1071 3692 1109 unu

2405 1149 2489 1203 bis
2529 1163 2650 1220 quae
2693 1150 2841 1214 dicit,
2907 1161 3006 1205 ant
3077 1148 3449 1220 sibimetipsi
3497 1149 3692 1218 prodest

2402 1239 2512 1296 Res
2552 1241 2694 1297 enim
2723 1258 2788 1298 ex
2821 1243 3042 1298 nostris
3105 1243 3491 1297 sermonibus
3534 1257 3636 1296 non
3670 1252 3692 1293 t]

2404 1331 2539 1398 Quia
2567 1333 2726 1403 igitur
2760 1331 2934 1389 Judaei
2967 1323 3094 1388 non
3147 1333 3516 1388 confitentur
3547 1331 3692 1387 Filium

2405 1441 2510 1480 non
2537 1434 2618 1481 εει
2643 1424 2831 1481 Filius.
2867 1423 3173 1481 «Iudicabit
3213 1427 3383 1481 enim
3407 1439 3510 1479 eos
3533 1423 3622 1495 qui
3646 1440 3692 1478 nr

2409 1527 2498 1571 tur
2518 1532 2642 1573 eum
2673 1534 2690 1572 z
2718 1516 2844 1585 quia
2877 1517 3122 1586 quidem
3169 1531 3400 1572 novum
3427 1515 3574 1570 istud
3599 1531 3692 1571 sacr

2411 1610 3067 1673 troduxeruntdicentes.
3129 1611 3422 1666 eurndern
3469 1609 3692 1680 ipsumet

2410 1717 2567 1773 quem
2593 1712 2648 1758 et
2674 1701 2869 1756 Filium
2906 1721 2920 1757 ε
2961 1718 3165 1770 neque
3197 1701 3448 1760 Patrem
3473 1702 3672 1758 Patrem

2412 1806 2516 1862 que
2537 1791 2729 1847 Filium
2760 1792 2960 1847 Filium
2992 1811 3007 1847 ε
3053 1793 3156 1847 sed
3193 1793 3530 1848 secundum
3555 1795 3692 1862 ipson

2409 1885 2550 1953 gium
2576 1883 2706 1937 nihil
2728 1898 2974 1953 prorsus.
3001 1883 3067 1939 Si
3083 1885 3256 1938 enim
3285 1883 3466 1940 Pater
3486 1899 3590 1940 non
3611 1897 3678 1940 εει

2410 1974 2524 2043 ipse
2551 1979 2635 2029 est
2664 1985 2719 2029 et
2741 1971 2928 2037 Filius,
2981 1982 3048 2027 ut.
3095 1974 3212 2043 ipsi
3251 1972 3616 2045 flagitantur:
3649 1985 3689 2029 et

2408 2065 2600 2130 Filius,
2621 2067 2748 2136 quia
2775 2067 2887 2136 ipse
2915 2075 3010 2120 εει
3039 2063 3228 2119 Pater
3263 2086 3279 2121 ε
3313 2081 3494 2137 prope
3521 2075 3603 2121 εει
3635 2075 3678 2118 ιι

2407 2172 2513 2228 que
2541 2157 2754 2212 Patrem
2778 2171 2922 2219 esse,
2961 2171 3158 2227 neque
3195 2155 3420 2212 Filium
3454 2176 3471 2212 z
3501 2166 3560 2212 ut
3589 2171 3692 2211 unu

2405 2252 2548 2307 ciunt
2581 2251 2722 2320 quod
2751 2265 2854 2304 non
2891 2249 2974 2303 iit.
3017 2247 3172 2316 Quis
3201 2252 3368 2305 enim
3409 2251 3608 2321 poterit
3625 2249 3692 2302 aad

2405 2360 2464 2400 se
2485 2345 2589 2399 sibi
2621 2358 2740 2398 εεεε
2783 2342 3052 2397 Patrem?
3095 2343 3244 2413 quis
3301 2346 3514 2416 poterit
3548 2343 3692 2398 Patra

2404 2437 2510 2493 sibi
2544 2451 2664 2493 esse
2711 2435 2948 2491 Filium?
3003 2434 3062 2490 Si
3125 2436 3300 2492 enim
3359 2437 3586 2492 voluero
3613 2445 3692 2490 mut

2405 2545 2601 2595 meam,
2637 2545 2741 2584 non
2771 2536 3017 2582 mutatur
3043 2537 3324 2583 vestrum
3353 2530 3687 2600 propositum.

2406 2625 2532 2678 tatis
2557 2637 2641 2676 me
2675 2621 2846 2675 aliena
2889 2621 3094 2689 loqui?
3127 2620 3348 2677 Dicam
3381 2637 3520 2694 ergo
3539 2621 3676 2677 Pater

2403 2720 2459 2768 et
2484 2711 2656 2767 Filius
2697 2725 2802 2764 non
2827 2707 3024 2764 Filius.
3071 2707 3234 2764 Nam
3265 2721 3327 2766 et
3367 2711 3417 2767 si
3445 2713 3692 2778 dixerosq

2402 2805 2582 2870 Pater,
2611 2803 2798 2872 etipse
2817 2802 2922 2857 sibi
2947 2813 3035 2856 εει
3073 2803 3310 2870 Filins3
3340 2822 3534 2860 nonne
3557 2805 3692 2860 iustu

2401 2897 2703 2968 significant
2728 2911 3015 2950 sermones
3062 2897 3232 2950 inei?
3269 2899 3376 2951 sed
3411 2914 3502 2952 tne
3539 2913 3632 2952 non
3659 2907 3692 2949 tt

2401 2998 2564 3044 veant
2591 2987 2880 3044 adversum
2925 3001 3029 3042 eos
3064 2988 3172 3056 qui
3203 2989 3510 3053 dixerunt,
3557 2994 3692 3058 quant

2399 3086 2453 3133 et
2480 3075 2743 3132 adversus
2770 3089 2869 3130 eos
2898 3075 2995 3145 qui
3061 3075 3386 3146 patiuntur
3429 3075 3692 3134 :olum-it

729 3159 988 3216 confitere
1017 3159 1241 3233 figuram
1271 3161 1560 3232 unigeniti,
1609 3170 1665 3216 ει
1702 3162 1844 3216 nulla
1895 3164 2106 3220 turbela
2130 3175 2212 3220 est
2241 3167 2294 3221 in
2325 3195 2368 3254 c
2402 3167 2472 3221 ab
2515 3165 2705 3221 iisdem
2755 3173 2812 3220 et
2861 3162 3211 3234 Scriptum.
3277 3163 3410 3238 Ego
3451 3183 3472 3222 :
3501 3165 3692 3236 ιειεΕε

733 3254 934 3318 medio,
968 3269 1072 3308 non
1102 3253 1188 3318 tis,
1222 3267 1327 3308 non
1372 3255 1670 3322 contentio,
1700 3272 1807 3312 non
1833 3258 2090 3326 jurgium.
2139 3257 2302 3313 Pater

736 3359 843 3398 nen
871 3344 971 3398 sibi
1002 3344 1229 3399 ascribit
1274 3341 1489 3401 Patrem
1531 3362 1546 3403 ι
1586 3345 1756 3403 Filius
1782 3363 1922 3402 unus
1948 3348 2050 3403 sibi
2085 3351 2306 3404 ascribit

734 3433 949 3491 Patrem
984 3455 998 3493 ε
1028 3436 1190 3491 Pater
1212 3452 1241 3491 a
1281 3437 1430 3493 nullo
1459 3447 1565 3505 est,
1599 3438 1767 3495 Filius
1796 3441 1863 3495 ab
1889 3456 1996 3496 nno
2021 3452 2104 3497 est
2124 3441 2303 3498 Patre.

735 3526 849 3582 Nun
881 3530 1175 3600 suscipiunt
1206 3530 1318 3585 haec
1342 3529 1511 3597 litem,
1535 3541 1629 3586 aut
1648 3531 1852 3588 babent
1879 3532 2302 3591 dubitationem:

737 3619 804 3677 m
833 3633 1148 3694 cognoscant
1181 3633 1229 3678 te
1270 3624 1438 3680 colum
1472 3641 1645 3681 uerum
1699 3626 1866 3681 Deum
1891 3626 1938 3658 '⁸
1972 3645 1985 3681 :
2030 3644 2135 3683 non
2179 3630 2305 3699 quia

736 3732 842 3772 non
866 3730 991 3771 vere
1011 3726 1094 3770 est
1120 3715 1424 3787 unigenitus
1447 3715 1617 3773 Filius
1638 3717 1753 3784 Dei,
1783 3722 1880 3775 sed
1903 3720 2028 3792 quia
2050 3734 2080 3774 a
2113 3730 2308 3777 semet-

734 3807 869 3876 ipso,
899 3817 954 3860 et
995 3824 1060 3861 cx
1091 3808 1401 3877 semetipso,
1428 3817 1482 3863 et
1522 3823 1617 3878 per
1640 3811 2008 3881 semetipsum.
2046 3811 2093 3865 si
2130 3821 2306 3867 tat-cn

736 3901 808 3953 ita
837 3899 944 3953 dici
970 3899 1125 3953 debet
1157 3918 1169 3954 :
1203 3898 1324 3955 tons
1345 3909 1399 3955 et
1425 3900 1747 3970 principium
1772 3903 2013 3956 omniurn
2046 3903 2307 3957 bonorum

736 4000 819 4044 cst
857 3988 1036 4055 Pater,
1067 3992 1156 4060 qui
1194 3992 1378 4062 genuit
1412 3992 1568 4047 talem
1599 3994 1791 4047 bonam
1840 3995 2169 4064 progeniem.
2205 3993 2309 4048 Bo·

740 4098 840 4136 nus
865 4084 1006 4137 cuim
1042 4081 1208 4137 Filius
1232 4096 1337 4147 est,
1358 4083 1453 4138 sed
1476 4085 1617 4139 cedit
1646 4085 1940 4140 bonitatem
1972 4101 2071 4140 sno
2105 4089 2310 4157 genito·

737 4175 807 4238 ri,
836 4187 941 4227 non
965 4173 1230 4228 mentiens
1250 4174 1344 4228 sed
1363 4175 1538 4230 sciens
1558 4177 1698 4231 unde
1720 4185 1820 4229 εει.
1852 4175 1980 4229 Sine
2008 4177 2306 4247 principio:

734 4266 1063 4336 principium
1095 4276 1272 4320 antem
1299 4266 1419 4319 dico
1454 4283 1557 4320 non
1592 4276 1910 4337 temporum,
1946 4284 2051 4322 non
2088 4269 2310 4326 sarculo-

738 4374 897 4424 rutn;
934 4357 1049 4413 haec
1084 4358 1226 4413 enim
1252 4373 1346 4427 per
1381 4355 1575 4412 Filium
1607 4358 1747 4413 sacta
1778 4373 1925 4420 sunt,
1964 4371 2019 4416 et
2052 4377 2155 4415 non
2185 4376 2307 4416 cum

738 4450 875 4506 Filio
938 4459 1060 4505 nata
1116 4466 1131 4503 :
1190 4464 1297 4504 non
1362 4456 1569 4504 tantum
1641 4449 1784 4503 enim
1848 4466 1955 4504 non
2024 4460 2150 4507 ante
2218 4451 2310 4506 Fi-

734 4543 922 4609 lium,
974 4551 1031 4596 ut
1078 4541 1125 4597 si
1179 4541 1337 4596 aliter
1389 4539 1517 4610 quid
1579 4540 1926 4596 introducere
1984 4557 2105 4595 cum
2168 4541 2304 4598 Filio
2335 4525 2382 4582 Ῑ)

736 4635 1009 4696 volueris,
1063 4649 1167 4688 non
1221 4632 1456 4688 salvabis
1534 4632 1864 4702 unigenitum
1899 4675 1914 4699 ,
1994 4635 2088 4689 scd
2163 4635 2302 4689 sicut

738 4725 899 4780 Pater
929 4726 1075 4781 solus
1122 4740 1227 4781 non
1276 4735 1435 4780 natus
1479 4736 1585 4792 est,
1631 4734 1688 4779 et
1745 4726 1790 4780 si
1847 4726 2050 4781 dixeris
2104 4723 2298 4781 Filium

738 4832 843 4870 non
898 4827 1103 4882 natum,
1144 4816 1463 4886 periclitaris
1529 4818 1594 4870 de
1642 4831 1707 4870 eo
1762 4819 1904 4888 quod
1957 4817 2093 4873 dicis
2143 4834 2158 4871 z
2226 4818 2303 4873 ita

739 4908 785 4962 si
841 4908 967 4976 quid
1013 4909 1407 4977 computaveris
1440 4925 1560 4963 cum
1614 4909 1909 4977 unigenito,
1940 4912 2066 4980 quid
2118 4911 2303 4980 loque-

739 5001 816 5055 ris
842 5001 1076 5070 ignoras.
1118 4999 1264 5055 Unus
1289 4984 1429 5053 euiut
1464 5011 1547 5054 cst
1580 5017 1686 5055 non
1720 5012 1898 5068 natus,
1934 5013 1986 5055 ct
2020 5003 2125 5058 noli
2154 5019 2302 5075 quae-

738 5106 861 5147 rere
886 5092 1047 5144 alium
1101 5107 1206 5146 non
1263 5103 1444 5145 uatum
1485 5111 1499 5148 :
1540 5108 1677 5148 unus
1723 5095 2052 5163 unigenitus¹
2095 5105 2151 5151 et
2195 5096 2302 5152 noli

738 5197 980 5254 qua-rere
1005 5182 1166 5237 alium
1193 5182 1406 5249 Filium,
1437 5199 1503 5237 ne
1536 5185 1896 5253 interrumpas
1922 5187 2248 5256 unigenitum
2285 5207 2299 5242 :

740 5274 1045 5344 unigenitus
1073 5276 1215 5327 enim
1253 5291 1355 5328 non
1400 5285 1482 5329 cst
1531 5290 1693 5330 unum
1725 5291 1790 5330 ex
1818 5279 2045 5344 cunctis,
2076 5279 2169 5334 sed
2209 5295 2305 5350 per

2406 3257 2837 3326 conjunctionem
2881 3273 2896 3310 ε
2937 3254 3066 3327 qu
3109 3267 3168 3311 et
3223 3259 3410 3315 Pater
3447 3279 3590 3314 nan-r
3615 3275 3692 3315 111

2407 3360 2585 3404 tamen
2632 3365 2736 3403 non
2779 3363 2996 3402 ειιιιιιιε.
3060 3350 3390 3410 Contraria
3435 3356 3569 3410 enim
3617 3354 3692 3418 inp

2407 3438 2562 3509 plena
2592 3450 2735 3493 sunt.
2785 3437 2955 3492 Filius
3009 3441 3187 3509 dicit,
3251 3444 3414 3517 Ego;
3447 3447 3528 3500 ille
3551 3445 3670 3504 dicit.-

2406 3530 2575 3587 Filius
2608 3530 2759 3595 dicit,
2786 3538 2839 3584 et
2887 3527 3104 3597 Pater;
3160 3535 3270 3590 ille
3297 3539 3456 3602 dicit,
3491 3550 3582 3590 uon
3603 3533 3692 3590 Pau

2409 3622 2603 3694 inquit,
2633 3637 2848 3687 sumus3
2885 3631 2941 3676 et
2970 3623 3075 3679 ille
3113 3636 3362 3694 contra,
3391 3645 3493 3686 uon
3519 3641 3692 3686 suttun-¹

2409 3715 2668 3784 scriptum
2695 3712 2823 3769 est?
2848 3721 2945 3767 aut
2979 3715 3130 3784 quid
3165 3719 3472 3778 delemus?
3493 3734 3576 3776 aut
3591 3715 3692 3790 quill

2409 3816 2500 3860 aut
2529 3806 2658 3877 quid
2685 3807 3084 3877 agnoscimus!
3116 3809 3246 3882 Ego
3286 3814 3344 3869 in
3373 3814 3528 3870 Patre
3565 3811 3692 3869 erm

2409 3896 2525 3955 Non
2559 3909 2736 3954 tamen
2761 3898 2887 3969 quia
2921 3913 3123 3971 neque
3153 3919 3298 3976 ego,
3337 3923 3508 3978 neque
3527 3905 3692 3961 Ριιεςι

2411 3991 2627 4046 modum
2668 3998 2849 4045 autem
2897 3987 3081 4048 Pater
3123 3995 3186 4052 in
3246 3997 3412 4064 Filio,
3459 4010 3510 4052 et
3537 3987 3692 4052 fusi

2409 4082 2642 4136 maxime
2663 4081 2883 4151 quidem
2903 4097 3020 4136 cur
3045 4089 3238 4143 audes
3267 4089 3544 4159 quaerere?
3561 4081 3692 4142 buin·

2409 4183 2492 4228 εει
2518 4177 2571 4227 in
2601 4187 2666 4227 eo
2695 4171 2784 4242 qui
2833 4180 2939 4237 εει.
3005 4191 3128 4232 non
3167 4181 3440 4250 quianon
3479 4181 3692 4237 eertum

2411 4266 2534 4334 quia
2564 4273 2771 4319 nonest
2801 4261 2980 4320 Pater
3013 4283 3082 4324 ut
3117 4273 3200 4327 sit
3243 4275 3302 4328 in
3335 4274 3472 4329 Filio
3491 4265 3692 4336 &rafim-¹

2411 4376 2516 4413 non
2545 4369 2627 4414 est
2655 4357 2821 4412 Filius
2851 4360 2951 4426 qni
2991 4371 3090 4417 est
3126 4367 3186 4419 in
3223 4368 3394 4424 Patre
3421 4355 3692 4438 significat-³¹¹

2411 4459 2468 4504 ει
2501 4446 2727 4518 apostoli
2756 4448 3076 4508 duodecim
3109 4471 3292 4511 unuin
3323 4469 3472 4522 sunt,
3497 4455 3692 4517 etim*

2409 4539 2709 4612 quingenti,
2754 4549 2810 4594 ct
2862 4548 2994 4597 tota
3037 4545 3302 4605 Ecclesia
3349 4565 3521 4605 unum.
3549 4545 3692 4602 ΒΙΡ

2408 4635 2473 4688 ad
2512 4633 2742 4688 bttntana
2770 4632 3076 4695 deducere
3107 4643 3309 4698 divina
3349 4660 3368 4698 ε
3401 4631 3692 4699 aduri-ss

2411 4726 2649 4781 tionibus
2683 4740 2806 4779 cutn
2859 4727 3243 4803 indulgentia
3287 4739 3434 4808 apud
3473 4735 3628 4792 tratre,
3645 4725 3692 4776 ⁶¹

2411 4819 2551 4875 Deus
2593 4828 2652 4872 ut
2696 4826 2797 4871 est.
2835 4818 3082 4880 Tamen
3121 4831 3170 4882 si
3229 4827 3520 4886 dixerimus
3555 4807 3692 4891 qud

2403 4909 2578 4963 omnis
2613 4908 2855 4963 Ecclesia
2893 4927 3042 4980 quae
3096 4921 3320 4991 ubique
3365 4935 3464 4988 est,
3487 4913 3692 4974 unu-⁶⁶

2403 5002 2579 5056 nullus
2618 4999 3018 5069 reprehendat
3055 5026 3074 5065 ε
3128 5015 3272 5082 quia
3321 5031 3424 5070 non
3455 4995 3692 5148 nenti-¹:

2402 5093 2538 5147 dixit
2569 5112 2581 5147 :
2617 5091 2726 5162 qu
2761 5094 2819 5148 iu
2854 5098 3034 5169 ipsis,
3069 5117 3122 5158 οι
3145 5117 3210 5162 ιιι
3235 5109 3474 5166 inm&
3499 5095 3664 5166 MP*

2406 5191 2605 5241 tionem
2641 5185 2824 5243 Patris
2875 5189 3214 5270 irreligiosi
3273 5215 3526 5260 genno-u
3563 5197 3672 5250 fl*

2405 5279 2546 5349 quod
2580 5296 2685 5333 non
2717 5282 2794 5335 sit
2849 5283 2904 5339 is
2933 5294 3048 5359 qui
3085 5299 3316 5367 genuit,
3370 5311 3516 5369 neque
3545 5307 3564 5344 t·
3633 5281 3638 5286 ’

807 5392 853 5423 '³
873 5390 1026 5445 Joan.
1063 5404 1194 5453 xvtt,
1228 5389 1313 5443 15.
1391 5389 1436 5420 '⁸
1464 5387 1620 5442 Joan.
1652 5404 1705 5455 x,
1737 5389 1827 5445 50.
1902 5390 1948 5422 ⁹⁸
1974 5389 2129 5446 Joatt.
2158 5405 2295 5458 xvir,
2326 5390 2416 5445 25.

811 5527 920 5612 (96)
952 5543 1130 5597 Serva.
1157 5541 1607 5614 Tfipet,‚obserrm.
1643 5544 1749 5597 Aut
1778 5545 1939 5600 etiam
1979 5556 2144 5609 tuere,
2180 5546 2305 5598 reti-

739 5631 821 5668 ne.
853 5616 1021 5682 supr..
1049 5613 1143 5666 bb.
1177 5628 1225 5666 t:
1258 5613 1325 5667 In
1362 5614 1619 5682 principio
1648 5627 1781 5682 erae,
1814 5631 1960 5668 serva
1993 5617 2131 5684 quod
2165 5626 2297 5680 erat,

739 5697 847 5742 etc.

2406 5562 2509 5628 nort
2555 5547 2828 5628 subsistit.
2862 5555 2964 5614 Aa
3005 5564 3144 5622 ideo
3183 5567 3354 5626 Pater
3385 5567 3614 5684 hdr?-

2407 5627 2660 5686 stu‚qma
2687 5635 2772 5674 est
2808 5626 2882 5706 ’in
2917 5627 3140 5696 Filio?
3173 5643 3362 5712 Igitur
3409 5653 3536 5708 nequ
3585 5633 3642 5700 Ψ

2408 5704 2514 5758 χει,
2537 5702 2640 5740 non
2661 5692 2958 5766 silbanu,
2985 5709 3134 5776 quia
3159 5723 3242 5767 ρει
3271 5715 3330 5768 i.
3359 5711 3508 5768 Pflff·
3527 5687 3646 5764 w

820 5758 935 5831 (Ἢ)
969 5756 1024 5812 1⁸
1049 5763 1192 5816 enim
1225 5759 1338 5830 qui,
1372 5753 1598 5840 Videtur
1618 5753 1733 5806 boc
1767 5752 1952 5807 seue:
1982 5757 2035 5807 ἰε
2059 5755 2195 5807 erum
2225 5754 2317 5834 gui.
2415 5758 2563 5836 teau.
2599 5771 2639 5818 ι,
2669 5759 2770 5830 ¹8,
2801 5778 2866 5826 οι
2905 5787 3018 5836 nv
3073 5779 3154 5838 ω
3213 5785 3280 5842 ¹¹
3305 5801 3324 5839 ἶ
3351 5769 3641 5840 &arhga

740 5843 822 5891 'est
848 5834 986 5890 iuteo
1014 5835 1105 5893 atti
1131 5845 1231 5892 est.
1258 5831 1497 5890 nonideo
1518 5823 1964 5892 manuales-dalwi-
1987 5833 2213 5885 2⁸l⁴⁸mm
2227 5826 2346 5876 ΨΜ)
2442 5824 2699 5877 mmm*-
3025 5817 3046 5850 ⁸
3159 5821 3180 5854 ³
3655 5856 3692 6058 Ι
