3692 6134
145 321 250 382 'm

1268 321 1551 379 CONTRA
1588 317 2016 377 MARCELLUM
2057 317 2183 374 Lm.
2226 318 2291 375 ΙΙ.

3265 321 3391 381 778·

142 438 448 510 ἄνθρωπος,
475 440 612 511 μήτε
635 435 797 503 εἶναι,
817 439 951 511 μήτε
970 441 1389 512 προῦφεστάναι,
1420 442 1557 512 μήτε
1581 439 1717 500 ὅλως
1746 443 1790 499 Α
1818 434 1888 490 sti
1914 434 2167 491 Ecclesiae
2196 436 2444 506 praesedit
2470 451 2487 491 e
2517 453 2709 508 nempe
2752 438 2799 495 is
2846 440 2939 511 qui
2969 439 3143 509 palam
3173 452 3392 495 asser&

142 526 362 582 πώποτε
393 528 520 581 Υίὸν
552 528 793 601 ὑπάρξαι
824 529 902 600 τῷ
928 529 1066 600 Θεῷ,
1101 530 1207 602 πρὸ
1230 530 1323 584 τοῦ
1347 529 1604 601 τεχθῆναι
1627 530 1716 584 διὰ

140 620 237 690 τῆς
265 619 565 691 Παρθένου,
593 620 859 685 δοξάζων·
908 621 1070 675 αὐτὸν
1099 622 1156 675 δὲ
1198 622 1357 693 μόνον
1377 618 1516 674 εἶναι
1543 622 1715 689 Λόγον

140 709 387 778 φάσκων,
423 711 646 780 συμφυᾶ
682 709 760 780 τῷ
788 709 927 781 Θεῷ,
956 710 1141 774 ἀϊδίως
1184 710 1330 782 αὐτῷ
1368 709 1594 764 συνόντα
1621 712 1716 764 καὶ

140 800 438 871 ἡνωμένον,
486 795 597 864 οἶος
648 800 715 854 ἂν
765 800 849 872 εἴη
879 801 974 855 καὶ
1011 803 1038 855 ό
1099 802 1156 854 ἐν
1209 801 1480 874 ἀνθρώπῳ
1536 801 1710 869 λόγος.

138 890 326 962 Τούτῳ
366 891 472 963 γάρ
505 892 665 956 αὐτὸς
708 892 905 964 χρῆται
954 892 1033 962 τῷ
1079 894 1500 965 παραδείγματι,
1542 893 1714 962 Λόγον

138 976 277 1035 εἶναι
303 984 482 1052 φήσας
508 983 656 1036 ἔνδον
679 986 736 1037 ὲν
772 984 921 1054 αὐτῷ
945 984 1023 1054 τῷ
1059 984 1198 1055 Θεῷ,
1235 986 1364 1039 ποτὲ
1393 985 1490 1055 μὲν
1517 986 1715 1056 ἡσυχά-

139 1072 321 1135 ζοντα,
344 1072 474 1126 ποτὲ
500 1074 556 1126 δὲ
587 1075 935 1145 σημαντικῶς
951 1076 1293 1148 ἐνεργοῦντα,
1321 1077 1457 1149 μόνῃ
1481 1093 1540 1129 τε
1561 1078 1715 1147 ὲνερ-

140 1164 263 1233 γείᾳ
290 1164 544 1235 προϊόντα
571 1165 666 1218 τοῦ
698 1166 911 1237 Πατρός
931 1183 944 1197 ·
965 1167 1041 1231 ὡς
1073 1166 1140 1222 ἂν
1161 1169 1254 1222 καὶ
1285 1170 1442 1240 ἡμεῖς
1469 1187 1521 1221 τι
1548 1185 1714 1240 προσ-

134 1256 440 1320 τάττοντες,
474 1259 531 1309 ὲν
566 1257 644 1328 τῷ
685 1258 862 1326 λέγειν
898 1277 952 1312 τι
1007 1260 1100 1313 καὶ
1147 1259 1348 1324 λαλεῖν,
1396 1261 1713 1332 ὲνεργήσαι-

142 1365 260 1417 μεν.
297 1349 416 1400 Ὅτι
444 1348 491 1401 δ’
524 1349 624 1402 οὐκ
653 1350 718 1403 ἄν
742 1367 826 1413 τις
853 1350 996 1403 οὕτω
1021 1368 1086 1420 γε
1112 1352 1254 1404 εἴποι
1277 1352 1405 1405 Υἰὸν
1436 1348 1574 1405 εἶναι
1621 1353 1711 1407 τὸν

139 1438 478 1508 σημαντικὸν»
498 1439 592 1493 καὶ
614 1442 964 1511 ἐνεργητικὸν
985 1442 1178 1511 Λόγον,
1207 1443 1369 1497 παντί
1410 1461 1488 1515 τῳ
1528 1444 1706 1515 δῆλον.

149 1530 206 1583 Ὁ
229 1530 286 1583 δὲ
314 1530 471 1583 τοῦτο
495 1530 616 1594 δοὺς
647 1532 740 1583 ἐπὶ
763 1532 858 1585 τοῦ
888 1533 1044 1598 Θεοῦ,
1085 1535 1185 1589 οὐκ
1204 1531 1298 1589 οἶδ’
1325 1535 1471 1598 ὅπως
1495 1536 1586 1589 τὸν
1635 1538 1708 1608 μὴ

139 1620 424 1689 ὑφεστῶτα
482 1621 652 1689 Λόγον
672 1622 783 1693 (55)
814 1623 914 1693 τὴν
965 1624 1142 1697 σάρκα
1192 1624 1558 1696 ἀνειληφέναι,
1616 1626 1709 1679 καὶ

136 1711 426 1780 ἐνεργῆσαι
461 1712 517 1764 ὲν
543 1712 678 1783 αὐτῇ
708 1730 840 1784 φησι
860 1731 873 1744 ·
911 1715 1002 1768 καὶ
1025 1716 1145 1768 τότε
1182 1715 1414 1787 Χριστὸν
1436 1714 1704 1785 γενέσθαι,

1815 523 1933 588 bat,
1962 524 2160 581 Filium
2203 542 2543 598 nequaquam
2577 530 2663 584 vel
2697 529 2865 587 fuisse
2914 532 3024 588 Deo
3053 530 3140 587 vel
3170 545 3382 601 pmex-

1814 616 2043 683 stitisse,
2098 618 2412 689 priusquam
2480 619 2547 676 de
2591 619 2816 691 Virgine
2863 630 3195 677 nasceretur.
3242 619 3382 675 Tan·

1816 710 2095 764 tummodo
2142 719 2325 765 autem
2372 710 2609 766 Verbum
2660 726 2784 769 esse
2807 711 2958 768 illum
3000 713 3225 775 diceret,
3267 709 3380 767 Deo

1815 800 2188 868 congenitum,
2218 801 2288 856 ab
2343 811 2547 857 aeterno
2599 804 2956 868 coexsistens,
3001 810 3058 859 et
3100 801 3376 858 counitum

1814 887 1948 950 Deo,
1980 896 2038 941 ut
2068 897 2194 957 puta
2238 888 2292 943 in
2319 889 2539 945 homine
2562 892 2784 947 verbum
2812 891 3014 948 assolet
3043 891 3373 946 humanum:

1816 977 1919 1033 hoc
1953 977 2153 1031 etenim
2187 978 2362 1032 utitur
2389 978 2677 1050 exemplo:
2710 980 2947 1036 Verbum
2981 979 3255 1035 affirmans
3287 978 3379 1034 in·

1815 1077 1903 1123 tus
1927 1068 1978 1122 in
2012 1068 2122 1122 Deo
2163 1068 2286 1140 ipso
2315 1069 2617 1134 exstitisse,
2654 1070 2938 1141 quiescens
2973 1070 3265 1135 interdum,
3299 1068 3377 1123 si-

1811 1156 2133 1227 gnificative,
2168 1173 2549 1228 nonnunquam
2616 1174 2875 1229 operans,
2914 1161 3226 1231 operatione
3282 1159 3373 1215 illa

1810 1262 1906 1303 sna
1939 1248 2049 1303 sola
2077 1250 2144 1304 de
2175 1249 2336 1306 Patre
2360 1264 2460 1306 suo
2489 1251 2700 1316 exiens,
2719 1250 3170 1322 quemadmodum
3193 1258 3247 1307 et
3277 1266 3375 1304 nos

1811 1339 2030 1409 operari
2061 1343 2298 1395 solemus
2323 1341 2641 1408 scribendo,
2673 1342 2923 1409 dicendo,
2972 1340 3260 1414 loquendo.
3305 1343 3377 1395 At

1808 1434 2084 1489 enimvero
2113 1438 2237 1505 quis
2274 1452 2382 1492 non
2443 1438 2717 1509 iutelligit,
2753 1454 2859 1493 non
2888 1451 3007 1493 esse
3029 1436 3371 1493 statuendum

1806 1524 1876 1579 de
1906 1523 2064 1590 Filio,
2102 1526 2255 1581 illum
2284 1527 2351 1582 ad
2387 1528 2549 1583 istum
2577 1530 2750 1584 solum
2802 1530 3019 1584 modum
3052 1527 3373 1599 significati-

1805 1630 1933 1669 vum
1970 1616 2202 1672 Verbum
2246 1628 2302 1674 et
2333 1619 2669 1687 operativum
2710 1620 2866 1676 esse?
2914 1618 3128 1690 Quique
3164 1619 3268 1676 ltoc
3303 1619 3374 1674 ad

1811 1706 1952 1760 lianc
1997 1705 2228 1761 l'orinam
2280 1708 2334 1762 in
2386 1708 2492 1763 Deo
2547 1710 3000 1775 comminiscitur,
3048 1707 3234 1764 nescio
3265 1721 3377 1778 quo

137 1803 231 1856 καὶ
264 1802 485 1873 Ἰησοῦν,
522 1806 612 1858 καὶ
649 1804 891 1875 βασιλέα,
925 1808 1018 1860 καὶ
1065 1806 1248 1861 εἰκόνα
1290 1807 1383 1860 τοῦ
1424 1807 1581 1871 Θεοῦ,
1613 1807 1707 1862 καὶ
1737 1774 1783 1833 Β
1813 1806 1970 1864 pacto
2001 1795 2235 1853 affirmet
2288 1798 2524 1854 Verbum
2565 1801 2785 1857 minime
2814 1801 3121 1856 subsistens
3158 1813 3373 1855 assum-

133 1896 432 1965 ἀγαπητὸν,
452 1896 546 1949 καὶ
562 1897 689 1950 Υίὸν
720 1897 1128 1969 δεδοξασμένον,
1159 1899 1253 1952 καὶ
1277 1898 1343 1970 δὴ
1367 1900 1461 1952 καὶ
1487 1899 1708 1972 Πρωτό-

131 2006 288 2042 τοκον
311 1990 489 2058 πάσης
513 1989 760 2052 κτίσεως,
796 1990 869 2061 μὴ
901 1990 1030 2045 ὄντα
1070 1992 1359 2061 πρότερον,
1396 1990 1519 2043 τότε
1560 1990 1710 2059 γενέ-

135 2079 280 2144 σθαι,
317 2079 516 2151 καίπερ
547 2081 644 2150 οὐχ
695 2081 1010 2149 ὑφεστῶτα·
1065 2081 1126 2133 τὸ
1166 2081 1223 2133 δὲ
1274 2079 1571 2152 παράδοξον
1611 2079 1705 2134 τοῦ

131 2170 324 2237 Λόγου,
353 2170 616 2240 ἄρξασθαί
643 2188 704 2239 γε
733 2171 840 2224 ἀπὸ
868 2172 1233 2243 τετρακοσίων
1258 2171 1379 2225 οὐδὲ
1410 2172 1545 2226 ὅλων
1570 2170 1705 2225 ἐτῶν

131 2260 335 2313 τούτων
362 2261 641 2315 ἁπάντων·
674 2263 767 2315 καὶ
826 2262 986 2316 πάλιν
1034 2262 1220 2318 τοῦτον
1257 2264 1469 2335 ἁθρόως
1507 2263 1706 2334 παυθή-

135 2347 322 2401 σεσθαι
353 2349 488 2418 μετά
517 2351 608 2403 τὸν
633 2350 734 2420 τῆς
772 2352 1007 2422 κρίσεως
1053 2352 1242 2424 καιρὸν
1268 2350 1362 2406 τοῦ
1405 2352 1504 2423 μὲν
1528 2352 1701 2420 Λόγου

129 2439 407 2510 ήνωμένου
438 2441 515 2511 τῷ
550 2441 688 2513 Θεῷ,
740 2443 816 2506 ὡς
847 2443 1011 2515 μηδὲν
1047 2444 1230 2515 ἕτερον
1263 2439 1401 2498 εἶναι
1443 2444 1581 2515 πλὴν
1607 2444 1701 2498 τοῦ

129 2526 286 2595 Θεοῦ,
313 2531 410 2600 τῆς
441 2532 497 2584 δὲ
528 2533 749 2604 σαρκὸς,
779 2526 847 2604 ἧς
870 2532 1179 2603 ἀνείληφεν,
1212 2534 1418 2604 ἐρήμου
1453 2533 1703 2587 καταλει-

129 2617 474 2691 φθησομένης
511 2622 614 2675 ὑπὸ
642 2620 737 2675 τοῦ
783 2623 983 2692 Λόγου,
1007 2622 1084 2686 ὡς
1137 2622 1274 2693 μήτε
1320 2622 1413 2676 τὸν
1451 2622 1578 2676 Υἰὸν
1606 2622 1699 2676 τοῦ

126 2709 262 2763 Θεοῦ
307 2729 433 2766 ποτε
463 2713 778 2783 ὑφεστάναι,
815 2716 951 2784 μήτε
987 2713 1079 2766 τὸν
1106 2712 1234 2766 Υἰὸν
1260 2712 1354 2767 τοῦ
1390 2713 1698 2786 ἀνθρώπου,

127 2801 194 2855 ὃν
244 2802 518 2874 ἀνείληφε.
572 2806 681 2859 Καὶ
724 2804 781 2858 δὲ
833 2806 912 2869 είς
948 2802 1107 2858 τοῦτο
1156 2804 1308 2868 τέλος
1338 2805 1700 2876 καταστρέφει

125 2888 313 2963 ὥσπερ
344 2894 762 2964 κεκωφωμένος,
801 2895 896 2946 καὶ
925 2895 1064 2965 μήτε
1090 2893 1183 2947 τοῦ
1208 2895 1440 2963 ἀγγέλου
1467 2896 1701 2967 Γαὸριὴλ

124 2979 336 3034 ἀκούων
355 3022 369 3046 ,
424 2983 909 3055 εὐαγγελιζομένου
962 2984 1060 3056 τὴν
1112 2985 1371 3040 Θεοτόκον
1420 2988 1605 3057 σαφῶς
1640 3005 1697 3040 τε

126 3074 217 3128 καὶ
247 3074 535 3147 διαρρήδην
564 3076 690 3146 περὶ
718 3077 812 3130 τοῦ
851 3078 909 3145 ἐξ
951 3078 1122 3149 αὐτῆς
1148 3077 1569 3148 τεχθησομένου,
1602 3079 1694 3132 καὶ

123 3162 190 3217 ἐκ
234 3164 543 3236 σπέρματος
594 3168 756 3221 Δαὸὶδ
805 3170 947 3224 κατὰ
994 3171 1174 3242 σάρκα
1210 3169 1692 3241 προελευσομένου,

125 3251 452 3321 φάσκοντος·
492 3255 636 3310 Ἰδοὺ
676 3258 976 3327 συλλήψῃ
1016 3259 1087 3311 ὲν
1131 3259 1367 3329 γαστρί,
1413 3259 1510 3312 καὶ
1552 3260 1695 3330 τέξῃ

126 3347 282 3407 υἱὸν,
340 3346 436 3399 καὶ
495 3351 776 3414 καλέσεις
816 3350 881 3402 τὸ
941 3350 1128 3420 ὄνομα
1187 3350 1375 3406 αὑτοῦ
1435 3352 1689 3422 Ἰησοῦν.

129 3433 320 3505 Οὗτος
340 3437 510 3492 ἔσται
533 3440 740 3510 μέγας,
781 3440 877 3495 καὶ
915 3441 1044 3509 υίὸς
1080 3442 1361 3513 Ὑψίστου
1393 3444 1696 3515 κληθήσε-

126 3545 249 3582 ται·
279 3529 377 3583 καὶ
426 3528 604 3585 δώσει
649 3529 807 3597 αὐτῷ
836 3533 1052 3601 Κύριος
1089 3536 1123 3588 ό
1160 3531 1306 3601 Θεὸς
1343 3534 1452 3589 τὸν
1482 3538 1697 3605 θρόνον

125 3619 304 3673 Auens
336 3620 441 3674 τοῦ
468 3622 684 3690 πατρὸς
709 3599 916 3689 αὑτοῦ,
968 3625 1066 3679 καὶ
1087 3626 1447 3691 βασιλεύσει
1476 3628 1699 3684 &azzor

124 3705 293 3763 οἶκον
321 3708 521 3764 ’Ῑακὼὸ
551 3713 640 3777 είς
680 3712 822 3779 τοὺς
846 3711 1086 3781 αἰῶνας,
1110 3714 1209 3768 καί
1234 3712 1344 3784 τῆς
1373 3715 1696 3782 βασιλείας

120 3799 311 3855 αὐτοῦ
346 3802 457 3855 οὐκ
490 3800 661 3855 ἔσται
687 3801 877 3870 τέλος.
911 3805 1064 3875 Μήτε
1095 3803 1292 3876 Δανιὴλ
1329 3804 1424 3859 τοῦ
1458 3806 1694 3877 μεγάλου

124 3892 401 3964 προφήτου
424 3891 522 3956 τὰς
551 3892 732 3962 φωνάς
773 3893 994 3958 συνιεὶς,
1020 3894 1161 3948 αὐτὰ
1205 3896 1374 3949 ταῦτα
1403 3897 1694 3969 σφραγιζο-

123 3982 312 4053 μένου,
340 3983 408 4037 δι’
439 3978 513 4037 ὧν
542 3986 600 4036 ὲν
627 3983 754 4055 θείῳ
783 3985 1062 4056 Πνεῦματι
1085 3986 1335 4056 διεφώνει
1357 3987 1549 4057 λέγων·
1581 3988 1690 4043 Καὶ

122 4073 254 4127 ἰδοὺ
292 4075 443 4143 μετὰ
484 4075 602 4129 τῶν
635 4076 905 4146 νεφελῶν
934 4078 1044 4148 (54)
1082 4079 1184 4132 τοῦ
1215 4079 1473 4147 οὐρανοῦ
1501 4120 1516 4143 ,
1558 4080 1692 4146 Υἱὸς

118 4164 435 4233 ἀνθρώπου
450 4168 773 4236 ἐρχόμενος
802 4165 902 4237 ἦν,
921 4170 1021 4224 καί
1049 4169 1160 4235 ἕως
1175 4169 1282 4223 τοῦ
1296 4170 1558 4224 Παλαιοῦ
1575 4169 1691 4224 τῶν

115 4254 355 4324 ἡμερῶν
385 4256 611 4325 ἔφθασε
629 4298 643 4321 ,
671 4259 767 4312 καὶ
821 4259 1164 4329 ἔμπροσθεν
1211 4260 1398 4315 αὐτοῦ
1432 4276 1692 4329 προσην-

1807 1890 1979 1955 psisse
2007 1902 2251 1955 carnem,
2279 1898 2333 1943 et
2366 1890 2419 1944 in
2459 1889 2547 1944 illa
2573 1903 2847 1962 assumpta
2879 1893 2950 1946 ita
2982 1899 3282 1961 operatum.
3307 1888 3377 1945 Et

1807 1984 1935 2032 tunc
1967 1979 2200 2045 primunt
2238 1977 2510 2034 Cin-istum
2556 1982 2833 2036 exstitisse
2860 2022 2875 2047 ,
2918 1982 3123 2046 Jcsnm,
3166 1993 3373 2052 regem,

1807 2068 2097 2138 imaginem
2156 2069 2271 2137 Dei,
2308 2071 2588 2136 dilectum,
2638 2072 2804 2126 lilium
2847 2071 3229 2142 glorificatum,
3267 2069 3376 2137 pri·

1806 2162 2141 2229 umgenitum
2174 2162 2353 2217 omnis
2379 2170 2666 2227 creaturae,
2701 2178 2824 2217 eum
2869 2178 2974 2216 non
3009 2170 3158 2218 esset
3197 2163 3371 2234 prius,

1804 2266 1907 2305 nec
1936 2260 2092 2306 antea
2126 2252 2351 2307 omnino
2379 2252 2689 2307 exsisteret.
2724 2250 2996 2322 imprimis
3035 2253 3374 2325 paradoxum

1805 2342 1934 2397 illud
1972 2353 2074 2405 est,
2107 2343 2398 2413 incoepisse
2420 2344 2523 2398 hoc
2551 2345 2803 2407 Verbum,
2837 2361 2942 2401 non
2967 2345 3038 2402 ab
3062 2343 3224 2401 annis
3248 2344 3375 2399 bine

1806 2443 1953 2487 retro
1986 2434 2394 2504 quadringentis
2426 2434 2743 2503 completis:
2767 2444 2821 2490 et
2849 2434 3008 2490 simul
3033 2435 3090 2492 in
3123 2435 3373 2490 eamdem

1804 2540 1910 2580 non
1957 2526 2335 2581 exsistentiam
2378 2526 2789 2594 revolvendum,
2846 2539 2972 2599 post
3011 2524 3201 2598 iudicii
3229 2533 3369 2585 tem-

1801 2634 1923 2688 an,
1961 2619 2138 2673 Verbo
2178 2619 2398 2688 quidem
2445 2619 2554 2675 Deo
2605 2621 2821 2676 demum
2876 2621 3125 2690 adnuito,
3186 2620 3260 2677 ita
3310 2633 3371 2677 nt

1800 2717 1995 2775 praeter
2019 2706 2182 2762 Deum
2218 2707 2350 2761 ninii
2378 2707 2667 2778 quidquam
2699 2708 2960 2774 exsistam
2992 2722 3180 2775 carne,
3202 2721 3366 2778 quam

1801 2800 2117 2867 assumpsit,
2146 2798 2385 2854 desolata
2427 2808 2483 2854 et
2516 2800 2773 2854 destituta
2801 2812 2832 2854 a
2860 2796 3060 2866 Verbo,
3082 2797 3156 2853 lta
3184 2805 3246 2854 ut
3268 2810 3367 2852 ne-

1800 2905 1905 2960 que
1934 2890 2104 2945 Filius
2133 2890 2328 2961 aliquis
2356 2890 2450 2947 Dei
2478 2891 2742 2949 subsistat
2764 2933 2782 2962 ,
2817 2906 2917 2948 nec
2936 2891 3107 2948 Filius
3130 2890 3367 2949 hominis

1799 2996 1958 3051 quem
1991 2982 2305 3049 assumpsit.
2332 2982 2407 3038 Eo
2430 2992 2609 3040 autem
2640 2982 2854 3039 tandem
2884 2983 3167 3041 descendit
3207 2984 3359 3056 abie-

1800 3071 2015 3138 ctionis‚
2043 3072 2422 3130 utGabrielem
2450 3089 2555 3130 non
2582 3074 2770 3129 audiat
2799 3075 3213 3148 archangelum,
3241 3074 3367 3133 Dei-

1797 3179 1939 3234 parae
1970 3165 2256 3221 manifeste
2282 3174 2338 3220 et
2359 3168 2648 3238 perspicue
2672 3167 3103 3240 annuntiantem,
3134 3170 3202 3230 de
3224 3171 3364 3229 Filio

1796 3269 1862 3309 ex
1889 3255 1981 3310 illa
2006 3256 2336 3328 generando,
2359 3265 2416 3312 et
2443 3258 2512 3313 de
2546 3259 2753 3314 semine
2781 3257 3019 3325 Davidis,
3065 3264 3361 3319 secuudum

1796 3361 2015 3402 carnem
2049 3348 2398 3415 descensuro,
2424 3363 2547 3404 eum
2576 3350 2648 3404 ita
2679 3349 2921 3421 inquiat:
2948 3349 3085 3407 Ecce
3101 3354 3363 3423 concipies

1795 3436 1852 3490 in
1875 3443 2023 3490 utero
2053 3445 2166 3500 tuo,
2193 3445 2243 3491 et
2279 3454 2455 3506 partes
2479 3436 2673 3507 filiunt,
2715 3449 2762 3493 et
2799 3439 3005 3494 vocabis
3032 3455 3219 3496 nomen
3241 3442 3360 3513 ejus

1793 3525 2001 3581 Iesum.
2051 3526 2155 3582 Hic
2200 3530 2299 3583 erit
2325 3531 2569 3599 magnus,
2596 3538 2645 3583 et
2683 3530 2827 3599 filius
2855 3529 3118 3586 Altiuinti
3150 3534 3362 3588 vocabi-

1794 3625 1921 3669 tur:
1962 3625 2013 3672 et
2066 3617 2211 3673 dabit
2256 3618 2336 3672 illi
2375 3618 2632 3674 Dominus
2674 3618 2814 3675 Deus
2859 3622 3112 3686 thronum.
3142 3621 3358 3680 Desidia

1793 3710 1960 3776 patris
1990 3711 2095 3777 sui,
2134 3719 2183 3765 et
2234 3713 2467 3783 regnabit
2504 3729 2663 3780 super
2690 3711 2899 3765 domum
2933 3709 3099 3767 Iacob
3129 3714 3185 3769 t’n
3208 3724 3360 3771 αισι·-

1795 3818 1941 3865 nunt,
1972 3810 2018 3856 el
2047 3804 2193 3874 reqm'
2224 3802 2369 3859 illius
2409 3820 2509 3858 non
2547 3809 2645 3859 erit
2670 3802 2792 3873 finis
2819 3803 2885 3857 ⁸⁸.
2937 3804 3045 3860 Sed
3072 3821 3170 3861 nec
3196 3820 3357 3863 voces

1793 3891 2062 3947 intellexit
2093 3894 2271 3965 magni
2327 3894 2469 3950 illius
2522 3896 2661 3950 vatis
2717 3896 2975 3964 Danielis,
3022 3895 3115 3967 qui
3162 3897 3353 3954 eadem

1793 3984 1906 4054 ipsa
1939 3987 2301 4057 consignavit,
2325 3987 2450 4042 dum
2482 3988 2676 4058 spiritu
2706 3987 2796 4044 Dei
2822 3987 3038 4046 afflatus
3077 3988 3348 4062 profatur,

1791 4076 2084 4146 inquiens:
2117 4077 2187 4131 Et
2226 4094 2340 4133 ecce
2361 4093 2479 4132 cum
2510 4080 2730 4133 nubibus
2766 4081 2880 4135 coeli
2918 4079 2969 4135 F
2971 4081 3094 4137 ilias
3119 4084 3348 4139 leontinis

1789 4167 2118 4233 adveniebat,
2152 4179 2199 4222 et
2238 4183 2400 4236 usque
2444 4166 2823 4238 «nunquam
2864 4176 2922 4235 ›1‹
2953 4172 3157 4227 dierunt
3176 4189 3353 4243 pene-

1790 4260 1886 4324 nit,
1921 4269 1969 4314 et
1994 4259 2199 4313 delatus
2237 4267 2314 4313 est
2345 4270 2468 4314 ante
2507 4271 2836 4329 conspectum
2866 4262 3002 4331 ejus.
3033 4260 3148 4335 Ipsi
3175 4274 3351 4319 antem

117 4345 292 4413 έχθη.
333 4347 442 4401 Καὶ
484 4348 643 4415 αὐτῷ
687 4350 865 4417 ἐδόθη
895 4350 1073 4420 ἀρχὴ,
1110 4350 1208 4404 καὶ
1239 4352 1277 4419 ἠ
1324 4351 1481 4420 τιμὴ,
1521 4352 1616 4405 καὶ
1646 4354 1685 4421 ἠ
1787 4350 2018 4404 dabatur
2040 4350 2385 4418 principatus,
2415 4360 2465 4403 et
2493 4349 2677 4416 honor,
2702 4359 2752 4404 ee
2774 4368 3025 4420 regnunt:
3049 4363 3098 4409 et
3124 4356 3349 4411 servient

114 4436 403 4501 βασιλεία
426 4454 439 4467 ·
491 4438 589 4492 καὶ
626 4439 849 4506 πάντες
895 4444 948 4494 οἱ
986 4441 1145 4505 λαοί,
1176 4441 1384 4510 φυλαί,
1414 4441 1684 4512 γλῶσσαι
1718 4453 1760 4509 1)
1787 4437 1869 4492 iun·
1893 4454 2068 4491 omnes
2109 4437 2311 4506 populi,
2350 4437 2539 4504 tribus,
2576 4436 2789 4508 linquoe.
2836 4437 3078 4496 Potestas
3100 4442 3243 4498 illitu
3269 4457 3346 4501 est

112 4527 277 4593 αὐτῷ
318 4527 784 4584 δουλεύσουσιν.
842 4533 912 4587 Ἡ
944 4531 1193 4596 ἐξουσία
1228 4531 1411 4587 αὐτοῦ
1433 4532 1683 4596 ἐξουσία
1785 4536 2014 4596 poteslas
2062 4537 2279 4590 oelerna,
2319 4542 2437 4596 qttoe
2465 4543 2569 4581 non
2611 4529 2943 4595 pertransibit
2981 4545 3002 4584 .·
3053 4539 3104 4586 εἰ
3132 4521 3345 4603 requam

111 4618 380 4688 αἰώνιος,
426 4620 558 4688 ἥτις
591 4624 662 4675 οὐ
696 4624 1158 4690 παρελεύσεται·
1206 4623 1305 4675 καὶ
1336 4624 1375 4691 ἡ
1397 4623 1683 4687 βασιλεία
1787 4618 1932 4672 illins
1961 4635 2063 4672 nun
2093 4619 2322 4672 interibit
2347 4617 2409 4671 ⁸⁸.
2445 4616 2550 4673 Sed
2599 4633 2699 4672 nec
2742 4617 2895 4673 illum
2923 4617 3095 4677 lsaias
3119 4620 3192 4679 de
3219 4637 3345 4678 sen-

108 4712 304 4766 αὑτοῦ
326 4714 396 4767 οὐ
416 4711 904 4781 διαφθαρήσεται.
939 4712 1078 4766 Ἀλλ’
1099 4713 1220 4767 οὐδὲ
1247 4713 1475 4776 Ἡσαΐας
1512 4713 1680 4767 αὑτὸν
1786 4713 1953 4767 tentia
1983 4711 2223 4779 deduxit,
2246 4712 2336 4781 qui
2364 4710 2431 4766 do
2458 4725 2624 4781 regno
2646 4709 2765 4766 Filii
2798 4710 2891 4767 Dei
2920 4712 3338 4778 interminabili,

106 4800 300 4857 lwetot
326 4804 452 4875 περὶ
489 4804 586 4875 τῆς
610 4804 965 4876 ἀτελευτήτου
994 4802 1267 4874 βασιλείας
1293 4802 1386 4857 τοῦ
1418 4804 1549 4857 Υἰοῡ
1582 4804 1676 4858 τοῦ
1784 4805 1852 4861 ad
1886 4804 2046 4859 istum
2084 4805 2302 4858 modum
2331 4806 2522 4861 scribit
2547 4824 2561 4860 ι
2596 4805 2737 4859 Puer
2757 4803 2901 4858 nobis
2927 4814 3084 4860 notus
3103 4815 3215 4859 m:
3245 4805 3296 4861 F
3298 4810 3344 4860 i-

104 4893 273 4960 Θεοῦ,
295 4889 395 4949 ὧδε
414 4898 507 4950 καὶ
527 4897 691 4961 αὐτὸς
712 4896 1002 4960 θεσπίζων,
1032 4896 1137 4959 ὅτι,
1155 4895 1399 4949 Παιδίον
1424 4895 1674 4965 ἐγενήθη
1780 4895 1886 4950 litas
1910 4911 2114 4966 quoque
2132 4896 2289 4949 datus
2312 4906 2388 4950 est
2432 4896 2602 4963 nobis,
2633 4895 2786 4966 cnjus
2816 4896 3143 4966 principatus
3184 4914 3342 4968 super

100 4986 292 5058 ἡμῖν·
325 4989 454 5055 υἱὸς
493 4991 590 5043 καὶ
631 4990 810 5057 ἐδόθη
849 4988 998 5059 ἡμῖν
1027 4984 1099 5044 οὗ
1134 4988 1172 5055 ἠ
1216 4987 1371 5057 ἀρχὴ
1416 4989 1527 5058 (55)
1574 4988 1672 5042 ἐπὶ
1779 4990 2022 5041 hunteros
2054 4986 2205 5056 ejus:
2228 4986 2498 5041 vocabitur
2539 4986 2753 5056 insuper
2790 5002 2976 5044 nomen
2999 4987 3133 5061 ejus,
3159 4989 3338 5062 magni

189 5108 251 5167 ›1‹
296 5101 392 5156 Ed.
423 5102 620 5171 Paris„
650 5120 772 5175 pag.
805 5104 895 5159 53.
971 5103 1018 5135 ⁸⁸
1042 5101 1172 5158 Luc.
1209 5118 1249 5169 t,
1275 5103 1462 5159 51-55.
1540 5103 1586 5136 ⁸⁸
1618 5103 1754 5158 Dan.
1785 5118 1882 5167 vn,
1918 5104 2007 5169 15,
2041 5102 2126 5159 tt.

186 5271 300 5344 (33)
345 5271 457 5325 Τὸν
479 5267 567 5338 μὴ
613 5265 928 5337 ὑφεστῶτα
942 5268 1153 5335 Λόγον.
1191 5266 1313 5322 llaec
1341 5278 1425 5323 est
1458 5283 1669 5323 summa
1767 5267 1963 5321 ἔλασαν
1987 5274 2042 5318 et
2074 5264 2170 5319 καὶ
2197 5264 2361 5319 αὑτὸν
2394 5264 2515 5337 μέν,
2551 5265 2782 5334 denique
2811 5266 3027 5337 ἐκείνην
3048 5266 3250 5337 ἐπαγγ.
3279 5279 3336 5324 et

100 5342 476 5402 accusationis
529 5340 864 5403 Euseliianae,
895 5337 960 5391 dc
1003 5354 1133 5406 qua,
1163 5336 1216 5391 in
1251 5338 1355 5392 illis
1383 5337 1452 5393 de
1496 5338 1674 5394 Theo-
1766 5337 1875 5406 γὰρ
1908 5334 2096 5403 ἀγίων.

104 5411 276 5480 logia.
318 5411 390 5464 M.
1838 5405 1952 5475 (55)
1991 5399 2074 5458 Οὗ
2107 5406 2145 5473 ὴ
2175 5403 2355 5473 ἀρχή.
2399 5403 2575 5459 Locus
2603 5414 2681 5459 est
2711 5403 2814 5460 lsa.
2861 5420 2938 5469 tx,
2969 5405 3023 5473 6,
3058 5407 3109 5460 in
3146 5403 3327 5459 Lxxz

178 5481 293 5554 (54⁴,
328 5481 436 5534 Kal
463 5476 591 5534 ἰδοὺ
611 5476 761 5547 μετὰ
785 5474 903 5529 τῶν
921 5474 1206 5545 νεφελῶν.
1232 5475 1404 5530 Locus
1425 5486 1507 5529 est
1538 5474 1667 5527 Dan.
1771 5485 1891 5541 post
1922 5472 2074 5541 ἀρχή
2111 5476 2371 5540 sequitur,
2397 5474 2682 5554 &serviem
2709 5475 2801 5529 sed
2823 5477 3035 5529 variant
3067 5476 3135 5528 ibi
3168 5476 3329 5529 etiam

23 5573 43 5612 ι
102 5565 206 5610 vn.
229 5552 325 5615 t7;
352 5552 487 5620 lnge,
520 5549 615 5602 καὶ
634 5548 710 5610 ὡς
727 5546 854 5609 Υἱὸς
885 5545 1173 5616 ἀνθρώπου
1189 5543 1495 5629 ἐρχόμενος.
1524 5541 1671 5595 Μ.-
1771 5544 2006 5598 codices.
2038 5543 2231 5596 Statim
2266 5542 2319 5595 in
2359 5542 2500 5598 [AX
2531 5544 2578 5598 le
2617 5546 2741 5609 itur,
2771 5544 2898 5623 ἄξω
2940 5544 3050 5614 γὰρ
3083 5542 3334 5612 εἰρήνην

24 5651 49 5688 ι
106 5619 251 5677 lul'ra
290 5622 449 5688 vulgo
477 5638 529 5674 τ.
563 5617 693 5671 Υίοῦ
726 5616 818 5670 τοῦ
855 5615 1142 5686 ἀνθρώπου
1169 5608 1273 5667 ὧοε
1304 5625 1357 5665 vt
1389 5612 1481 5666 ἐπὶ
1511 5609 1661 5682 ῶμου
1761 5611 2020 5682 ὲπίζτοὺς
2041 5611 2468 5692 ἄρχοντας,κώ
2493 5616 2572 5683 ὑγ
2593 5616 2926 5695 ειανμύτιρ,
2954 5614 3052 5668 καὶ
3072 5611 3326 5683 μεγάλη.

50 5731 55 5750 2
99 5687 224 5744 τοῦ.
256 5688 422 5745 Porro
463 5690 567 5757 Μμ.
610 5685 1129 5778 ἀντιλαμόάνεσθαι,
1177 5685 1297 5738 dein
1352 5681 1502 5735 ἔσται
1543 5684 1661 5737 loco
1765 5684 1830 5736 ol
1854 5681 1971 5752 μὲν
2000 5680 2085 5751 μὴ
2117 5697 2403 5751 προειναι.
2445 5685 2521 5738 lta
2553 5687 2696 5738 varie
2727 5685 2895 5738 tllustt
2936 5685 3180 5739 lntntatne
3220 5685 3331 5737 lra-

24 5745 61 5828 2,
103 5755 345 5816 bacam.
385 5760 513 5814 Dein
565 5760 723 5829 vulgo
755 5757 807 5811 δι
855 5748 917 5809 οὗ
952 5755 1088 5826 ὁμοῦ
1130 5766 1183 5811 et
1217 5752 1570 5826 ὡμολόγησαν
1608 5760 1661 5809 et
1759 5751 1981 5825 gilitati,
2012 5769 2108 5824 per
2135 5751 2371 5810 nefarios
2394 5770 2521 5811 suos
2558 5755 2908 5819 ennssarios,
2961 5753 3149 5808 Satan.
3201 5752 3334 5823 Ἔγ-

23 5869 61 5916 ¹!
432 5854 699 5915 tunm„
746 5853 861 5913 Gn.
912 5850 1142 5913 xxtv.
1180 5885 1187 5892 ·
2943 5848 3044 5905 <irs
