3692 6134
103 331 211 389 'us

23 3974 49 4522 “·ᾙ“ϋ--

23 4843 65 5176 'quw-

1239 321 1522 382 CONTRA
1558 321 1989 380 maenum
2031 322 2162 381 Lm.
2204 323 2245 379 i.

3244 333 3356 391 'm

114 475 131 507 ι
171 470 270 514 την
324 450 565 524 Μηδείας
609 450 857 523 ἀνευρεῖν
897 449 1206 520 μάχαιραν,
1262 447 1354 503 καὶ
1403 447 1539 519 αὐτῇ
1590 464 1687 501 τυ-
1718 451 1763 506 A
1796 465 1816 497 ι
1859 456 2064 502 terram
2090 461 2325 512 eruens,
2359 446 2509 502 illum
2539 446 2856 504 Medesnum
2882 449 3192 523 detegebat,
3249 470 3361 527 qno

111 553 138 599 t·
178 545 358 619 θῆναι.

191 656 208 688 ι
246 636 308 689 Τί
356 634 412 689 δὲ
443 633 524 697 τὸ,
552 633 723 697 Ἅλις
767 629 966 701 δρυὸς,
1002 630 1287 701 σημαίνει;
1316 628 1448 700 φησί
1486 644 1590 692 τις·
1625 629 1685 681 οὐ

120 743 140 778 ι
179 724 290 797 γὰρ
322 725 546 780 δυνατὸν
576 726 642 779 ὲκ
660 722 756 777 τοῦ
780 722 1068 795 προχείρου
1089 719 1412 792 γιγνώσκειν
1427 720 1526 793 την
1547 736 1687 788 παρ-

122 835 143 869 ι
179 818 383 890 οιμίαν.
414 818 476 870 Oi
511 815 751 881 παλαιοὶ,
780 815 856 880 ὡς
881 815 1111 885 ἔφασαν,
1149 813 1256 886 πρὸ
1285 812 1385 884 τῆς
1418 812 1512 865 τοῦ
1541 812 1687 865 σίτου

124 928 143 962 ι
181 908 477 981 γεωργίας,
527 906 1056 979 βαλανηφαγοῦντες,
1091 904 1301 976 ἐπειδὴ.
1330 904 1407 968 ὡς
1436 903 1624 975 ᾤοντο,
1660 904 1689 955 ό

122 1020 143 1055 ι
182 1002 393 1074 καρπὸς
417 993 573 1065 οὗτος
602 1000 828 1074 ὕστερον
858 998 1078 1072 εὑρέθη,
1114 998 1306 1069 ἐκείνῳ
1331 995 1689 1069 προσέχοντες

123 1111 143 1146 ι
181 1092 272 1146 τὸν
315 1092 438 1146 νοῦν
478 1092 571 1146 καὶ
609 1095 676 1165 τῇ
727 1091 996 1164 μεταόολῇ
1039 1088 1490 1162 προσχαίροντες,
1527 1087 1690 1150 Ἅλις

123 1200 145 1235 ι
182 1182 384 1253 δρυὸς,
420 1183 628 1253 ἔλεγον.
672 1185 782 1238 Καὶ
813 1182 971 1237 τοῦτο
1010 1181 1108 1253 τὴν
1154 1177 1452 1251 παροιμίαν
1484 1177 1689 1247 ἔφασαν

121 1291 145 1327 s
177 1270 335 1330 εἶναι.
373 1270 539 1339 Αὖθίς
582 1291 643 1328 τε
687 1274 879 1346 ἑτέρας
918 1271 1247 1344 παροιμίας,
1291 1269 1397 1323 ὑπὸ
1425 1267 1690 1322 πλείστων

119 1385 143 1421 s
179 1366 287 1422 τῶν
317 1368 445 1442 παρ’
476 1368 661 1432 αὐτοῖς
689 1367 866 1437 σοφῶν
898 1369 958 1421 ὲν
986 1365 1259 1428 πλείστοις
1289 1363 1385 1417 καὶ
1413 1362 1691 1433 διαφόροις

117 1474 144 1510 s
178 1456 403 1529 βιδλίοις
443 1458 758 1531 εἰρημένης,
795 1458 916 1512 τίνα
966 1457 1095 1529 περὶ
1134 1454 1302 1527 αὐτῆς
1330 1453 1687 1525 γεγράφασιν,

120 1567 144 1603 s
176 1549 228 1603 οί
267 1550 368 1615 τὰς
401 1550 700 1622 παροιμίας
746 1548 1076 1623 ἑρμηνεῦσαι
1119 1546 1489 1621 προελόμενοι,
1526 1546 1692 1612 ἀναγ-

118 1660 141 1694 s
181 1645 334 1697 καῖον
376 1642 490 1715 (88)
535 1644 594 1696 ἐν
638 1641 716 1714 τῷ
756 1642 979 1715 παρόντι
1015 1640 1399 1714 μνημονεῦσαι.
1443 1638 1580 1691 Ἀλλ’
1625 1638 1690 1691 ἶν’

116 1751 141 1787 s
174 1734 482 1806 ὲλέγξωμεν
521 1735 816 1806 Ἀστέριον,
866 1736 960 1790 καὶ
990 1734 1097 1788 ἀπὸ
1141 1733 1250 1788 τῶν
1293 1731 1491 1798 ἔξωθεν
1530 1731 1692 1785 αὐτὸν

118 1844 140 1879 ι
185 1827 523 1900 μαθημάτων
555 1828 731 1882 εἰδότα
769 1828 866 1900 μὲν
907 1826 1151 1900 ἀκριὸῶς
1176 1828 1238 1880 τὸ
1268 1828 1368 1897 τῆς
1396 1824 1693 1897 παροιμίας

117 1935 140 1972 e
176 1919 470 1993 ἐξαίρετον,
493 1922 550 1977 ὲν
571 1921 628 1975 δὲ
647 1920 724 1992 τῷ
746 1921 972 1991 παρόντι
999 1920 1222 1988 ἄγνοιαν
1237 1915 1692 1991 προσποιηθέντα,

119 2028 143 2064 s
180 2011 269 2067 ἵνα
305 2011 367 2065 τὸ
412 2010 604 2065 ἑαυτοῦ
642 2010 888 2082 βούλημα
921 2009 1011 2064 διὰ
1037 2010 1136 2080 τῆς
1167 2007 1261 2062 τοῦ
1294 2004 1694 2080 παροιμιὼδους

120 2122 140 2157 ι
180 2104 344 2177 ῥητοῦ
384 2106 630 2176 χρήσεως
656 2103 895 2166 πιθανῶς
917 2097 1347 2163 κατασκευάζειν
1369 2098 1516 2172 δόξῃ.
1539 2098 1694 2151 Ἐστι

120 2206 142 2241 ι
179 2188 258 2257 δὲ,
292 2191 577 2244 Γλαύκου
607 2189 812 2259 τέχνη·
835 2188 1038 2260 ταύτης
1074 2190 1122 2242 oi
1154 2185 1353 2252 ἔξωθεν
1397 2188 1552 2257 σοφοὶ
1595 2186 1694 2257 τῆς

121 2301 142 2335 ι
181 2283 477 2354 παροιμίας
508 2282 982 2356 μνημονεύσαντες
1004 2282 1276 2353 διαφόρως
1306 2279 1474 2351 αὐτὴν
1499 2277 1696 2351 ἐξηγή-

122 2394 143 2428 r
181 2390 359 2428 σαντο.
407 2375 466 2429 ‘0
502 2375 602 2446 μὲν
644 2373 753 2447 γὰρ
788 2373 967 2428 αὐτῶν
1007 2390 1091 2437 τις
1124 2372 1226 2443 ἔφη
1249 2412 1262 2435 ,
1305 2368 1547 2424 Γλαῦκόν
1574 2386 1694 2424 τινα

122 2484 143 2519 ι
183 2466 521 2537 ἐπιστήμονα
552 2466 748 2537 τέχνης
777 2464 920 2528 τινὸς
961 2463 1241 2533 γεγονότα,
1282 2460 1492 2516 πολλῶν
1527 2457 1694 2515 οὖσαν

123 2577 143 2609 ι
180 2558 658 2629 θαυμασιωτάτην,
691 2556 984 2612 ἀπολέσθαι
1021 2558 1137 2627 ἅμα
1156 2553 1295 2625 (88·)
1324 2552 1518 2625 ἐκείνῳ
1556 2554 1694 2607 κατὰ

124 2669 143 2701 ι
183 2649 473 2717 θάλατταν,
506 2650 730 2723 μηδενός
759 2667 845 2703 πω
866 2648 1217 2721 διακηκοότος
1248 2646 1438 2717 αὐτῆς.
1470 2646 1694 2717 ’Έτερος

121 2759 145 2793 e
181 2741 258 2806 δὲ,
290 2742 387 2814 τὴν
412 2744 497 2796 ἐπ’
524 2744 692 2815 ἄκρον
727 2740 994 2813 μουσικῆς
1024 2739 1314 2812 ἐμπειρίαν
1338 2738 1693 2810 μαρτυρήσας

120 2849 143 2883 ι
179 2831 257 2903 τῷ
305 2832 559 2903 Γλαύκῳ,
613 2832 741 2894 τοὺς
794 2828 1336 2892 κατασκέυασθέντας
1383 2827 1477 2881 ὑπ’
1526 2826 1690 2880 αὑτοῦ

121 2939 144 2976 e
185 2921 400 2986 δίσκους
444 2919 674 2993 χαλκοῦς
717 2936 848 2990 φησι
893 2918 1184 2989 τέσσαρας,
1214 2916 1348 2989 πρὸς
1371 2916 1432 2969 τὸ
1478 2914 1690 2986 ἐμμελῆ

118 3029 145 3066 s
182 3030 304 3068 τινα
334 3014 433 3084 τῆς
479 3012 753 3085 κρούσεως
796 3011 895 3083 τὴν
932 3009 1249 3081 συμφωνίαν
1290 3008 1399 3062 τῶν
1441 3008 1692 3077 φθόγγων

117 3122 143 3160 s
182 3106 491 3161 ἀποτελεῖν·
530 3104 680 3159 ἔνθεν
712 3122 771 3158 τε
806 3102 1054 3175 είρῆσθαι
1082 3102 1181 3173 τὴν
1213 3099 1534 3172 παροιμίαν.
1562 3098 1690 3152 Ἀλ-
1719 3135 1759 3191 C

120 3213 142 3250 s
179 3196 272 3261 λος
316 3195 375 3251 δέ
415 3215 499 3262 τις
550 3196 915 3251 ’Δλυαττικῶν
963 3193 1321 3264 ἀναθεμάτων
1359 3191 1521 3263 φησὶν
1561 3193 1690 3247 ἀνα-

118 3307 144 3342 s
182 3286 394 3342 κεῖσθαι
439 3287 694 3360 κρατῆρα
739 3289 836 3343 καὶ
892 3286 1296 3358 ύποκρατήριον
1351 3282 1649 3354 θαυμάσιον
1671 3324 1688 3351 ,

123 3399 146 3433 ι
188 3377 429 3445 Γλαύκου
462 3377 595 3432 Χίου
623 3376 854 3449 ποίημα.
898 3377 1126 3448 Ἕτερος
1151 3375 1230 3441 δὲ,
1261 3372 1501 3429 Γλαῦκον
1527 3373 1690 3428 αὑτὸν

122 3490 149 3526 s
184 3472 459 3527 ἀναθεῖναι
483 3472 563 3535 είς
603 3470 838 3540 Δελφοὺς
860 3469 1093 3541 τρίποδα
1129 3466 1386 3540 χαλκοῦν,
1417 3464 1562 3521 οὕτω
1591 3466 1688 3538 δη-

124 3584 147 3621 e
186 3566 590 3639 μιουργήσαντα
630 3565 744 3627 τοῖς
784 3561 1003 3634 παχέως
1045 3577 1105 3615 τε
1170 3558 1532 3632 κρουομένου,
1565 3559 1693 3623 τούς

124 3678 147 3712 ι
183 3673 244 3712 τε
272 3656 456 3722 πόδας,
502 3655 588 3727 ἐφ’
634 3647 714 3709 ὧν
745 3653 966 3727 βέδηκε,
1024 3653 1120 3709 καὶ
1161 3653 1255 3707 τδν
1295 3651 1410 3708 ἄνω
1447 3650 1693 3726 περικεί-

125 3768 148 3802 ι
187 3766 364 3822 μενον,
396 3749 490 3804 καὶ
519 3749 620 3821 τὴν
647 3746 914 3820 στεφάνην
952 3746 1051 3819 τὴν
1077 3746 1171 3802 ἐπὶ
1203 3745 1299 3801 τοῦ
1323 3744 1567 3818 λέδητος,
1594 3745 1690 3801 καὶ

124 3861 148 3897 ε
181 3841 282 3906 τὰς
331 3840 555 3914 ράὀδους
593 3840 682 3895 διὰ
727 3840 893 3912 μέσου
938 3837 1304 3910 τεταγμένας,
1357 3835 1688 3907 φθέγγεσθαι

124 3951 148 3987 s
182 3932 349 4006 λύρας
380 3935 550 4003 φωνῇ.
584 3932 693 3986 Καὶ
720 3926 875 3995 αὗθις
904 3931 1110 4003 ἔτερος,
1139 3928 1248 3983 ἀπὸ
1275 3926 1516 3982 Γλαύκου
1545 3928 1688 3993 τινὸς

122 4044 149 4080 s
187 4024 434 4093 δόξαντός
473 4044 526 4079 τι
560 4023 719 4078 πλέον
750 4022 1103 4096 πεποιηκέναι
1125 4020 1378 4094 εἰρῆσθαι
1417 4020 1516 4092 τὴν
1548 4038 1688 4092 παρ-

124 4135 149 4171 s
185 4118 390 4190 οιμίαν.

199 4433 219 4468 ι
263 4414 423 4487 Ὁρᾷς
443 4413 575 4485 (89),
606 4414 752 4478 ὅπως
779 4413 841 4468 τὸ
865 4412 1121 4486 δυσχερὲς
1146 4412 1248 4484 τῆς
1271 4416 1566 4485 παροιμίας
1595 4416 1689 4468 καὶ

1795 557 1814 591 ι
1851 537 2255 595 immolabatur.

1863 647 1885 682 ι
1916 629 1988 684 At
2024 629 2153 698 quid
2175 628 2279 685 hoc
2310 628 2410 685 sibi
2441 629 2576 696 vult,
2599 629 2807 701 inquiet
2826 632 3046 703 aliquis,
3071 631 3360 706 Deqnerett

1795 740 1813 771 ι
1852 720 2022 776 satis?
2039 719 2155 775 Nou
2183 729 2269 776 est
2297 720 2457 778 facile
2477 722 2648 777 cuivis
2668 724 2862 780 obvius
2888 723 3115 794 hujusce
3140 741 3360 798 prover·

1795 831 1813 862 ‹
1857 811 1949 874 bii.
1978 826 2189 868 sensus.
2225 810 2397 868 Prisci
2438 812 2514 868 illi
2562 815 2853 883 quondam,
2903 826 3030 874 ante
3060 813 3358 891 agricultu-

1799 919 1816 951 ι
1866 916 1980 955 ram
2033 900 2404 969 adinventam,
2434 902 2722 975 glandibus
2767 908 3144 967 vescebantur.
3195 910 3357 968 Post-

1796 1011 1814 1043 «
1857 1008 2018 1061 quam
2069 1008 2201 1049 vero
2247 992 2431 1066 fruges
2502 996 2752 1068 deinceps
2816 1001 3085 1070 prodiere,
3118 1004 3358 1062 animum

1798 1103 1817 1135 ι
1866 1083 2015 1139 hisce
2071 1085 2406 1155 applicantes
2458 1085 2712 1143 dixerunt
2760 1089 3043 1158 oblectati,
3078 1092 3155 1151 De
3200 1111 3360 1166 quer-

1797 1198 1814 1226 «
1859 1192 1924 1230 cu
1950 1178 2100 1230 satis.
2153 1178 2331 1248 Atque
2392 1179 2534 1234 hanc
2584 1194 2706 1236 esse
2757 1191 2991 1237 mentem
3037 1194 3095 1241 et
3141 1199 3361 1245 senten·

1797 1284 1815 1315 ι
1857 1267 1988 1319 tiam
2054 1269 2325 1338 proverbii
2394 1269 2700 1340 prodidere.
2773 1270 3007 1330 Necesse
3069 1289 3248 1336 autem
3304 1283 3363 1339 iu

1798 1376 1817 1408 ι
1856 1360 2103 1427 praeseuti
2159 1360 2460 1427 habemus,
2529 1362 2756 1419 alterius
2814 1363 3090 1434 cuiusdam
3141 1386 3365 1441 prover-

1797 1469 1815 1502 e
1856 1452 1926 1506 bii
1981 1452 2307 1508 mentionem
2351 1454 2532 1509 [acere
2562 1495 2581 1522 ,
2625 1458 2770 1526 quod
2826 1459 2880 1513 iu
2942 1459 3131 1519 multis
3185 1474 3243 1521 et
3289 1465 3366 1521 di-

1802 1560 1820 1593 «
1859 1545 2030 1601 versis
2057 1546 2376 1602 auctoribus
2421 1546 2628 1604 Graecis
2681 1550 3019 1610 babeturtet
3043 1553 3175 1626 qnid
3199 1559 3365 1617 etiam

1800 1654 1818 1685 ι
1858 1636 1924 1691 de
1984 1636 2174 1693 eodem
2249 1639 2323 1693 illi
2392 1643 2673 1696 memoriae
2730 1646 3040 1713 prodidere.
3106 1647 3225 1707 Non
3294 1653 3368 1711 ob

1800 1744 1818 1777 ι
1858 1726 2017 1782 aliam
2043 1744 2284 1792 causam,
2319 1747 2480 1801 quam
2528 1744 2588 1787 ut
2635 1734 2910 1792 Asterium
2941 1740 3254 1800 convictum
3283 1753 3368 1802 te·

1800 1836 1821 1870 ι
1860 1833 2084 1875 neamus
2112 1838 2128 1875 ε
2155 1822 2268 1892 qui,
2300 1837 2444 1890 cum,
2491 1839 2599 1894 qua
2630 1836 2713 1881 est
2756 1828 3063 1887 eruditione
3103 1833 3367 1903 praeditus

1802 1930 1822 1962 ι
1857 1912 2127 1979 saeculari,
2152 1915 2508 1984 proverbialis
2525 1921 2810 1975 sententiae
2835 1926 3204 1990 praestantiam
3235 1942 3364 1988 cum

1801 2020 1821 2052 ι
1860 2003 2051 2072 primis
2078 2002 2366 2073 intelligat,
2396 2006 2449 2059 in
2485 2011 2738 2076 praesenti
2772 2021 2953 2067 tamen
2988 2016 3132 2074 illius
3164 2033 3276 2090 prm
3303 2037 3365 2078 se

1803 2108 1822 2142 «
1862 2091 1969 2147 fert
1999 2092 2396 2163 ignorantiam,
2444 2103 2503 2147 ut
2532 2109 2629 2165 per
2658 2099 2785 2154 dicti
2822 2100 2965 2157 illius
3008 2109 3367 2175 proverbialis

1803 2201 1821 2234 ι
1861 2197 2015 2237 usum
2042 2198 2198 2238 suam
2232 2182 2406 2252 ipsius
2428 2185 2761 2242 voluntatem
2800 2200 2857 2245 et
2877 2195 3204 2253 sententiam
3239 2213 3364 2269 pro-

1802 2294 1820 2325 «
1863 2274 2113 2331 habiliter
2138 2282 2388 2331 astruere
2407 2276 2677 2333 videatur.
2704 2278 2803 2336 Est
2827 2294 3007 2341 auten
3030 2286 3182 2356 illud,
3197 2288 3365 2348 Glau-

1803 2385 1821 2417 ‹
1858 2366 1906 2420 ci
1928 2383 2020 2421 ars
2043 2407 2059 2433 ,
2089 2366 2243 2435 cuius
2269 2381 2395 2423 cum
2422 2371 2770 2427 meminerint
2802 2375 3002 2434 eruditi
3045 2381 3190 2451 apud
3215 2381 3365 2442 Grn-

1802 2476 1821 2508 ‹
1856 2471 1951 2513 cos
1992 2457 2147 2513 multi
2172 2497 2189 2523 ,
2230 2459 2477 2515 diversas
2507 2461 2813 2520 retulerunt
2862 2466 3359 2541 interpretationes.

1803 2568 1821 2599 ‹
1863 2555 1922 2614 ›1‹
1950 2548 2052 2605 Est
2086 2552 2232 2606 enim
2255 2552 2347 2620 qui
2396 2552 2573 2619 docet,
2600 2553 2870 2616 Glaucum
2900 2560 3181 2622 exstitisse
3211 2538 3359 2626 ¹nrtis

1801 2657 1820 2691 «
1857 2638 2136 2709 cujusdam
2164 2640 2404 2698 maxime
2436 2644 2677 2700 omnium
2722 2647 3058 2709 admiranda
3090 2656 3361 2726 peritissi-

1801 2750 1819 2781 ‹
1860 2746 2025 2799 mum,
2053 2747 2155 2787 una
2178 2748 2298 2789 cum
2327 2742 2446 2789 arte
2481 2752 2578 2792 sua
2609 2737 2918 2808 interiisse,
2945 2744 3086 2802 mari
3109 2747 3363 2808 submer-

1799 2843 1818 2875 ι
1856 2838 1972 2879 sum
1998 2864 2013 2888 ,
2042 2824 2173 2879 nulli
2200 2840 2425 2896 prorsus
2453 2828 2729 2899 impertita
2753 2830 2998 2903 eiusdem
3029 2839 3359 2911 cognitione.

1801 2936 1820 2968 ι
1852 2916 2005 2973 Alius
2026 2918 2413 2987 peritissimum
2442 2919 2678 2977 musices
2709 2922 2984 2981 exstitisse
3012 2926 3198 2997 docet,
3217 2936 3362 2992 stab

1800 3029 1818 3061 ‹
1859 3024 1924 3066 eo
1962 3010 2142 3065 discos
2194 3023 2366 3068 aereos
2390 3021 2628 3082 quatuor
2650 3011 2859 3072 affabre
2890 3022 3244 3093 compositos,
3301 3036 3364 3082 ut

1799 3120 1818 3153 ι
1859 3102 2053 3173 pulsati
2106 3101 2398 3172 quamdam
2448 3103 2825 3176 symphoniam
2879 3123 3014 3167 sono
3073 3128 3365 3175 numerose

1799 3212 1817 3245 ι
1855 3194 2122 3256 ederent:
2182 3201 2350 3266 atque
2415 3196 2541 3253 hinc
2611 3199 2955 3269 proverbium
3018 3217 3357 3278 usurpatum.

1798 3305 1819 3340 ι
1857 3282 2077 3342 Tertius
2101 3324 2119 3350 ,
2175 3287 2319 3343 inter
2387 3287 2531 3344 dona
2591 3286 2865 3362 Halyattis
2935 3292 3072 3366 Lydi
3136 3297 3362 3373 Delphis

1799 3395 1818 3429 ι
1857 3377 2100 3434 oblatum
2125 3418 2140 3443 ,
2185 3385 2243 3434 et
2280 3378 2518 3435 mirandi
2559 3383 2741 3452 operis
2795 3384 3113 3444 suberatera
3167 3405 3357 3461 quem-

1799 3487 1819 3522 «
1855 3470 2001 3536 dam,
2067 3467 2256 3527 Glauci
2323 3469 2445 3527 Chii
2527 3487 2686 3543 opus.
2746 3475 2988 3545 Quartus
3011 3518 3029 3545 ,
3090 3480 3354 3542 Glaucum

1800 3578 1819 3612 ι
1856 3561 2031 3631 ipsum
2070 3561 2290 3633 Delphis
2320 3563 2586 3624 obtulisse
2610 3577 2803 3623 narrat
2824 3584 3032 3628 aeneam
3062 3573 3353 3646 tripodem,

1799 3670 1818 3704 ι
1857 3652 1932 3708 ita
1956 3652 2308 3711 fabrefactam
2330 3696 2348 3723 ,
2386 3665 2445 3712 ιιι
2486 3657 2660 3730 siquis
2695 3662 3023 3721 crassiorem
3051 3666 3106 3722 iu
3136 3669 3355 3728 modum

1795 3763 1815 3795 ι
1848 3745 2094 3801 eamdem
2143 3747 2404 3816 pulsaret,
2443 3749 2529 3805 vel
2580 3753 2749 3821 pedes
2779 3754 2832 3810 in
2885 3756 3084 3826 quibus
3133 3763 3354 3835 stabat,

1795 3857 1814 3890 t
1849 3838 1932 3894 vel
1954 3839 2097 3909 quod
2138 3855 2351 3897 sursum
2401 3854 2524 3899 erat
2560 3846 2962 3917 redimiculum,
2989 3851 3077 3909 vel
3100 3870 3356 3915 mrousm

1794 3931 2007 3987 «lebeti
2041 3932 2512 4000 circumductam,
2563 3947 2660 3992 aut
2705 3938 2948 4012 virgulas
2996 3949 3356 4017 permediutu

1794 4040 1815 4074 ι
1849 4037 1972 4080 sese
2009 4024 2408 4094 distendentes,
2462 4027 2593 4101 lyrae
2668 4047 2859 4089 sonum
2915 4049 3355 4107 reprmentaret.

1792 4130 1815 4164 ι
1851 4113 2005 4170 Alius
2033 4125 2308 4185 postremo
2340 4120 2688 4188 proverbium
2713 4123 2993 4181 existimat
3027 4132 3302 4202 usurpari,
3323 4149 3356 4188 a

1794 4221 1811 4252 ι
1846 4201 2055 4258 Glauco
2097 4205 2331 4274 quodam
2369 4207 2696 4276 deductum,
2728 4211 2820 4280 qul
2870 4211 3103 4268 scientia
3128 4224 3358 4277 ceteros

1793 4312 1811 4344 ‹
1848 4295 2227 4352 antecellebat.

1866 4426 1884 4459 ι
1929 4408 2132 4464 Videtis
2157 4420 2334 4464 autem
2369 4414 2780 4480 proverbiorum
2806 4415 3178 4476 dificultatem
3198 4420 3354 4478 exin·

119 4526 146 4562 s
177 4505 267 4561 διὰ
295 4506 485 4561 τούτου
526 4506 827 4570 δείκνυται,
856 4504 945 4560 διὰ
970 4503 1065 4558 τοῦ
1103 4504 1237 4576 μηδὲ
1278 4504 1372 4558 ἐπὶ
1396 4504 1495 4576 τῆς
1523 4504 1690 4577 αὐτῆς
1720 4494 1763 4549 D
1796 4516 1816 4549 t
1854 4497 1923 4553 de
1953 4497 2089 4553 satis
2117 4498 2366 4568 patefieri
2396 4539 2411 4563 ,
2455 4503 2598 4571 quod
2644 4519 2986 4575 nequaquam
3031 4508 3357 4581 interpretes

120 4617 147 4654 s
187 4600 477 4672 ἑρμηνείας
503 4599 692 4669 στῆναι
733 4598 859 4661 τοὺς
894 4596 990 4666 τὴν
1037 4596 1333 4667 παροιμίαν
1368 4597 1569 4667 ταύτην
1603 4599 1689 4666 ἐξ·

114 4709 147 4746 e
166 4689 471 4763 ηγησασθαι
492 4687 863 4760 βουληθέντας.
877 4685 1032 4739 Οὕτω
1046 4684 1374 4757 δυσεύρητόν
1386 4701 1439 4738 τι
1459 4686 1689 4756 πρᾶγμα

116 4800 145 4838 e
181 4780 247 4836 τὸ
268 4781 367 4851 τῆς
389 4779 685 4851 παροιμίας
708 4778 802 4831 καὶ
825 4775 972 4847 παρὰ
998 4776 1110 4835 τοῖς
1142 4772 1338 4839 ἔξωθεν
1358 4768 1683 4829 εἶναιδοκεῖ.

114 4893 141 4930 s
183 4872 277 4929 Διὸ
299 4872 392 4927 καί
415 4889 498 4935 τις
523 4870 631 4925 τῶν
659 4869 790 4940 παρ’
814 4868 996 4931 αὐτοῖς
1023 4864 1221 4936 σοφῶν,
1251 4865 1568 4937 συναγαγὼν
1592 4867 1690 4931 τὰς

189 5051 253 5113 »Ῑι
282 5039 383 5098 Ed.
418 5036 614 5102 Paris,
647 5050 766 5105 pag.
792 5032 875 5088 ¹6.

23 5198 422 5268 ⁶,0rttditum3
467 5204 616 5251 recte
645 5201 800 5250 :erat
843 5194 989 5248 enim
1035 5192 1276 5275 sophista
1317 5192 1674 5262 professione,

24 5281 167 5334 νει
199 5279 330 5326 ante
371 5265 861 5327 Christianismum,
889 5264 1068 5317 ludum
1105 5278 1155 5315 m
1175 5262 1508 5333 Cappadocia
1547 5276 1678 5331 ape·

26 5335 321 5404 fluerat.
352 5335 511 5392 M.-
531 5335 723 5391 Addidi
752 5348 818 5389 ex
847 5334 1004 5390 codd.
1041 5333 1115 5403 μά
1153 5348 1334 5405 αιραν,
1357 5334 1496 5387 uude
1520 5347 1679 5399 supra

23 5411 43 5466 i
66 5409 233 5485 Ξυγ.
248 5409 358 5484 γάρ
374 5408 492 5464 loco
511 5405 646 5479 φασὶ
664 5404 774 5479 γάρ
788 5403 1001 5477 scripsi,
1017 5414 1072 5457 et
1085 5420 1114 5455 τ
1173 5413 1294 5457 aute
1317 5401 1481 5457 τέκνα
1496 5416 1680 5458 arces-

164 5497 197 5537 v

23 5475 245 5542 fluit.

24 5551 109 5610 d

208 5547 300 5622 88)
337 5549 508 5620 Vulgo
556 5546 873 5618 ἀναγκαίως
925 5553 981 5599 et
1029 5559 1153 5600 mox
1198 5560 1437 5618 παρασκ.
1492 5554 1677 5599 contra

222 5625 275 5676 d.
309 5621 582 5676 Posterius
602 5622 708 5675 iam
735 5619 843 5689 Mp.
883 5632 1028 5672 corr.

23 5685 115 5754 ὶί
185 5690 327 5764 (w)
359 5690 467 5760 Hp.
514 5707 608 5761 γρ.
657 5689 862 5760 εκείνη.
909 5685 1030 5740 Mox
1057 5683 1219 5756 vulgo
1242 5700 1345 5738 που
1371 5682 1680 5738 διαδεδωκό-

257 5771 445 5815 coutra
498 5760 656 5815 codd.
711 5760 803 5829 qui
839 5774 923 5810 πω
948 5756 1096 5811 διακ.
1125 5758 1272 5810 dant.
1324 5753 1489 5810 Porro
1543 5758 1680 5809 malc

82 5831 278 5908 &algo
297 5829 508 5903 ἀκρῶν,
528 5832 670 5900 quod
688 5844 756 5885 ex
786 5830 908 5885 cod.
938 5826 1176 5896 correxi,
1197 5840 1264 5884 ex
1283 5838 1390 5896 quo
1411 5825 1530 5881 dein
1551 5824 1681 5896 χαλ-

402 5951 670 6008 mrem..
703 5949 818 6007 Gn.
855 5946 901 6004 Χ
922 5943 1001 6002 xt
1020 5942 1082 6005 l'.
1124 5949 1137 5974 ‘

1798 4608 1817 4642 «
1861 4589 2020 4659 hujus
2046 4592 2204 4647 unius
2227 4594 2500 4662 proverbii
2535 4595 2678 4649 inter
2719 4612 2779 4652 se
2820 4598 2872 4651 iu
2902 4599 3091 4656 eadem
3135 4606 3358 4675 exposi-

1798 4701 1816 4733 ‹
1859 4683 2011 4738 tione
2044 4685 2405 4740 consentiant.
2438 4684 2588 4741 Adeo
2625 4702 2711 4741 res
2737 4701 2854 4742 erat
2879 4689 2966 4745 illa
3002 4691 3359 4753 inextricabi-

1798 4797 1816 4829 ι
1854 4776 1922 4832 lis
1951 4777 2133 4834 habita
2160 4779 2302 4849 apud
2332 4791 2570 4835 exteros.
2599 4779 2865 4847 Quocirca
2903 4787 3044 4841 inter
3080 4803 3175 4844 eos
3213 4805 3355 4847 unus

1798 4890 1817 4925 ι
1858 4873 2124 4944 sapientia
2159 4884 2212 4930 et
2235 4873 2539 4931 eruditione
2566 4886 2855 4945 praestaus,
2896 4881 2949 4933 in
2989 4883 3354 4939 utienucolle·

1782 5187 1914 5314 ιδιοοῦς
1943 5204 2041 5259 pro
2069 5187 2266 5261 χαλκοῦ
2294 5198 2348 5243 et
2377 5189 2513 5262 πρός
2557 5206 2655 5261 pro
2687 5189 2793 5260 πρό
2820 5199 2874 5247 et
2909 5206 2963 5245 ττ
2994 5206 3093 5265 pro
3123 5210 3208 5259 τις
3233 5205 3351 5265 posi

1844 5259 1972 5400 e(⁶89)
2006 5328 2190 5411 Ὁρᾷς,
2211 5330 2371 5397 ὅπως
2387 5329 2786 5414 τὸδυσχερές.
2817 5329 2940 5388 llaee
2956 5334 3024 5389 de
3038 5334 3352 5397 difficultate

1787 5399 2204 5456 Proverbu»rum
2232 5417 2264 5455 a
2290 5417 2376 5455 me
2399 5401 2531 5457 olun
2587 5415 2806 5471 accepta
2837 5405 2923 5457 vir
2958 5404 3143 5462 multis
3177 5410 3353 5466 unmi—

1776 5471 1949 5528 'nibus
1993 5470 2348 5534 clarissimus,
2378 5468 2622 5527 Andreas
2670 5471 2952 5540 Schottus,
2985 5473 3213 5533 inseruit
3238 5492 3353 5535 sua

1783 5539 2120 5611 praelationi,
2153 5548 2280 5596 ante
2325 5539 2619 5596 Proverbia
2648 5540 2892 5608 zenobii,
2930 5542 3269 5614 Diogentuni,
3293 5560 3353 5606 et

1783 5611 2036 5666 aliorum.
2065 5609 2204 5666 Sunt
2251 5620 2431 5666 autem
2488 5610 2589 5665 ista
2618 5613 2822 5675 omnia,
2852 5628 2958 5667 uon
2986 5612 3223 5680 Eusebii,
3257 5621 3351 5675 sed

1784 5679 2026 5763 Marcelli
2075 5681 2146 5763 ab
2178 5679 2410 5736 Eusebio
2454 5682 2671 5752 quidem
2700 5682 2863 5735 relata
2890 5694 3169 5739 :erratum
3207 5699 3290 5743 est
3317 5706 3355 5744 ι

1785 5764 1892 5833 me,
1913 5766 2001 5821 qur
2025 5750 2100 5803 itu
2120 5751 2325 5834 optimo
2355 5752 2472 5805 viro
2498 5751 2744 5808 miserim
2772 5762 2841 5805 ut.
2858 5752 3294 5807 &maium-R
3311 5776 3390 5795 -—

1785 5822 1918 5876 Dein
1954 5822 2114 5895 vulgo
2135 5820 2230 5877 διὸ.
2253 5837 2343 5879 το.

3095 5921 3202 5979 Ὧι
