3692 6134
352 323 457 378 '135

1024 320 1294 380 Eusmstt
1334 319 1807 378 cAESARlENsts
1846 317 1998 376 091³.
2036 313 2220 375 PARS
2253 313 2348 372 Ν.
2383 343 2456 360 ·-
2491 309 2940 374 nocttATtCAJ

3549 309 3634 368 ¹156

353 438 463 492 ruit
507 437 800 505 miraculis,
831 447 950 495 erat
995 439 1136 494 lilius
1182 438 1349 501 Nave,
1376 439 1443 494 de
1468 439 1610 494 tribu
1638 436 1915 507 Ephraim,
1945 442 1995 499 Α
2020 433 2158 506 πρὸς
2189 434 2543 490 διδασκαλίαν
2573 435 2676 507 τῆς
2711 434 2978 492 ἀνωτάτω
3031 428 3390 499 Θεολογταςς
3423 427 3534 482 Καὶ
3561 415 3633 481 ἐπὶ

356 542 477 596 quae
510 527 682 584 tribus
710 545 833 586 cum
886 530 1188 586 sacerdotio
1225 530 1359 584 nihil
1398 530 1587 585 habuit
1616 539 1921 585 commune.
2021 525 2117 580 τοῦ
2157 524 2365 597 Πέτρου
2413 525 2472 579 δὲ
2501 525 2764 591 ὠσαύυως
2819 521 3142 594 ἐπιστῆσαι.
3199 521 3340 576 δέον
3385 520 3470 584 το,
3515 520 3633 582 ὅπως

357 617 648 684 Quocirca,
684 619 775 686 qui
828 618 880 673 in
931 633 1065 674 voce
1098 627 1205 672 tam
1233 618 1405 672 cuivis
1435 618 1595 674 obvia
1627 617 1923 680 aberravit,

356 718 414 764 et
440 709 636 769 nudam
666 709 936 781 ignoravit
972 710 1225 766 Historiae
1268 710 1490 775 seriem,
1536 725 1643 765 non
1682 719 1856 779 potest
1876 710 1925 764 ei

359 806 475 854 tuto
518 801 653 856 satis
689 801 821 856 fides
856 800 1103 856 adhiberi
1142 801 1194 854 in
1220 799 1379 856 rebus
1406 799 1746 870 theologicis,
1774 798 1930 854 etdi-

359 888 536 945 vinam
560 891 989 962 pertingentibus
1012 892 1396 961 cognitionem.
1440 890 1708 946 Debemus
1747 899 1927 946 autem

359 981 495 1038 etin
527 981 689 1038 Petro
729 984 980 1038 insistere
1002 1023 1019 1049 ,
1053 981 1506 1053 quemadmodum
1553 983 1621 1037 ad
1656 981 1803 1037 illum
1846 982 1932 1038 di-

361 1081 509 1127 ctum
531 1072 625 1140 sit,
659 1072 803 1129 vade
818 1085 932 1141 post
955 1091 1067 1141 me,
1098 1088 1327 1144 quaeque
1353 1073 1589 1130 nominis
1618 1073 1784 1141 illius,
1820 1073 1930 1130 Sa-

362 1172 525 1230 tanoe,
568 1165 642 1222 sit
671 1165 1067 1235 interpretatio.
1110 1166 1341 1235 Propter
1387 1166 1516 1236 quid
1552 1165 1719 1221 etiam
1750 1167 1817 1220 de
1842 1164 1934 1221 illo

363 1253 562 1311 dictum
586 1256 678 1324 sit,
703 1255 953 1313 scandalo
984 1256 1116 1311 milti
1150 1273 1205 1311 es
1232 1264 1282 1312 et
1308 1256 1603 1326 offensioni.
1631 1255 1694 1309 Et
1717 1264 1935 1325 propter

362 1360 528 1416 quam
570 1348 781 1404 tandem
812 1348 1076 1404 rationem
1122 1348 1236 1414 ssat,
1270 1355 1330 1401 ut
1365 1345 1468 1401 sub
1494 1362 1601 1401 uno
1635 1352 1690 1402 et
1744 1343 1933 1399 eodem

364 1441 606 1506 tempore
631 1439 723 1493 uni
767 1447 821 1492 et
847 1437 1021 1492 eidem
1057 1437 1293 1499 dicatur,
1314 1434 1507 1489 Beatus
1537 1449 1593 1488 es
1632 1443 1714 1500 eu,
1748 1432 1934 1490 Simon

362 1523 599 1598 Bai-June
614 1546 636 1596 ,·
664 1538 743 1596 et,
770 1528 908 1584 Vade
937 1538 1053 1599 post
1084 1545 1188 1594 me,
1209 1526 1409 1583 Sanoua
1430 1526 1497 1581 ¹¹.
1518 1526 1655 1594 Quid
1668 1526 1938 1597 significet

362 1615 518 1685 illud,
554 1617 700 1676 Vade
732 1630 845 1689 post
874 1635 979 1687 me,
1026 1628 1083 1675 et
1114 1619 1258 1689 quod
1300 1618 1484 1673 statim
1526 1618 1803 1688 subjunxit
1826 1628 1882 1674 et
1904 1634 1935 1674 e

364 1711 597 1783 vestigio
628 1711 907 1780 Senator,
945 1711 1007 1766 sa·
1038 1713 1156 1782 quis
1204 1710 1321 1765 velit
1352 1721 1464 1780 post
1496 1725 1577 1764 me
1615 1710 1810 1775 venire,
1839 1710 1935 1763 ab·

2023 617 2216 689 ὲλέχθη
2249 616 2386 690 πρὸς
2414 617 2577 673 αὐτὸν
2607 618 2689 680 τὸ,
2727 619 2966 687 ’Υπαγε
3003 615 3230 669 ὀπίσω
3255 627 3420 682 μου·
3456 612 3542 664 καὶ
3567 611 3629 674 τίς

2026 709 2061 779 ἡ
2099 707 2193 762 τοῦ
2241 706 2476 764 Σατανᾶ
2520 708 2782 781 ὀνόματος
2827 705 3157 780 ἑρμηνεία·
3193 705 3298 759 διὰ
3341 703 3402 757 τί
3439 702 3519 766 δὲ,
3557 711 3624 755 zat

2029 800 2322 855 σκάνδαλον
2355 801 2518 856 αὐτὸν
2550 797 2732 857 εἶπεν·
2767 800 2890 865 πῶς
2931 799 3001 853 δὲ
3047 797 3265 869 σχεδὸν
3321 795 3419 864 ὑφ’
3448 795 3532 848 ἕνα
3554 797 3621 848 καὶ

2027 891 2119 945 τὸν
2165 892 2330 947 αὑτὸν
2387 893 2579 965 καιρὸν
2626 894 2721 948 καὶ
2775 892 2874 958 τὸ,
2933 889 3292 960 Μακάριος
3343 888 3422 951 εἶ,
3471 889 3617 957 Σίμων

2027 983 2320 1053 Βαριωνᾶ,
2361 986 2500 1058 πρὸς
2564 985 2726 1040 αὑτὸν
2787 985 3026 1056 ἐλέγετο
3103 982 3216 1037 καὶ
3285 981 3382 1035 τό·
3440 982 3612 1050 Ἱππ

2030 1074 2222 1129 ὀπίσω
2246 1093 2389 1146 μου,
2417 1075 2671 1143 Σατανᾶ,
2706 1076 2800 1131 καὶ
2833 1076 2922 1140 τίς
2974 1076 3017 1146 ἡ
3063 1074 3305 1128 διάνοια
3345 1071 3450 1125 τοῦ
3473 1075 3605 1125 c'zice

2033 1165 2387 1232 πορεύεσθαι
2419 1166 2557 1238 (75),
2599 1165 2694 1221 τοῦ
2731 1166 2998 1238 Σωτῆρος
3031 1164 3114 1236 ἢν
3149 1163 3327 1235 παρὰ
3369 1163 3511 1226 πόδας
3537 1165 3596 1216 τὶ-

2029 1255 2123 1319 τὸς
2148 1256 2443 1330 διεσάφησε
2477 1259 2714 1330 συνάψας
2740 1257 2870 1330 ἑξῆς
2895 1257 2994 1320 τὸ,
3035 1257 3124 1311 Et
3165 1271 3278 1321 τις
3304 1252 3452 1308 θέλει
3466 1257 3584 1307 ἐπεὶ-υ

2026 1367 2147 1420 μου
2173 1349 2375 1406 ἐλθεῖν
2399 1350 2848 1421 ἀπαρνησάσθω
2869 1348 3124 1405 ἑαυτὸν
3144 1385 3165 1412 ,
3205 1345 3326 1401 καὶ
3353 1347 3494 1414 ἀράν
3505 1344 3570 1397 τὸ-

2033 1440 2300 1512 σταυρὸν
2333 1442 2542 1506 αὑτοῦ,
2589 1442 2690 1497 καὶ
2733 1439 3185 1497 ἀκολουθείτω
3221 1455 3368 1508 μοι·
3403 1435 3558 1506 tiqui

2034 1531 2181 1603 ἔργῳ
2211 1532 2542 1605 διεπράξατο
2586 1535 2780 1606 μικρὸν
2815 1532 3076 1603 ὕστερον
3131 1529 3328 1594 αὐτὸς
3369 1528 3560 1597 ὀῦὲμς,

2039 1624 2318 1696 μαρτυρίῳ
2364 1624 2687 1689 τελειωθείς.
2747 1622 2918 1678 Ἀλλὰ
2979 1621 3092 1677 καὶ
3135 1620 3459 1693 ὶπιζητῆπ.
3483 1617 3570 1676 Um.

2035 1715 2129 1767 ἐπὶ
2179 1716 2354 1781 ποίοις
2403 1716 2501 1787 μὲν
2554 1716 2714 1771 αὐτὸν
2761 1714 3172 1788 ὲμακάρισεν,
3244 1715 3346 1769 ἐπὶ
3397 1713 3522 1774 mim
3547 1709 3583 1762 ἃ

365 1809 515 1873 neget
549 1812 706 1857 semet
736 1804 928 1872 ipsum,
966 1803 1177 1856 attollat
1204 1818 1354 1856 suam
1387 1817 1611 1864 crucem,
1645 1811 1691 1855 et
1740 1802 1817 1855 sic
1853 1818 1937 1857 se·
1967 1785 2012 1844 Β
2038 1806 2187 1879 αὐτῷ
2233 1804 2568 1877 circumitu
2609 1807 2667 1861 '0
2704 1807 2786 1871 δὲ,
2835 1806 3058 1878 μηδενὶ
3111 1805 3348 1860 τούτων
3375 1818 3595 1876 apostan-

364 1899 564 1962 quatur
590 1908 671 1946 me
691 1891 759 1946 ²⁸.
791 1892 944 1960 Quod
985 1892 1161 1963 reipsa
1197 1890 1507 1961 adimplevit
1537 1890 1679 1946 idem
1712 1889 1802 1945 ille
1837 1889 1938 1946 Pe·

364 1987 506 2050 trus,
535 1997 657 2037 cum
710 1983 965 2055 deinceps
1006 1981 1269 2053 martyrio
1308 1988 1803 2039 consummaretur.
1830 1980 1938 2037 Sed

364 2067 775 2141 disquirendum
827 2081 909 2128 est
950 2073 1195 2138 omnino,
1236 2089 1351 2133 cur.
1386 2086 1508 2126 cum
1534 2072 1673 2127 adeo
1716 2071 1936 2126 beatum

366 2161 517 2220 hunc
573 2163 1067 2236 depraedicaverat,
1114 2176 1290 2222 tamen
1336 2165 1517 2220 statim
1571 2162 1943 2218 vehementius

364 2251 729 2325 objurgaverit
750 2256 773 2311 2
794 2257 995 2313 Horum
1028 2267 1274 2312 neutrum
1309 2271 1428 2311 cum
1452 2252 1734 2308 Marcellus
1763 2252 1944 2307 consi-

368 2343 605 2412 deraret,
634 2347 701 2402 ad
742 2347 1014 2403 diabolum
1068 2349 1355 2403 reserenda
1386 2346 1475 2401 illa
1518 2346 1662 2400 dicta
1709 2357 1944 2413 pronun·

371 2433 545 2503 tiavit,
562 2446 753 2492 contra
778 2436 1072 2508 Scripturas
1100 2439 1439 2492 manifestam
1458 2435 1763 2490 veritatem.
1797 2431 1935 2486 Num

369 2536 550 2583 autem
601 2530 705 2587 hoc
760 2533 981 2586 unicum
1040 2531 1305 2603 ignoravit
1344 2530 1369 2583 1
1414 2529 1525 2585 lino
1559 2525 1940 2599 progrediente

444 2686 489 2720 ¹²
528 2686 715 2743 Matth.
740 2704 853 2757 xvi,
890 2691 981 2757 17,
1008 2690 1098 2748 25.
1175 2691 1220 2722 ’⁸
1251 2691 1384 2749 ibib.
1438 2697 1509 2753 24

378 2933 429 2990 ..a
448 2858 855 3010 ἳῖἷζιξαῖἳᾜ
872 2859 1323 3004 ξῗηὲοὲιιὲἔῗῗ
1339 2876 1457 2995 ΒΟἙἿ
1483 2862 1947 3003 (ἵέἷῗαῗᾟὲἐὲξ

381 3002 503 3058 σθαι
535 3017 629 3055 του
655 3001 928 3074 Σωτῆρος,
956 3003 1026 3073 ἢν
1057 3002 1209 3075 παρὰ
1235 3001 1421 3068 πόδας,
1447 3012 1578 3066 etc.‚
1602 3016 1794 3070 nempe
1822 3002 1942 3056 διά-

379 3087 533 3126 νοιαν
559 3079 673 3136 attt,
719 3072 861 3138 quod
910 3083 1128 3127 secutus
1166 3087 1282 3126 sum
1326 3072 1379 3126 in
1407 3072 1673 3137 versione,
1702 3071 1796 3125 καὶ
1825 3069 1941 3132 τοῦ.

377 3140 409 3196 δ
447 3139 598 3214 παρὰ
638 3140 805 3200 πόδας
838 3140 1001 3205 αὐτὸς
1022 3143 1051 3195 ὁ
1092 3141 1283 3213 Σωτὴρ
1328 3139 1641 3211 διεσάφησε,
1672 3152 1780 3196 etc.
1809 3140 1859 3195 M
1882 3172 1949 3183 —

379 3211 491 3268 Καὶ
527 3217 654 3264 ante
676 3209 770 3264 τοῦ
792 3210 850 3265 Σ.
884 3212 1053 3266 delevi
1083 3225 1205 3264 cum
1232 3210 1386 3267 codd.
1414 3213 1585 3278 Supra
1610 3210 1768 3279 vulgo
1799 3211 1951 3278 ἀξιο-

496 3279 512 3300 ’
560 3317 575 3332 .
613 3277 750 3334 lnl'ra
776 3280 934 3347 vulgo
960 3279 1303 3353 ἀκολουθήτω
1325 3291 1380 3336 et
1404 3279 1435 3334 ὃ
1461 3279 1521 3335 δέ
1541 3287 1594 3334 et
1617 3279 1728 3351 ἄρα
1762 3279 1947 3353 (codd.

422 3349 512 3426 ρα)
544 3348 610 3403 ἂν
629 3359 683 3403 et
714 3351 971 3422 ὲγεγερμ.

452 3416 563 3492 (u)
625 3420 747 3488 Πρὸ
802 3419 919 3474 τῶν
975 3420 1053 3475 λό
1227 3417 1587 3475 Ἐλισσαῖον.
1641 3416 1822 3487 Pergit
1882 3421 1951 3477 ad

384 3490 548 3546 aliam
589 3491 997 3545 accusationem
1092 3490 1350 3545 usebius:
1386 3492 1437 3544 in
1486 3503 1590 3558 qua
1636 3488 1950 3562 λευκότερον

382 3561 559 3617 adhuc
602 3561 989 3629 sycophantam
1016 3562 1146 3629 agit.
1182 3560 1298 3614 Non
1331 3559 1478 3615 enini
1518 3559 1565 3614 is
1597 3561 1689 3627 qui
1714 3557 1948 3615 affirmat

384 3629 633 3687 Elisteum
661 3631 957 3684 suscitasse
996 3638 1289 3692 mortuum,
1320 3638 1445 3684 ante
1491 3628 1945 3685 resurrectionem

382 3699 604 3764 Christi,
640 3707 732 3752 aut
765 3713 886 3753 eum
915 3700 1155 3753 omnium
1203 3697 1433 3768 primum
1462 3706 1622 3766 atque
1650 3699 1946 3766 principem

388 3778 666 3824 mortuum
701 3768 766 3821 ad
815 3769 978 3820 vitam
1025 3782 1313 3823 revocasse
1343 3785 1358 3821 τ
1388 3777 1483 3822 aut
1518 3769 1584 3823 de
1616 3768 1730 3823 Elia
1765 3779 1944 3839 negat,

389 3854 495 3895 non
525 3840 600 3893 ait
631 3838 778 3893 illum
823 3836 1037 3909 πρῶτον
1081 3837 1297 3892 πάντων
1352 3839 1752 3902 resuscitatum,
1783 3852 1944 3907 quem

386 3909 595 3964 reduxit
635 3908 688 3961 in
717 3907 877 3960 vitam
900 3907 1185 3972 Elissaens,
1215 3909 1310 3961 sed
1345 3906 1637 3988 πρότερονς
1681 3910 1746 3962 ad
1780 3910 1946 3963 istum

387 3977 606 4032 modum
653 3984 860 4044 poterat
897 3985 953 4029 et
986 3975 1132 4031 litem
1168 3980 1234 4032 ‹le
1270 3977 1473 4031 Lazaro
1516 3980 1817 4040 intendere,
1846 3980 1942 4046 qui

385 4055 514 4100 ante
561 4045 833 4099 Christum
881 4054 932 4100 et
968 4061 1063 4113 per
1102 4046 1371 4102 Christum
1408 4048 1702 4100 resurrexit
1729 4062 1744 4110 ;
1772 4049 1947 4101 corri-

421 4114 557 4170 enda
600 4124 682 4168 est
724 4125 900 4166 autem
953 4115 1113 4169 lectio
1156 4116 1359 4173 codicis
1383 4115 1617 4187 πρώτων
1651 4115 1846 4184 λόγων,
1881 4126 1939 4174 et

404 4185 687 4254 egendum,
736 4183 949 4253 πρῶτον
997 4184 1171 4252 λέγων
1229 4184 1332 4256 [sic
1389 4186 1517 4240 MsS.
1578 4201 1702 4241 cunt
1762 4186 1836 4251 ἴς.
1891 4195 1947 4242 et

385 4268 574 4326 margo
640 4251 820 4317 endu..
870 4255 1012 4321 qnod
1090 4259 1265 4322 recepi
1295 4273 1310 4322 ;
1371 4269 1534 4324 porro
1600 4254 1758 4325 vulgo
1829 4270 1940 4312 oin.

380 4321 476 4379 τὸν
497 4333 619 4394 post
644 4321 875 4395 Ἐλισσ.]
901 4342 915 4377 ;
947 4332 1002 4376 ιιι
1032 4325 1309 4390 sequentia
1330 4327 1543 4380 docent.
1564 4325 1787 4381 Disserit
1804 4326 1943 4380 Mar-

382 4393 570 4461 cellus,
600 4392 874 4449 Christum
935 4407 1038 4447 non
1088 4395 1209 4447 idco
1266 4395 1470 4449 dictum
1518 4395 1933 4464 primogenitum

2038 1895 2180 1963 κὼς,
2213 1898 2364 1952 ταῦτ’
2396 1898 2647 1972 εἰρῆσθαι
2689 1898 2828 1972 πρὸς
2863 1897 2978 1952 τὸν
3035 1896 3321 1952 διάόολον
3363 1897 3605 1966 ἀπεφήνατο

2035 1986 2137 2059 τῆς
2164 1986 2389 2059 Γραφῆς
2419 1986 2693 2052 ἐναντίως.
2723 1981 2879 2057 'Apa
2925 1981 3040 2041 οὖν
3089 1987 3278 2042 τοῦτο
3321 1987 3470 2059 μόνον
3497 1982 3611 2052 ἠτύ-

2038 2091 2201 2148 ησεν;
2241 2077 2376 2148 Οὐχὶ
2417 2076 2475 2130 δὲ
2524 2075 2620 2132 καὶ
2667 2074 2878 2145 προῖὼν
2930 2071 3141 2141 αὖθις,
3175 2076 3294 2148 τῆς
3333 2073 3615 2131 handau:

2037 2163 2132 2218 τοῦ
2179 2164 2430 2237 Σωτῆρος
2455 2165 2610 2237 ἡμῶν
2652 2164 3094 2237 μνημονεύσας,
3147 2165 3358 2221 ἔπειτα
3395 2163 3618 2235 §calcidi

2037 2254 2226 2319 δεῖξαι,
2260 2256 2342 2309 ὄτι
2383 2255 2479 2309 καὶ
2514 2256 2620 2328 πρὸ
2663 2256 2834 2310 αὐτοῦ
2887 2256 3060 2312 κατὰ
3105 2258 3252 2323 τοὺς
3285 2257 3495 2331 χρόνους
3529 2253 3622 2315 ταῖς

2037 2347 2408 2418 προφητικοὺς
2454 2347 2676 2419 φέρεταί
2717 2365 2809 2413 τις
2857 2351 2942 2404 ὲκ
2991 2348 3226 2424 νεκρῶν
3278 2347 3623 2420 ὲγητιρμένῡς,

2042 2437 2204 2491 πάλιν
2245 2436 2520 2493 κάνταῦθα
2569 2440 2898 2509 σφάλλεται,
2937 2439 3069 2515 (74)
3107 2443 3342 2514 πρῶτον
3377 2441 3539 2510 λέγων
3563 2437 3626 2490 τᾶν

2055 2529 2353 2586 Ἐλισσαῖον
2394 2532 2486 2587 τὸν
2526 2533 2814 2606 προφήτην
2838 2535 2921 2588 ἐκ
2961 2535 3194 2608 νεκρῶν
3223 2535 3440 2607 ἐγεῖραι
3457 2551 3472 2564 ·
3499 2531 3628 2602 &Tw-

2052 2860 2145 2915 sed
2197 2858 2399 2913 sactum
2438 2869 2645 2924 tameu;
2688 2860 2840 2914 unde
2885 2859 3279 2932 primogenitus
3330 2859 3404 2914 sit
3451 2859 3624 2916 dictus

2049 2928 2254 2997 πάσης
2281 2930 2549 2995 κτίσεως.
2593 2930 2725 2993 lmo,
2762 2931 2948 3000 iuquit
2967 2927 3523 2991 flammescentem
3548 2945 3614 2982 eo

2053 2999 2211 3054 modo
2266 2999 2655 3068 primogenitus
2703 3009 2970 3054 creature
3013 2999 3186 3052 omnis
3231 2996 3468 3058 dicitur,
3539 3007 3600 3050 ιιι

2052 3068 2235 3122 statim
2280 3070 2672 3138 primogenitus
2725 3079 3088 3132 mortuorunm
3132 3080 3238 3120 non
3283 3074 3370 3120 est
3409 3073 3586 3119 autem

1976 3122 2017 3180 C
2050 3137 2225 3192 dictus
2273 3148 2603 3193 mortuorum
2652 3138 3054 3209 primogenitus,
3119 3135 3230 3190 uod
3271 3131 3480 3204 primus
3505 3150 3594 3189 re—

2054 3207 2217 3262 dierit
2261 3223 2292 3262 a
2329 3217 2504 3263 morte
2534 3208 2599 3261 ad
2629 3208 2824 3272 vitam,
2873 3223 2992 3264 cum
3017 3221 3102 3262 ιιιι
3127 3206 3170 3262 ti
3211 3217 3284 3260 eo
3307 3204 3607 3260 anteriores

2051 3277 2311 3332 redierint
2340 3295 2355 3331 t
2395 3286 2578 3347 utpote
2625 3275 2876 3332 Lazarus
2899 3316 2920 3347 ,
2963 3287 3018 3332 et
3041 3275 3122 3340 is,
3173 3274 3270 3330 vd
3303 3273 3408 3339 itti,
3431 3273 3522 3344 qui
3547 3272 3614 3329 ab

2053 3347 2274 3402 Elissaeo
2288 3347 2710 3410 suscitabantur,
2727 3347 2802 3400 ita
2825 3345 3340 3418 ueeprinogenttus
3351 3354 3616 3401 ematura-

2052 3431 2168 3470 rum
2198 3416 2420 3481 dicitur,
2454 3417 2594 3486 quod
2630 3425 2856 3470 creatus
2899 3417 3124 3487 quidem
3151 3414 3341 3482 fuerit,
3365 3417 3462 3470 sed
3499 3424 3614 3469 ante

2050 3484 2183 3540 alias
2210 3496 2504 3541 creaturas.
2527 3484 2664 3540 Hinc
2676 3485 2985 3543 cavillatur
3009 3485 3280 3544 Eusebius
3299 3485 3452 3556 quasi
3477 3484 3613 3539 dixe-

2048 3556 2120 3611 rit
2147 3555 2426 3612 Marcellus
2456 3556 2682 3625 primum
2698 3556 2954 3612 onmium
2969 3555 3262 3614 Eliseoeun
3279 3555 3611 3611 resuscitasse

2049 3634 2317 3680 mortuum
2344 3643 2361 3680 t
2387 3623 2745 3695 λεπτολογῶν,
2767 3635 2831 3682 οι
2877 3626 3222 3700 syllabarum
3261 3635 3514 3696 captator
3539 3639 3609 3694 s!-

2051 3695 2432 3764 cophanticus3
2459 3697 2657 3750 omisso
2689 3695 2836 3764 quod
2876 3705 3003 3752 erat
3031 3706 3206 3766 caput
3233 3709 3252 3750 t
3285 3709 3486 3764 nempe
3509 3710 3608 3748 sea:-

2048 3773 2249 3890 iie’ni‘.
2276 3763 2883 3891 ‘55¹3'·2l²:.:.¹;2³2⁰¹{3'
2931 3767 3130 3892 {⁵5³¹}ss
3145 3767 3295 3890 ‘¹⁰32
3341 3763 3610 3891 {²¹33}ss

2048 3901 2213 3959 luerit
2261 3905 2686 3973 primogenitus,
2736 3912 2866 3960 utro
2907 3904 3076 3974 ique,
3113 3906 3258 3972 quod
3307 3907 3370 3960 in
3413 3919 3505 3969 eo,
3537 3917 3610 3973 per

2046 3987 2190 4038 eum,
2223 3974 2369 4029 illius
2396 3976 2468 4037 vi,
2499 3972 2760 4044 potentia,
2783 3975 3088 4043 maiestate
3123 3985 3180 4031 et
3201 3975 3476 4049 ἐνεργείᾳ
3493 3987 3607 4029 mor·

2050 4043 2124 4096 tui
2163 4054 2597 4109 resurrexerant,
2629 4042 2755 4098 licet
2803 4059 2876 4099 eo
2905 4045 3150 4114 priores.
3183 4043 3483 4102 creatur-x
3505 4059 3605 4097 con·

2046 4112 2320 4180 stiterant,
2359 4114 2451 4169 illo
2491 4113 2810 4178 anteriores,
2853 4113 3084 4172 scilicet
3111 4117 3294 4188 quoad
3325 4115 3606 4178 hominen,

2045 4181 2197 4250 cujus
2227 4194 2493 4254 respectu,
2521 4191 2577 4237 et
2602 4197 2708 4237 non
2758 4184 2920 4238 aliter
2953 4185 3072 4242 dici
3103 4187 3306 4242 debeat
3355 4184 3606 4260 πρωτύ»

2044 4267 2162 4316 κος,
2200 4268 2304 4307 non
2345 4265 2404 4308 ut
2453 4253 2638 4308 Ariani
2683 4253 3186 4324 blasphemabant,
3229 4257 3408 4311 etiam
3461 4255 3606 4323 quoad

2043 4319 2323 4377 deitatem.
2358 4323 2494 4379 Vide
2530 4322 2816 4391 Athenas..
2839 4321 3002 4380 Orat.
3041 4341 3127 4392 ιιι,
3157 4335 3362 4381 contre
3385 4327 3604 4383 Aria-u.

2044 4405 2164 4457 pag.
2214 4392 2342 4458 254,
2370 4393 2497 4449 255.
2541 4392 2863 4463 Quanquam
2891 4402 2950 4448 et
3005 4395 3120 4450 alia
3165 4397 3394 4452 ratione
3422 4409 3604 4465 quoque

385 4475 739 4529 mortuorum,
764 4464 906 4532 quod
944 4464 1154 4533 primus
1197 4467 1434 4518 omnium
1461 4464 1527 4516 de
1559 4476 1725 4519 morte
1758 4466 1822 4519 ad
1853 4467 1932 4519 vi·
1967 4459 2012 4515 D
2043 4459 2293 4517 Christus
2315 4504 2329 4529 ,
2376 4474 2711 4519 mortuorum
2749 4463 2966 4519 dicatur
3013 4465 3451 4535 primogenitus.
3479 4463 3600 4528 οπο-1

385 4539 496 4586 tam
546 4534 841 4587 resurrexit
893 4548 907 4585 ι
947 4549 1072 4586 nam
1126 4546 1249 4587 ante
1280 4548 1424 4592 eum.
1455 4533 1646 4601 inquit,
1684 4534 1936 4590 Elissaeus

385 4600 649 4684 πρότερον
692 4602 1034 4657 resuscitavit
1078 4613 1348 4659 mortuum
1375 4622 1387 4657 2
1416 4603 1653 4658 Lazarus
1697 4606 1939 4659 surrexit

386 4678 512 4724 ante
557 4672 727 4739 ipsius
762 4673 1211 4726 resurrectionem
1241 4690 1257 4729 ε
1294 4685 1350 4728 et
1381 4683 1621 4739 tempore
1668 4676 1937 4742 passionis

385 4737 557 4793 πολλὰ
587 4738 809 4810 σώματα
842 4740 950 4795 τῶν
984 4743 1395 4814 κεκοιμημένων
1414 4743 1731 4813 ἀνέστησαν.
1763 4744 1939 4812 Atque

386 4807 462 4863 ita
493 4818 642 4879 patet
679 4809 948 4864 calumnia
980 4812 1281 4867 Eusebtana
1316 4815 1383 4868 de
1414 4813 1659 4869 Elissaeo.
1695 4813 1785 4869 Ait
1816 4823 1937 4867 tan-

389 4885 500 4931 tum
557 4879 866 4944 Marcellus,
915 4894 1037 4933 eum
1091 4893 1361 4938 mortuum
1411 4884 1763 4938 resuscitasse
1809 4892 1937 4938 ante

385 4945 699 5014 Cltristum;
756 4963 864 5003 non
898 4950 993 5014 ait,
1040 4949 1186 5005 illum
1230 4951 1468 5005 omnium

388 5015 503 5070 Elia
526 5019 758 5087 priorem
794 5025 1143 5075 resuscitasse
1186 5030 1476 5074 mortuum.

387 5094 512 5142 tuos
542 5089 753 5152 attinet,
785 5087 836 5140 in
873 5089 1184 5159 Evangelio,
1219 5097 1367 5145 certe
1394 5090 1523 5144 illud
1568 5106 1673 5144 non
1715 5092 1938 5160 perinde

384 5166 713 5211 excusatur:
749 5157 964 5211 etiamsi
1015 5158 1228 5214 loeutus
1271 5162 1343 5213 sit
1382 5159 1666 5214 Marcellus
1714 5162 1857 5224 laxe,
1879 5162 1938 5215 ὲν

383 5224 462 5296 τῷ
488 5224 665 5296 καιρῷ
683 5224 773 5280 τοῦ
795 5225 1015 5291 πάθους.
1049 5228 1271 5283 Constat
1300 5230 1443 5283 enim
1466 5244 1583 5295 eos,
1613 5233 1755 5299 quod
1788 5241 1938 5286 notat

382 5294 669 5360 Eusebius,
704 5311 810 5350 non
846 5297 944 5350 nisi
980 5312 1100 5351 cnm
1136 5297 1353 5352 Christo
1383 5299 1569 5355 saltem
1607 5305 1936 5355 resurrexis-

382 5379 464 5420 se.
502 5363 676 5418 Locus
706 5367 946 5434 Apostoli
981 5376 1084 5430 est,
1117 5366 1326 5423 Coloss.
1358 5384 1400 5431 t,
1436 5370 1524 5436 15,
1558 5369 1647 5424 ubi
1688 5369 1937 5426 Christus

380 5441 604 5488 vocatur
628 5435 1000 5503 πρωτότοκος
1031 5436 1235 5504 πάσης
1274 5437 1543 5506 κτίσεως.
1579 5437 1646 5493 Et
1675 5454 1816 5493 vers.
1845 5441 1931 5505 18,

379 5503 752 5584 πρωτότοκος
775 5505 845 5558 ὲκ
866 5505 983 5560 τῶν
1000 5506 1247 5575 νεκρῶν.
1269 5506 1323 5562 ln
1353 5509 1451 5564 loci
1482 5511 1638 5565 istius
1666 5509 1936 5580 interpre-

382 5579 609 5636 tattone,
658 5575 871 5630 videtur
918 5577 1201 5632 Marcellus
1244 5580 1474 5634 Arianos
1504 5579 1815 5649 pupugisse.
1856 5580 1936 5634 1111

378 5642 523 5696 enim
559 5643 831 5700 Christum
863 5646 986 5701 hinc
1024 5656 1326 5704 creaturam
1367 5649 1617 5704 volebant
1654 5649 1816 5703 statui
1867 5650 1936 5704 ah

378 5709 658 5790 maiolo,
686 5723 809 5772 aute
850 5716 955 5773 alia
996 5717 1200 5782 onmia,
1235 5718 1399 5774 etiam
1428 5719 1649 5790 angelos
1675 5718 1874 5776 sactum
1911 5737 1925 5774 :

1566 4953 1780 5015 rituum,
1828 4968 1936 5007 non

1561 5024 1663 5075 uod
1697 5021 1763 5076 ad
1792 5036 1938 5076 mor-

2041 4530 2245 4597 primus
2301 4536 2370 4587 ad
2436 4544 2695 4588 aeternam
2760 4534 2927 4586 vitam
2985 4539 3336 4591 occurrerit.
3397 4537 3470 4592 Su

2036 4601 2179 4652 enim
2205 4602 2269 4656 de
2297 4606 2544 4669 mortuis,
2583 4618 2689 4658 non
2713 4603 2910 4658 iterum
2941 4607 3216 4661 moritur.
3247 4606 3334 4662 llli
3363 4613 3532 4662 autem
3561 4607 3596 4654 11

2037 4668 2284 4736 pulveres
2327 4687 2454 4728 suos
2498 4674 2699 4728 reversi
2725 4680 2980 4728 suntzet
3025 4676 3082 4730 in
3127 4677 3416 4746 eeputcris
3443 4687 3596 4744 exspe-

2036 4747 2186 4794 ctant
2229 4743 2431 4796 tubam.
2480 4743 2545 4798 Et
2592 4742 2718 4798 licet
2767 4742 2880 4808 illi,
2933 4745 3038 4814 qui
3095 4757 3232 4816 post
3281 4747 3594 4803 resurreetio·

2039 4821 2160 4861 nem
2188 4821 2563 4878 surrexerunt,
2593 4827 2701 4867 non
2734 4813 2846 4868 sint
2871 4815 3092 4872 reversi
3119 4815 3186 4870 iu
3207 4817 3588 4888 pulver-esau.

2037 4884 2218 4957 tamen
2252 4882 2413 4935 etiam
2445 4891 2685 4952 tempore
2724 4881 3070 4954 posteriore·
3107 4897 3254 4942 sunt
3287 4887 3366 4943 illi
3395 4899 3590 4942 resurre-

2036 4956 2215 5005 ctione
2244 4950 2447 5008 Christi
2479 4968 2492 5004 :
2529 4955 2673 5022 quod
2712 4954 2962 5008 disertlm
3017 4965 3266 5012 notatur
3297 4959 3355 5013 in
3393 4958 3588 5022 Erana*

2037 5013 2131 5071 lio.
2182 5021 2255 5074 lta
2304 5022 2509 5091 primus
2551 5031 2792 5090 tempore
2825 5025 3079 5081 surrexit
3115 5028 3197 5082 ad
3250 5038 3504 5083 aeternam
3529 5025 3584 5076 vi·

2037 5094 2166 5144 tam.
2197 5091 2311 5145 Non
2363 5092 2600 5147 surrexit
2645 5094 2852 5161 primus
2889 5102 3162 5164 tempore
3213 5097 3584 5160 &mxumae

2034 5165 2213 5223 cundo
2235 5165 2491 5227 surrexit,
2520 5163 2636 5232 ipse
2661 5177 2758 5217 sua
2785 5171 3090 5231 potestate,
3125 5183 3250 5226 non
3280 5165 3582 5226 alienarer-

2036 5240 2131 5301 tio,
2162 5233 2216 5288 iu
2251 5246 2337 5296 eo,
2362 5242 2418 5286 et
2447 5249 2542 5302 per
2577 5247 2700 5288 eum
2733 5233 3053 5291 resuscitati
3079 5252 3230 5296 sunt
3279 5241 3396 5305 alii,
3423 5236 3578 5294 excita-

2033 5307 2233 5362 buntur
2257 5317 2471 5367 omnes,
2497 5312 2555 5355 ut
2596 5300 2792 5356 merito
2832 5302 3270 5378 primogenitus
3303 5317 3578 5368 mortuom

2034 5378 2364 5431 dicaturtet
2415 5370 2597 5427 Jacohi
2644 5369 2774 5426 illud
2825 5371 3062 5430 effatum
3117 5378 3202 5435 de
3261 5383 3480 5438 liusena
3511 5385 3576 5428 fl

2035 5443 2187 5514 (Gen.
2213 5440 2461 5512 xus,3),
2495 5442 2813 5496 humanitati
2863 5441 3090 5504 Christi
3152 5451 3248 5508 sie
3293 5453 3574 5526 applices-⁸.

2044 5513 2293 5581 Ῥουὸίμ,
2313 5511 2704 5579 ’.πρωτότοκός
2733 5527 2876 5581 μου,
2913 5513 3118 5588 ὶσχύς
3147 5539 3302 5591 μου,
3353 5521 3446 5580 td
3469 5511 3576 5588 &12

2034 5585 2258 5639 τέκνων
2285 5598 2427 5650 μου.
2458 5581 2620 5636 Certe
2658 5587 2750 5651 qui
2801 5591 2930 5650 post
2963 5587 3304 5661 Christum,
3333 5607 3392 5650 ut
3415 5589 3572 5648 ωιῐῦ

2034 5656 2181 5711 illius
2208 5651 2554 5715 ἀναστάσεως
2591 5666 3058 5726 resurrexerunt,
3103 5662 3364 5732 iterum,
3405 5675 3458 5718 ut
3487 5653 3568 5712 ιιἙ

2039 5727 2277 5789 videtur,
2310 5724 2506 5778 mortui
2537 5735 2645 5778 uon
2673 5732 2826 5780 suut.
2867 5721 3010 5786 {lae
3043 5743 3144 5790 ρει
3175 5735 3470 5796 eom-„33
3489 5739 3566 5794 q..
