3692 6134
1221 373 1311 431 1)ss
1342 371 1827 433 mconponsu.

3018 386 3156 442 1150

324 503 384 543 ,ιιι
440 488 690 555 ruinam;
730 500 785 546 et
827 492 874 548 si
929 494 1131 551 scissus
1177 496 1339 553 luerit
1377 514 1482 554 non
1511 502 1556 559 Α
1585 495 1665 568 git
1689 496 1834 551 enim
1868 495 2083 551 flamma
2115 512 2263 554 eum.
2291 497 2348 554 Sl
2377 509 2558 557 autem
2596 500 2739 574 ignis
2780 503 3154 566 confabulatus

323 590 366 637 ιι
388 580 594 637 divisus
632 581 802 639 distat
826 597 857 639 a
887 588 1200 658 semetipso.
1229 587 1307 645 lta
1335 593 1484 648 etde

323 672 515 728 :inntur
540 672 833 731 incisiones
861 686 915 731 et
957 677 1154 746 ruinae3
1187 689 1244 735 et
1279 693 1481 751 querito

323 778 439 835 qua
463 763 818 831 scinduntur,
845 775 997 822 tanto
1026 784 1231 842 magna
1272 781 1401 828 sunt
1427 783 1484 830 et

322 851 414 909 nin
460 839 824 911 crassitudine
861 857 1037 912 virtus
1066 867 1170 914 est.
1192 857 1249 914 Si
1299 870 1480 917 autem

323 959 489 1001 iorum
517 960 808 1016 corporum
839 950 1073 1005 scrutari
1103 959 1359 1019 naturas,
1391 967 1478 1012 se·

323 1037 499 1094 isitam
525 1038 880 1107 quaestionem
909 1052 1306 1111 coanuenter
1330 1045 1478 1103 vide·

322 1135 366 1183 ιι
415 1128 656 1199 ipsorum
708 1144 997 1201 corporum
1046 1134 1318 1191 subtilitas
1357 1150 1478 1206 que

329 1216 564 1283 lnssrma,
609 1218 837 1276 tortiora
865 1223 1266 1292 quodammodo
1309 1242 1476 1299 appa·

321 1323 334 1361 ι
360 1306 503 1377 quod
529 1307 686 1376 dico,
715 1316 860 1365 terra
888 1311 1046 1382 aquis
1076 1321 1162 1372 est
1213 1319 1473 1386 crassior,

322 1414 339 1454 ι
390 1398 569 1455 minus
614 1414 811 1457 crassae
857 1402 1150 1461 habentur.
1200 1406 1305 1464 Sed
1349 1424 1473 1465 eum

321 1488 389 1544 rit
428 1502 647 1558 aquam,
706 1488 1071 1549 dissolviturt
1117 1510 1241 1551 cum
1291 1506 1472 1555 autem

321 1577 484 1633 iderit
513 1586 739 1656 tergam,
767 1590 1011 1651 penetrat
1057 1598 1201 1642 am.
1236 1585 1304 1642 Et
1330 1590 1473 1657 quod

337 1668 409 1723 ab
458 1681 621 1738 aqua,
652 1670 755 1727 lnoe
812 1672 1016 1740 patitur
1056 1689 1198 1745 aqua
1231 1676 1302 1732 ab
1328 1691 1469 1734 aem.

321 1764 744 1833 mprovectiones
794 1764 907 1838 (ξι)
967 1766 1087 1824 istm
1147 1768 1473 1826 ostendunt?

1584 587 1746 644 luerit
1769 586 1957 658 lapidi.
1993 602 2092 659 per
2116 598 2285 646 totum
2333 589 2565 663 lapidem
2602 605 2866 666 penetrat.
2897 596 2974 652 lta
3018 607 3074 654 et
3107 599 3155 655 si

1580 685 1936 733 aeramentum
1957 678 2253 735 immissum
2281 679 2517 739 fueritin
2542 683 2682 755 igne,
2707 695 2800 740 aut
2819 684 3047 753 ferrum,
3064 698 3157 743 ant

1580 764 1754 836 ipsum
1779 781 2005 831 aurum,
2038 769 2397 827 immutantur
2437 771 2648 830 colores
2673 775 2913 830 omnium
2934 817 2952 843 ,
2990 786 3047 832 et
3083 778 3153 832 ad

1578 855 1728 928 ignis
1784 856 2205 916 transferuntur·
2242 862 2477 920 colorem
2525 873 2581 921 et
2631 865 2945 937 magistrum
2987 867 3148 938 (2‘02

1578 948 1831 1020 quodque
1857 962 2049 1005 eorum
2076 951 2238 1023 ignis,
2264 964 2360 1009 aot
2393 956 2497 1010 boc
2523 969 2631 1025 qua
2664 955 2864 1013 dieitur
2888 965 2946 1013 et
2972 957 3150 1015 calore

1577 1046 1633 1094 et
1667 1036 1878 1109 fulgore
1917 1048 1976 1096 et
2023 1041 2277 1099 omnibus
2321 1046 2739 1115 proprietatibus
2793 1046 2956 1118 ignis'.
3011 1048 3150 1118 Quia

1576 1137 1755 1184 autem
1779 1128 1922 1199 ignis
1948 1130 2017 1185 act
2056 1145 2248 1188 aurum
2282 1148 2389 1189 non
2415 1135 2579 1203 cadit,
2606 1151 2795 1192 aurum
2832 1149 3012 1194 autem
3056 1155 3149 1195 ca·

1577 1217 1801 1287 lefacit3
1832 1220 2126 1280 manifesta
2154 1232 2238 1281 est
2268 1226 2580 1283 eminentia.
2624 1227 2690 1283 Et
2716 1229 2843 1298 quia
2878 1230 3016 1300 ignis
3039 1246 3147 1288 non

1576 1307 1893 1367 dissolvitur
1918 1327 1949 1367 a
1985 1313 2188 1383 petris,
2220 1314 2465 1372 dissolvit
2505 1327 2684 1374 antem
2710 1328 2926 1390 petras3
2958 1333 3148 1389 aperta

1575 1410 1662 1459 est
1711 1402 1909 1468 virtus.
1955 1404 2023 1460 Ει
2058 1407 2185 1476 quia
2230 1406 2370 1477 ignis
2409 1424 2516 1465 non
2562 1409 2835 1467 detinetur
2880 1411 2950 1468 ab
2999 1426 3149 1481 aere,

1574 1493 1771 1551 scindit
1807 1505 1992 1553 autem
2027 1506 2085 1553 et
2108 1512 2322 1554 sursum
2349 1501 2521 1556 currit
2542 1519 2559 1569 ;
2583 1510 2826 1573 apertum
2861 1503 3147 1574 imperium

1573 1592 1680 1640 est.
1708 1584 1776 1640 Et
1799 1586 1927 1656 quia
1953 1596 2110 1659 urget
2142 1602 2356 1645 sursum
2398 1591 2539 1655 tieri,
2571 1603 2628 1648 et
2675 1593 2941 1662 positione
2979 1603 3149 1651 estet

1574 1676 1775 1735 virtute
1794 1686 1853 1734 et
1882 1678 2066 1738 colore
2093 1678 2309 1737 sortior.
2348 1682 2456 1739 Sed
2488 1682 2629 1739 forte
2667 1686 2886 1755 quidam
2911 1685 3147 1759 jurgium

1581 1779 1843 1836 aquarum
1869 1743 2156 1827 adversum
2182 1773 2362 1844 ignem
2399 1774 2576 1842 videt,
2610 1776 2738 1846 quia
2765 1777 2835 1832 ab
2866 1778 3020 1848 aquis
3050 1792 3148 1833 es·

321 1853 462 1910 xime
483 1893 500 1919 ,
532 1855 660 1926 quia
698 1855 770 1912 ad
798 1857 1291 1930 incorporalitatem
1318 1873 1376 1919 et
1404 1843 1543 1940 sal-⁸
1580 1856 1875 1927 stinguitur
1912 1859 2093 1931 ignis:
2118 1863 2262 1933 quod
2293 1862 2511 1934 quidem
2544 1866 2777 1923 recessio
2801 1866 2972 1940 magis
3007 1868 3148 1942 lssnis

346 1945 608 2016 maiorem
637 1946 920 2018 imponunt
943 1949 1195 2010 virtutem
1222 1953 1474 2012 subtilio-

320 2036 411 2092 1im
440 2052 538 2108 per
572 2052 742 2109 aquas
779 2049 1068 2110 penetrat;
1098 2053 1346 2113 metm
1373 2060 1472 2102 au·

321 2141 350 2180 n
376 2124 547 2182 saciat
590 2142 760 2200 aquas
786 2131 961 2187 emitti
992 2147 1093 2203 per
1130 2149 1194 2192 se
1223 2138 1291 2192 ad
1316 2152 1472 2207 supe·

353 2218 496 2291 quod
532 2219 651 2289 ejus
677 2236 783 2281 nen
811 2232 896 2280 est
922 2234 1149 2284 nature.
1181 2228 1316 2285 Etsi
1346 2232 1471 2300 nnis

320 2327 475 2380 tonse,
502 2312 630 2383 quia
664 2328 771 2369 non
801 2313 1111 2374 detinentur
1138 2334 1374 2390 superna
1402 2324 1470 2379 ab

320 2416 399 2457 um
419 2413 568 2470 sunt,
593 2401 642 2460 si
663 2404 786 2475 quis
807 2405 1095 2478 repleverit
1120 2423 1249 2466 aere
1270 2422 1467 2476 utrem.

320 2494 498 2550 merit
544 2495 599 2550 in
644 2509 874 2565 aquarn
921 2504 979 2552 et
1040 2509 1189 2558 certe
1230 2516 1353 2557 enm
1397 2504 1470 2560 sit

319 2598 343 2638 a
371 2586 605 2641 crassior
630 2596 689 2642 et
714 2588 934 2658 gravior
970 2590 1141 2661 magis
1177 2607 1340 2662 quam
1375 2609 1471 2651 aer

319 2690 551 2746 maerens
588 2690 746 2733 suum
779 2674 1017 2734 officium
1064 2688 1121 2738 et
1169 2684 1467 2753 regionem,

321 2766 587 2822 avissimis
616 2768 826 2830 utribus
856 2771 1130 2827 detinetur
1149 2811 1167 2838 ,
1205 2773 1300 2829 sed
1328 2774 1469 2831 scin-

320 2871 476 2912 irsum
501 2858 751 2915 educitur
770 2874 893 2915 cum
918 2862 1178 2931 gravibus
1196 2878 1294 2933 per
1314 2881 1469 2934 aera.

320 2948 586 3005 assionem
611 2965 777 3020 quam
808 2967 964 3022 aqum
993 2952 1063 3011 ab
1088 2967 1215 3012 aere
1252 2958 1467 3029 patiun-

340 3040 463 3111 igne
478 3042 725 3098 sustinet
743 3080 761 3108 ,
779 3052 836 3100 rt
861 3044 1013 3100 testis
1043 3044 1157 3117 (25)
1201 3050 1468 3106 sermonis

319 3139 358 3188 ιι
380 3133 632 3190 lucerna.
667 3129 793 3190 ldeo
818 3133 963 3192 enim
983 3144 1291 3195 attenuatur
1310 3136 1464 3196 llam·

319 3257 337 3285 ,
358 3221 485 3290 quia
513 3221 703 3279 incidit
724 3224 887 3281 istum
912 3227 1239 3286 ambientem
1257 3244 1459 3290 aerem.

318 3311 453 3367 idem
502 3312 640 3385 ignis
698 3330 730 3370 a
774 3316 1102 3385 videntibus,
1149 3321 1463 3390 agnoscitur

319 3403 404 3472 qui
438 3415 659 3475 possunt
684 3407 800 3477 eim
820 3418 1067 3466 naturam
1089 3410 1271 3472 videre
1288 3453 1304 3479 .
1333 3416 1462 3485 quia

319 3505 420 3550 ¹nat
455 3495 724 3568 regionem
749 3538 766 3562 ,
812 3500 882 3555 ad
916 3501 1193 3571 superiora
1233 3502 1459 3562 scilicet.

318 3583 606 3640 uilissimos
636 3584 778 3653 ignis
813 3600 937 3641 cum
983 3587 1056 3644 sit
1098 3603 1236 3644 uitus
1282 3602 1462 3646 ecor-

318 3677 447 3731 imns
472 3684 557 3732 est
588 3675 1035 3747 incorporalibus.
1072 3674 1287 3734 lotuere
1313 3678 1460 3735 enim

317 3775 356 3821 ιι
379 3765 735 3837 proprietates
770 3765 1057 3824 adversum
1104 3777 1300 3827 cetera
1333 3784 1459 3826 cor·

316 3873 342 3910 s
376 3860 522 3912 enim
572 3856 890 3928 corporibus
928 3859 1310 3917 condiscamus
1355 3861 1459 3917 im-

325 3946 601 4003 subtilium
651 3960 722 4002 ne
770 3961 987 4004 crassus
1029 3946 1254 4004 effectos
1300 3948 1461 4006 cadat

317 4051 363 4090 ra
391 4051 573 4094 crassa
606 4052 621 4089 ε
658 4038 759 4094 sed
800 4048 1034 4096 mentem
1076 4039 1145 4095 ad
1171 4039 1410 4097 laetitiam
1439 4058 1455 4097 ε

326 4130 465 4185 idem
509 4130 590 4187 sis
617 4130 754 4187 liber
774 4170 792 4198 ,
824 4132 893 4186 ad
928 4129 1241 4203 incorporea
1274 4140 1457 4208 autern

317 4237 335 4278 ι
382 4222 549 4291 igitur
591 4222 767 4292 primo
814 4224 1035 4294 quidem
1080 4225 1260 4282 dicam
1312 4224 1458 4282 idem

317 4325 369 4365 ra
392 4312 572 4367 omnia
598 4326 826 4383 corpora
846 4352 863 4380 ,
893 4323 950 4370 et
989 4313 1263 4372 illuminat
1293 4314 1400 4370 alia
1439 4329 1456 4369 ι

327 4402 479 4460 facile
506 4404 576 4459 ad
602 4403 707 4459 alia
739 4404 1002 4466 tenebrat.
1031 4402 1290 4461 Penetrat
1307 4403 1457 4460 enim

1570 1956 1657 2002 est
1705 1961 1870 2018 quam
1918 1952 2246 2020 corruptela.
2295 1952 2447 2009 Sicut
2494 1954 2638 2010 enim
2680 1970 2713 2010 a
2765 1956 2999 2013 tenebris
3037 1971 3144 2013 oon

1572 2038 1948 2104 consumitur,
1994 2042 2088 2096 sed
2150 2041 2461 2098 cohabitare
2516 2044 2704 2100 lisdem
2759 2060 2865 2101 non
2919 2046 3141 2117 patitur.

1570 2124 1924 2185 immutemus
1953 2139 2160 2197 auten,
2186 2141 2245 2187 et
2270 2133 2548 2189 videamus
2593 2148 2716 2189 eum
2744 2149 2885 2203 aqua
2939 2137 2998 2194 in
3041 2153 3144 2192 vos

1570 2216 1739 2278 tuerit
1790 2217 2060 2286 immissa,
2113 2230 2174 2276 et
2210 2222 2450 2278 oblatum
2481 2236 2571 2279 ras
2610 2220 2772 2278 luerit
2795 2224 2930 2295 igni,
2957 2226 3080 2296 quis
3109 2242 3142 2284 a

1569 2321 1679 2378 quo
1704 2308 1826 2366 istie
1852 2310 2210 2376 consumitur,
2238 2311 2369 2382 quid
2411 2320 2591 2368 antem
2620 2313 2782 2370 veluti
2803 2327 2992 2385 ponas
3025 2331 3142 2372 sus·

1572 2400 1743 2467 tinet,
1783 2409 1841 2460 et
1877 2412 2036 2458 soaat
2081 2414 2140 2458 et
2179 2402 2351 2459 bullit.
2403 2403 2549 2473 lgnis
2592 2402 2739 2462 enim
2789 2420 3065 2476 nunquam
3107 2423 3140 2464 a

1570 2490 1763 2562 frigida
1792 2506 1934 2561 aqua
1979 2492 2162 2549 sactus
2194 2501 2278 2548 est
2313 2492 2541 2563 frigidus
2575 2514 2592 2554 ι
2631 2507 2774 2565 equa
2805 2504 2986 2553 autem
3034 2498 3147 2554 l're·

1567 2588 1797 2652 quenter
1815 2591 1872 2638 et
1894 2596 2129 2654 semper,
2161 2592 2220 2640 ut
2246 2585 2319 2641 ita
2343 2583 2630 2649 dieam,ab
2648 2584 2772 2656 lune
2798 2585 3029 2645 eflicitur
3053 2603 3147 2646 ca·

1568 2672 1868 2743 lidum-ao
1905 2681 1963 2730 et
2009 2674 2170 2741 istic,
2214 2674 2342 2747 qula
2404 2687 2542 2746 aqua
2596 2676 2830 2732 assumit
2880 2675 3140 2742 calorem,

1570 2766 1713 2839 ignis
1746 2777 1928 2824 autem
1977 2767 2280 2838 frigdorem
2335 2777 2445 2826 non
2493 2766 2728 2825 admittit
2759 2785 2775 2820 ε
2805 2770 3143 2828 consumitur

1567 2867 1747 2922 auten
1772 2869 1915 2930 aqna
1941 2860 2176 2929 amplius
2218 2857 2479 2916 calefacta
2498 2898 2515 2925 ,
2544 2860 2613 2916 ab
2653 2859 2797 2930 igne,
2841 2869 2897 2917 et
2928 2860 3143 2920 fervens

1567 2957 1756 3020 utpote
1787 2956 1844 3007 et
1875 2950 2072 3007 emissa
2098 2959 2155 3008 et
2181 2949 2479 3019 ebulliens,
2513 2949 2650 3020 fugit
2675 2960 2859 3021 partes
2885 2965 3138 3009 vasorum

1568 3039 1635 3096 ad
1659 3053 1796 3109 quas
1820 3040 2267 3111 propinquaverit
2292 3038 2433 3114 ignis
2452 3078 2472 3107 ,
2491 3048 2548 3100 et
2589 3051 2811 3110 urgetur
2835 3040 3071 3116 effugere
3106 3059 3140 3101 e

1566 3129 1712 3187 vasis
1734 3139 1793 3186 et
1814 3127 2040 3186 effundi.
2080 3129 2197 3188 Non
2218 3130 2362 3188 enim
2386 3138 2567 3201 potest
2588 3129 2729 3201 ignis
2763 3130 2993 3191 sufferre
3019 3150 3140 3191 eru·

1563 3221 1761 3278 ciatus.
1812 3219 1957 3293 Ergo
2006 3219 2061 3276 in
2109 3222 2230 3278 istis
2281 3221 2536 3278 omnibus
2577 3220 2860 3279 subtiliora
2907 3238 3138 3295 corpora

1563 3309 1787 3368 tortiora
1819 3321 1952 3367 sunt
1980 3311 2199 3368 ceteris
2227 3325 2245 3363 ι
2285 3309 2520 3368 secunda
2549 3321 2729 3368 autem
2761 3326 2828 3369 ea
2863 3326 2984 3370 esse
3020 3314 3136 3370 vir-

1560 3413 1707 3473 tute,
1729 3420 1855 3476 qun
1883 3406 2063 3461 minus
2087 3404 2356 3464 &beatur
2395 3404 2452 3460 in
2478 3404 2778 3463 subtilitate
2797 3443 2816 3471 ,
2860 3414 2917 3463 et
2943 3420 3138 3466 secun·

1561 3496 1688 3556 dum
1717 3496 2132 3567 competentiam
2179 3495 2608 3567 uniuscuiusque
2653 3508 2826 3567 usque
2872 3496 2941 3552 ad
2977 3510 3137 3569 quar-

1563 3594 1697 3641 tum.
1732 3583 1804 3642 ut
1828 3595 2011 3639 autem
2034 3593 2092 3641 et
2117 3584 2221 3640 ista
2247 3584 2515 3641 addantur
2531 3622 2551 3651 ,
2587 3583 2804 3640 llamma
2827 3584 2998 3641 incisa
3025 3601 3131 3643 non

1562 3673 1836 3731 inciditur.
1872 3673 1980 3731 Sed
2005 3681 2062 3730 et
2083 3672 2132 3731 si
2169 3672 2408 3731 volueris
2438 3688 2725 3731 assumens
2764 3673 2970 3734 ferrum
2990 3714 3008 3741 ,
3036 3687 3133 3732 aot

1560 3764 1702 3822 aliud
1726 3765 1933 3838 aliquid
1954 3766 2101 3837 quod
2143 3765 2359 3822 videtur
2395 3765 2671 3832 incidere,
2695 3774 2752 3824 et
2786 3766 2858 3824 ad
2898 3767 3129 3824 alteram

1559 3857 1875 3931 perduxeris
1902 3867 2111 3927 partem
2131 3872 2231 3928 per
2251 3856 2549 3924 flammam,
2574 3866 2758 3914 manet
2780 3864 2916 3926 tota,
2951 3866 3006 3914 et
3045 3857 3131 3913 in-

1561 3951 1822 4009 cisionem
1848 3965 1960 4007 oon
2009 3949 2260 4022 suscipit.
2316 3948 2373 4006 Si
2424 3950 2608 4005 autem
2649 3962 2757 4006 non
2788 3947 3134 4012 intellexistis

1559 4039 1701 4112 quod
1724 4039 1931 4098 dictum
1956 4048 2060 4108 est,
2093 4049 2432 4096 transeamus
2456 4037 2526 4094 ad
2567 4036 2753 4094 radios
2783 4037 2916 4095 solis
2951 4056 2968 4096 ι
2997 4039 3131 4102 istos

1559 4131 1605 4190 si
1626 4129 1861 4187 voluerit
1886 4130 2010 4201 quis
2057 4129 2295 4186 incidere
2325 4127 2536 4200 gladio,
2578 4127 2632 4184 in
2685 4128 2929 4186 inferiori
2977 4138 3130 4204 parte

1561 4235 1667 4279 non
1699 4222 2044 4278 lnvenientnr
2082 4238 2099 4277 ι
2141 4235 2353 4278 sursum
2399 4220 2542 4276 enlm
2579 4229 2861 4277 remanent
2902 4234 3006 4276 non
3043 4222 3129 4278 in-

1558 4315 1680 4372 cisi.
1707 4314 1787 4370 lta
1825 4323 1881 4371 et
1911 4311 2151 4378 flamma,
2181 4312 2272 4369 ubi
2293 4312 2414 4383 ejus
2451 4310 2613 4366 l‘uerit
2641 4309 2829 4376 radix,
2873 4310 2984 4367 illic
3017 4319 3127 4368 tota

1559 4404 1851 4476 colligitur.
1885 4401 2002 4460 Non
2029 4410 2114 4459 est
2140 4402 2284 4458 enim
2317 4401 2498 4457 videre
2540 4407 2749 4471 partem
2791 4397 3019 4456 flamma
3043 4414 3129 4454 su·

357 4493 603 4552 dissolvit
637 4496 816 4553 omnia
856 4510 1104 4567 corpora.
1134 4494 1451 4568 Qutanquam
1485 4519 1531 4578 n
1560 4496 1744 4568 perius
1764 4496 1947 4568 gladio
1975 4495 2199 4550 incisam
2223 4504 2526 4556 remanere,
2558 4499 2768 4561 partem
2819 4499 3000 4545 autem
3043 4493 3127 4548 ln—

316 4598 333 4638 ι
366 4593 453 4641 est
472 4585 639 4655 dura,
670 4595 767 4643 aut
812 4600 935 4658 quae
963 4594 1143 4658 potest
1188 4585 1455 4644 confabu-

317 4689 437 4732 »ma
479 4691 589 4734 uon
660 4678 948 4736 ostendere
1006 4676 1286 4734 fortiorem
1335 4691 1459 4734 esse

318 4779 404 4822 em
429 4782 460 4823 a
488 4768 574 4824 sul
620 4778 814 4825 natura
851 4786 867 4824 ι
902 4767 1174 4826 emollitur
1211 4768 1356 4826 enim
1398 4778 1459 4826 et

316 4871 453 4920 nem.
482 4859 742 4928 probatur
781 4869 838 4915 et
864 4874 1078 4928 aurum,
1102 4861 1316 4919 colatur
1365 4876 1456 4917 ar·

316 4955 427 5004 itur
444 4947 744 5016 plumbum,
772 4958 828 5005 et
847 4950 1029 5014 omnia
1058 4964 1179 5021 qna
1202 4959 1457 5022 putantur

316 5052 534 5109 orpora,
567 5040 677 5112 igni
715 5039 914 5102 cedunt
950 5050 1174 5114 propter
1202 5041 1453 5100 subtilem

315 5147 349 5187 ι.
407 5130 648 5202 Denique
689 5134 736 5189 si
786 5134 1079 5205 proieceris
1121 5134 1352 5205 lapidem
1397 5135 1450 5189 in

315 5222 612 5292 liquidem,
645 5225 738 5281 sed
762 5240 867 5282 non
892 5240 989 5295 par
1013 5224 1305 5282 dammam.
1342 5223 1452 5280 Fu-

315 5422 556 5478 aetiones.
607 5420 767 5477 Forte
797 5423 852 5478 in
881 5434 1011 5475 voce
1040 5421 1140 5475 liar.
1164 5435 1445 5493 perperam

315 5507 331 5545 t
356 5492 618 5548 vocabolo
646 5492 965 5563 precedenti
989 5490 1336 5561 geminatum.

316 5560 497 5627 Forte,
522 5575 696 5619 testes.
1240 5628 1418 5684 ‘onem

315 5649 338 5747 τε
352 5630 871 5772 σςῗῗεεὲιιῶῗιῐέὁομιςο
873 5629 1272 5768 1,σαςοῐιὶἑοςονιῗιξιῗι)
1283 5669 1445 5838 fan-⁹

319 5780 417 5823 -ost
445 5785 632 5838 pauca,
663 5774 707 5823 δι’
738 5771 874 5839 ignis
898 5767 1255 5841 confabulatus
1309 5768 1443 5824 uerit

315 5881 437 5929 tot..
472 5864 591 5927 Gn.
625 5863 856 5928 XXIV.

1559 4587 1752 4653 serius,
1773 4588 1869 4643 sed
1903 4594 2015 4641 tota
2045 4584 2114 4641 ad
2134 4582 2479 4654 semetipsam
2505 4578 2869 4654 coniungitur.
2895 4579 3121 4653 ngnum

1553 4688 1731 4738 autem
1761 4688 1818 4733 et
1844 4685 2092 4743 terram,
2127 4683 2182 4731 et
2228 4688 2360 4730 saxa
2415 4671 2712 4729 incidentes
2758 4670 3049 4729 dividimus
3089 4688 3124 4729 a

1551 4769 1880 4841 semetipsis,
1925 4778 1985 4824 et
2038 4766 2395 4838 disjungimus
2431 4772 2641 4837 partem
2683 4774 2714 4816 a
2751 4773 2946 4834 parte:
2980 4762 3123 4819 sorte

1553 4870 1733 4920 aute·
1762 4859 2055 4918 incidimus
2090 4867 2147 4915 et
2175 4871 2383 4922 aerem,
2424 4854 2520 4912 sed
2550 4853 2728 4924 ejecto
2769 4867 2835 4910 eo
2857 4853 2998 4924 qnod
3034 4854 3121 4910 in·

1551 4958 1701 5024 cidit,
1738 4956 1922 5016 statim
1966 4953 2040 5012 ob
2079 4953 2429 5012 subtilitatem
2478 4949 2563 5007 sui
2609 4949 2958 5019 semetipsum
2989 4960 3120 5002 con·

1554 5047 1750 5124 iungit.
1777 5045 1971 5103 Gladio
2003 5046 2171 5113 enin,
2196 5054 2290 5100 ant
2311 5043 2486 5116 ligno,
2511 5049 2609 5098 ant
2636 5041 2815 5112 lapide
2832 5080 2849 5108 ,
2876 5051 2974 5113 per
2997 5051 3119 5109 qua

1560 5135 1750 5193 incisio
1777 5134 2006 5192 efficitur
2041 5135 2163 5206 (per
2189 5135 2353 5191 multa
2390 5134 2533 5189 enim
2565 5131 2802 5189 admittit
2834 5129 2971 5186 ratlo
2998 5127 3117 5186 fleri

1559 5226 2177 5291 incisionemlsublato.
2226 5242 2322 5284 aer
2358 5233 2585 5299 propter
2628 5222 2980 5281 subtilitatem
3025 5220 3116 5278 sul

1550 5424 1737 5494 lapidi,
1767 5431 1821 5480 et
1846 5424 1985 5508 inira
2016 5424 2082 5480 ds
2110 5425 2367 5507 incorpor.
2394 5421 2490 5479 lib.
2508 5437 2548 5478 ιι
2568 5422 2668 5479 sub
2683 5420 2778 5477 dn.
2802 5416 3127 5489 deserebas·

1549 5494 2368 5645 lug'ffgtoentztwugqgsste
2405 5561 2485 5617 sio
2521 5560 2536 5614 l
2605 5561 2804 5617 endum
2821 5596 2839 5622 ,
2865 5566 2918 5613 et
2945 5557 3114 5628 maai*

1547 5644 1714 5769 :15:5⁸
1721 5634 1978 5776 ἐπεῖπε
2012 5650 2187 5690 eorum
2223 5644 2358 5706 tynis
2377 5641 2484 5689 ete.
2512 5647 2584 5685 κα
2643 5627 2905 5694 &mov
2926 5627 3115 5706 (doma-
