3692 6134
1030 300 1532 361 comum-{unni
1568 302 1635 359 m
1674 303 1926 362 tsmu.
1964 335 2035 347 -
2068 304 2221 362 cap,
2262 263 2329 361 ν.
3222 302 3321 359 na

319 439 329 473 ·.
357 418 546 489 ἔμεινα
565 418 662 474 τοῦ
693 419 921 491 ποιῆσαι
943 420 1242 491 σταφυλὴν,
1272 420 1364 475 καὶ
1397 419 1651 491 ὶποίησεν
1679 426 1727 483 Α
1826 420 1989 478 Vens.
2020 420 2139 477 3-6.
2184 440 2203 473 ι
2257 422 2324 477 Et
2373 419 2680 491 exspectavi
2722 427 2781 473 ut
2820 418 3023 474 faceret
3076 432 3230 485 uvas,
3264 430 3319 476 et

326 550 341 565 .
365 510 476 565 Καὶ
498 509 592 565 νῦν
613 511 664 565 ot
694 509 1032 576 ἐνοικοῦντες
1052 512 1111 566 ὲν
1150 511 1528 584 Ἰερουσαλὴμ,
1558 514 1654 567 καὶ
1757 508 1885 563 lecit
1916 509 2126 579 spinas.
2176 509 2243 564 Et
2294 522 2436 563 nunc
2470 507 2562 577 qui
2620 507 2858 563 incolitis
2902 505 3226 573 Jerusalem.
3265 517 3321 563 et

319 619 364 667 ις
387 600 484 657 τοῦ
532 602 720 668 Ἰούδα,
753 602 975 676 κρίνατε
1008 605 1068 658 ὲν
1099 603 1246 675 ἐμοὶ,
1280 604 1376 657 καὶ
1408 604 1512 659 ἀνά
1560 604 1656 675 μέ-
1755 601 1922 657 Ιιοιηο
1977 600 2139 666 luda,
2171 601 2415 672 judicate
2469 600 2611 657 inter
2660 614 2746 655 me
2813 607 2869 654 et
2925 599 3070 655 inter
3106 599 3320 655 vineam

328 692 646 766 ἀμπελῶνος
678 711 800 766 μου.
837 693 903 748 Τί
925 696 1145 768 ποιήσω
1171 695 1253 749 ἔτι
1269 694 1349 767 τῷ
1371 695 1653 768 ἀμπελῶνί
1753 706 1953 747 meam.
2003 691 2143 759 Quid
2193 692 2385 749 faciam
2431 692 2608 748 adbuc
2629 692 2799 747 vineae
2844 705 2999 758 meae‚
3040 691 3183 762 quod
3215 705 3319 745 non

319 784 449 839 ,οὐκ
474 783 705 856 ἐποίησα
730 783 914 857 αὑτῷς
938 786 1076 841 διότι
1100 786 1290 858 ἔμεινα
1308 787 1401 842 τοῦ
1429 786 1653 858 ποιῆσαι
1755 781 1858 837 feci
1890 782 1942 838 ei
1967 781 1991 836 ἲ
2018 782 2148 854 quia
2177 782 2489 853 exspectavi
2527 791 2587 838 ut
2636 781 2837 839 faceret
2874 796 3027 849 uvas,
3060 780 3153 837 sed
3194 779 3326 836 fecit

320 890 372 941 ν,
404 876 629 948 εποίησε
673 875 732 929 δὲ
774 876 1035 942 ἀκάνθας.
1069 877 1187 932 Νῦν
1232 874 1654 948 οὗν·ἀναγγελῶ
1753 874 1981 943 spinas?
2018 876 2175 931 Nunc
2214 876 2381 947 igitur
2410 874 2748 931 annuntiabo
2774 876 2931 931 vobis
2960 874 3089 945 quid
3124 873 3318 930 faciam

319 966 519 1038 ποιήσω
547 964 627 1036 τῷ
653 965 938 1037 ἀμπελῶνί
975 984 1076 1039 μου
1097 984 1112 999 ·
1152 967 1362 1038 ’Δφελῶ
1392 969 1485 1023 τὸν
1516 985 1654 1041 ‹ppa-
1754 964 1929 1021 vineae
1956 980 2087 1021 meae
2116 987 2131 1023 ε
2157 966 2411 1023 Auferam
2440 982 2623 1037 sepem
2664 965 2806 1036 eiua.
2850 974 2905 1022 et
2953 965 3060 1022 erit
3086 967 3141 1021 in
3179 964 3324 1020 dire·

319 1056 432 1123 τοῦ,
467 1058 561 1113 καὶ
601 1058 755 1115 ἔσται
792 1059 872 1124 είς
913 1061 1256 1135 διαρπαγήν·
1305 1062 1403 1117 καὶ
1442 1061 1654 1117 καθελῶ
1753 1056 1994 1127 ptionem
2021 1057 2268 1113 :diruam
2297 1058 2591 1113 maceriam
2614 1056 2755 1127 ejus,
2794 1055 2973 1112 eterit
3009 1056 3063 1111 in
3099 1054 3323 1112 concul-

320 1166 382 1220 ,ον
422 1149 610 1215 αὑτοῦ,
651 1152 746 1205 καὶ
784 1151 938 1208 ἔσται
981 1155 1061 1218 είς
1099 1154 1509 1227 καταπάτημα·
1560 1155 1655 1209 καὶ
1754 1147 2026 1203 cationem
2063 1155 2163 1203 :et
2186 1147 2487 1217 relinquam
2521 1147 2737 1203 vineam
2777 1160 2974 1212 meam,
3013 1153 3068 1202 et
3096 1161 3204 1201 non
3227 1160 3326 1216 pu-

319 1242 394 1296 τδν
425 1242 725 1314 ἀμπελῶνά
757 1262 879 1315 μου,
916 1246 1012 1300 καὶ
1043 1246 1106 1301 οὺ
1154 1245 1230 1319 μὴ
1278 1246 1508 1319 τιμηθῇ,
1543 1246 1652 1301 οὐδ’
1754 1237 1981 1302 tabitur‚
2024 1252 2200 1308 neque
2224 1236 2566 1301 [edietum-et
2593 1245 2844 1291 crescent
2875 1235 2929 1289 in
2949 1250 3033 1301 ea,
3066 1245 3325 1305 tanquam

319 1334 472 1405 ιαφῇ,
501 1334 599 1389 καὶ
624 1335 956 1408 ἀναδήσεται
982 1338 1062 1402 είς
1094 1337 1279 1402 αὐτὸν,
1304 1338 1379 1403 ὡς
1413 1341 1493 1403 είς
1524 1338 1651 1411 χέρ-
1752 1328 1806 1383 in
1846 1328 2049 1384 inculta
2107 1337 2279 1394 terra,
2335 1328 2527 1399 spinae.
2564 1326 2632 1382 Et
2660 1325 2897 1387 nubibus
2939 1326 3210 1382 mandabo
3256 1338 3326 1383 ne

319 1424 460 1482 ινοα,
499 1427 614 1481 Καὶ
653 1429 775 1492 ταῖς
805 1427 1058 1499 νεφέλαις
1087 1428 1407 1501 ὲντελοῡμα,
1435 1429 1529 1485 τοῦ
1574 1430 1650 1503 μὴ
1752 1417 1939 1489 pluant
1969 1432 2136 1489 super
2157 1432 2277 1473 eam
2314 1417 2573 1488 pluviam.
2599 1434 2619 1469 ι
2649 1414 2832 1472 Nubes
2861 1430 3068 1472 vocans
3097 1417 3325 1487 propbe-

321 1515 370 1579 ις
397 1516 562 1570 αὑτὸν
597 1516 770 1572 ὑετόν.
816 1535 835 1570 »
873 1518 1120 1586 Νεφέλας
1149 1519 1325 1590 δηλῶν
1353 1521 1482 1585 τοὺς
1525 1537 1652 1593 προ.
1757 1520 1838 1566 tas
1871 1530 1885 1567 :
1918 1523 2054 1580 quos
2090 1509 2160 1565 ob
2202 1510 2495 1580 puritatem
2531 1516 2589 1564 et
2626 1507 2752 1563 vitae
2780 1506 3129 1577 splendorem
3155 1508 3324 1564 nubes

319 1605 446 1660 m&
484 1608 579 1660 καὶ
609 1606 699 1662 διὰ
741 1606 802 1661 τὸ
830 1606 1065 1681 καθαρὸν
1096 1608 1278 1665 αὐτῶν
1310 1610 1406 1665 καὶ
1430 1610 1651 1681 διαυγὲς
1753 1599 2024 1671 appellat:
2063 1600 2257 1655 borum
2306 1599 2451 1654 enim
2490 1613 2659 1668 opera
2688 1598 2930 1656 coelestis
2977 1598 3114 1667 ipsis
3140 1612 3323 1655 sermo

320 1726 345 1763 ·,
385 1694 617 1766 νεφέλας
662 1696 859 1761 αὐτοὺς
891 1697 1077 1752 καλεῖ·
1116 1698 1204 1754 διά
1233 1699 1439 1755 τούτων
1475 1699 1587 1770 γὰρ
1624 1700 1653 1751 ὁ
1754 1690 2021 1758 dabatur,
2080 1692 2280 1763 quibus
2322 1690 2585 1754 Dominus
2639 1703 2701 1748 se
2734 1689 3098 1748 discessurum
3148 1689 3322 1746 inter-

344 1785 527 1849 αὐτοῖς
548 1788 863 1861 ἐχορηγεῖτο
895 1786 1051 1859 λόγος
1067 1807 1080 1819 ·
1113 1784 1196 1853 οἷς
1225 1789 1442 1846 ἀπειλεῖ
1471 1790 1502 1842 ὀ
1533 1790 1650 1845 Κύ·
1680 1777 1723 1834 Β
1751 1780 2007 1837 minatur·

320 1878 543 1949 στήσειν
575 1877 774 1933 αὐτῶν.

319 1987 431 2027 εινα
458 1970 554 2025 τοῦ
580 1972 800 2043 ποιῆσαι
821 1974 1026 2046 κρίσιν,
1055 1973 1283 2045 εποίησε
1311 1973 1369 2029 δὲ
1399 1974 1654 2046 ἀνομίαν,
1827 1966 1995 2025 Vnus,
2024 1966 2080 2020 7.
2112 1965 2487 2038 ‹Exspectavi
2527 1974 2586 2023 ut
2625 1965 2831 2023 iaceret
2856 1964 3142 2041 judicium,
3196 1964 3325 2023 fecit

319 2061 651 2133 ικαιοσύνην,
694 2061 834 2117 ἀλλὰ
863 2064 1135 2135 κραυγήν.
1182 2082 1201 2116 ι
1247 2064 1514 2136 Κραυγὴν
1547 2063 1657 2136 γὰρ
1755 2064 1937 2113 autem
1990 2056 2357 2127 iniquitatem,
2411 2067 2468 2113 et
2516 2072 2625 2114 uon
2665 2058 2954 2127 iustitiam,
2992 2061 3088 2115 sed
3124 2058 3323 2115 clamo·

319 2151 438 2205 ιᾱσα
462 2151 602 2223 πρὸς
623 2149 853 2205 θάνατον
877 2152 1147 2225 ἁμαρτία,
1165 2151 1374 2225 βοώσης
1395 2153 1495 2224 τῆς
1523 2154 1658 2225 πρά-
1755 2163 1895 2204 rem.
1925 2165 1947 2201 ι
1979 2146 2113 2203 Nam
2151 2161 2314 2203 omne
2345 2160 2625 2219 peccatum
2656 2148 2726 2204 ad
2743 2160 2998 2216 mortem,
3025 2150 3319 2205 clamorem

319 2241 441 2313 τῆς·
477 2242 621 2297 οὕτω
648 2242 780 2312 γοῦν
819 2242 1036 2317 εἴρηται
1061 2244 1142 2314 τὸ,
1182 2264 1202 2297 ι
1239 2243 1394 2317 Φωνὴ
1425 2246 1653 2318 αἵματος
1752 2236 1976 2307 emittit,
2016 2238 2286 2295 clamante
2337 2239 2422 2295 vei
2457 2239 2574 2311 ipsa
2625 2241 2882 2297 actione:
2935 2240 3015 2295 sic
3055 2239 3203 2295 enim
3237 2239 3321 2294 di·

319 2331 363 2386 ιῦ
386 2332 616 2405 ἀδελφοῦ
643 2350 738 2388 σου
764 2333 866 2407 βοᾷ
896 2336 1034 2407 πρὸς
1060 2336 1151 2407 με.
1751 2338 1902 2386 ctum
1940 2339 2044 2397 est,
2085 2348 2107 2383 ι
2134 2331 2252 2387 Vox
2296 2331 2582 2403 sanguinis
2610 2331 2745 2388 Abel
2783 2330 2967 2388 fratris
3008 2329 3087 2385 tui
3129 2329 3324 2384 clamat

1748 2420 1816 2477 ad
1848 2434 1935 2477 me
1955 2420 2024 2477 ⁸⁸.
2054 2438 2075 2474 ι

321 2512 428 2586 γὰρ
457 2511 724 2585 ὲργῶνται
752 2512 883 2573 δέκα
907 2513 1078 2587 ζεύγη
1124 2514 1284 2586 βοῶν.
1316 2517 1529 2589 ποιήαει
1555 2536 1646 2573 κε-
1820 2512 1990 2571 vm.
2017 2512 2109 2569 to·
2153 2531 2173 2567 ι
2207 2514 2309 2571 Ubi
2363 2529 2507 2572 emm
2547 2525 2711 2574 arant
2736 2516 2921 2574 decem
2946 2514 3072 2588 iuga
3131 2516 3317 2582 boum,

321 2620 385 2659 ν·
409 2604 502 2658 καί
525 2604 807 2678 ὁσπείρων
832 2606 1079 2678 ἀρτάόας
1112 2606 1192 2674 ἒξ,
1225 2609 1440 2681 ποιήσει
1469 2610 1645 2684 μέτρα
1747 2604 1915 2663 faciet
1951 2606 2301 2677 lagunculam
2355 2622 2555 2663 unam:
2604 2617 2662 2664 et
2713 2608 2810 2677 qui
2840 2608 3073 2665 seminat
3099 2607 3319 2662 artabas

319 2688 564 2759 ς’.τιανίουςῑ
608 2695 760 2761 τινὰς
786 2698 913 2763 τοὺς
957 2701 1019 2753 ὲν
1049 2698 1234 2763 αὐτοῖς
1279 2701 1645 2775 εὐρεθησομέ-
1745 2713 1865 2765 sex,
1913 2696 2076 2755 saciet
2103 2712 2389 2755 mensuras
2415 2701 2543 2756 tres.
2576 2718 2597 2754 ι
2625 2697 2800 2755 Raros
2838 2699 3098 2770 quosdam
3144 2698 3321 2755 homi-

319 2785 478 2859 ηρίας
501 2784 687 2853 ἀξίους
718 2789 1036 2848 αἰνίττεται.
1746 2804 1867 2855 nes,
1901 2789 1995 2862 qui
2033 2788 2175 2861 apud
2207 2790 2354 2860 ipsos
2387 2790 2559 2850 salute
2586 2790 2733 2862 digni
2784 2790 3139 2860 reperientur,
3186 2789 3317 2846 sub-

1747 2879 1976 2936 indicat.

319 2964 406 3018 ιοί
429 2962 771 3035 ἐγειρόμενοι
803 2963 862 3018 τὸ
887 2966 1056 3038 πρωϊ,
1081 2967 1176 3023 καὶ
1207 2968 1270 3023 τὸ
1301 2968 1496 3043 σίκερα
1519 2970 1646 3026 διώ-
1817 2970 1985 3031 Vuis.
2019 2971 2109 3027 ss.
2146 2988 2166 3024 t
2197 2968 2291 3028 Vae
2328 2971 2397 3028 iis
2418 2972 2510 3043 qui
2535 2986 2695 3028 mane
2723 2979 2974 3043 surgunt,
3008 2981 3061 3026 et
3086 2971 3315 3027 siceram

319 3057 345 3110 ί
379 3056 635 3127 μένοντες
672 3056 735 3110 τὸ
771 3056 888 3127 ὀψὲ·
920 3059 952 3112 ὁ
980 3059 1088 3132 γὰρ
1119 3055 1260 3125 οίνος
1287 3063 1488 3129 αὐτοὺς
1515 3081 1645 3135 συγ-
1746 3073 2186 3134 persequuntur-3
2226 3066 2319 3137 qui
2361 3074 2586 3124 manent
2624 3079 2849 3136 vespere
2878 3084 2892 3121 ε
2949 3065 3135 3119 vinum
3176 3065 3317 3119 enim

321 3165 342 3201 ι
391 3148 503 3219 Τῆς
541 3146 912 3219 ἀποστολικῆς
939 3148 1139 3218 λέξεως
1165 3150 1265 3225 τὴν
1295 3152 1556 3225 ἐξήγησιν
1582 3156 1645 3211 τὸ
1670 3121 1714 3182 c
1748 3155 2036 3213 comburet
2089 3169 2205 3215 eos.
2253 3176 2274 3212 ι
2322 3156 2623 3228 Αροειοίίεἰ
2683 3155 2812 3212 dicti
2879 3155 3315 3227 explanationem

319 3238 439 3294 οῦτο
473 3240 640 3313 μόρος
675 3239 776 3313 τῆς
818 3242 1157 3317 προφητείας
1202 3245 1476 3319 περιέχεν
1511 3246 1646 3302 διότι
1747 3261 1876 3318 pars
1923 3248 2038 3305 baec
2094 3251 2391 3321 prophetiae
2441 3251 2681 3308 continet
2719 3267 2735 3306 ι
2768 3264 2891 3304 nam
2938 3249 3080 3314 ideo,
3126 3248 3317 3317 inquit,

319 3331 386 3395 rt,
417 3350 436 3383 ι
479 3332 716 3387 Μέθυσοι
750 3331 1028 3402 βασιλείαν
1057 3332 1192 3391 Θεοῦ
1220 3335 1281 3389 οὐ
1318 3336 1647 3412 κληρονομή-
1752 3357 1774 3392 ι
1812 3336 1961 3394 Ebrii
1990 3354 2215 3412 regnum
2260 3341 2358 3397 Dei
2404 3356 2511 3397 non
2554 3340 2907 3412 possidebunt
2929 3341 3014 3407 ¹⁹;
3055 3357 3075 3392 ι
3132 3338 3184 3394 id
3212 3348 3315 3403 est,

326 3423 605 3478 τουτέστιν
625 3425 675 3478 ot
696 3423 822 3495 ἄρτι
840 3423 941 3497 τὴν
971 3427 1036 3483 ἐκ
1067 3426 1168 3497 τῆς
1188 3427 1437 3500 νεότητος
1460 3430 1645 3486 ἄνοιαν
1747 3431 1840 3503 qui
1871 3433 2106 3496 nondum
2125 3433 2429 3503 juventutis
2454 3433 2823 3504 insipientiam
2840 3434 3228 3504 deposnerunt,
3261 3444 3319 3488 et

319 3532 414 3580 νοι,
447 3516 542 3570 καὶ
566 3517 688 3571 ἀντὶ
716 3517 818 3588 τῆς
853 3516 948 3571 τοῦ
994 3518 1155 3589 λόγου
1187 3520 1468 3594 δυνάμεως
1494 3523 1646 3578 ebro-
1746 3521 1864 3593 qui,
1898 3537 2021 3579 cum
2068 3523 2409 3579 turbulentos
2450 3524 2620 3580 animi
2672 3538 2850 3579 motus
2897 3533 3119 3578 strenue
3143 3538 3317 3592 oppu-

319 3607 617 3664 ταπαλαίειν
665 3610 732 3666 τὰ
783 3608 955 3685 πάθη,
1009 3611 1444 3686 ἀνατρεπόμενοι
1511 3619 1642 3689 παρ’
1753 3627 1924 3686 gnare
1968 3613 2237 3679 debeant‚¹
2268 3614 2337 3669 ab
2384 3598 2452 3671 iis
2481 3624 2669 3670 contra
2696 3613 3184 3674 subvertuntur-,et
3216 3629 3314 3668 ceu

319 3702 389 3756 ιαὶ
413 3696 527 3756 οἷόν
558 3718 677 3757 τινα
716 3701 886 3775 μέθην
917 3703 1155 3778 τὰπάθη
1191 3706 1640 3778 μεταδιώκοντες.
1745 3706 2037 3771 quamdam
2091 3704 2437 3771 ebrietatem,
2495 3704 2665 3759 animi
2741 3704 2961 3759 morbos
3014 3715 3315 3760 sectantur.

330 3795 456 3858 τοὺς
498 3793 778 3860 Ἰουδαίους
807 3799 900 3850 καὶ
934 3797 1071 3867 μετὰ
1099 3798 1200 3872 τὴν
1230 3799 1373 3853 κατὰ
1398 3800 1494 3854 τοῦ
1529 3801 1644 3855 Σω-
1746 3797 2054 3855 Verisimile
2099 3812 2264 3869 porro
2304 3805 2408 3874 est·
2435 3793 2653 3857 «ludaeos
2700 3806 2822 3867 post
2861 3796 3064 3852 editum
3122 3806 3312 3852 contra

319 3886 426 3958 μῶν
452 3886 678 3958 τόλμαν,
731 3889 819 3943 ὅτε
851 3888 1020 3961 ἐχρῆν
1068 3891 1268 3955 αὐτοὺς
1301 3891 1517 3947 πενθεῖν
1555 3891 1644 3947 διά
1745 3889 2085 3945 Salvatorem
2128 3896 2376 3946 nostrum
2422 3888 2624 3954 scelus,
2674 3902 2797 3944 cum
2852 3903 2952 3960 par
2987 3888 3311 3956 fuisseteos,

319 3995 486 4033 Ιουσαν
520 3979 923 4051 καταλήψεσθαι
949 3982 1147 4047 αὐτοὺς
1173 3984 1364 4055 ὀργὴν,
1406 3984 1645 4055 κραιπά-
1743 3979 1968 4036 ultionis
1987 3994 2090 4049 qua
2120 3978 2408 4035 invadendi
2433 3987 2592 4034 eraut
2623 3987 2793 4045 metu,
2813 3978 3022 4051 lugere.
3048 3979 3309 4049 crapulis,

347 4071 844 4144 οίνοφλυγίαις,καὶ
870 4077 938 4147 τῇ
963 4072 1101 4146 ἄλλῃ
1127 4078 1308 4149 τρυφῇ
1340 4075 1640 4146 σχολάζειν.
1745 4071 2122 4135 ebrietatibus,
2168 4069 2398 4144 aliisque
2457 4068 2823 4139 voluptatibus
2878 4084 3127 4125 vacasse.
3171 4069 3315 4137 Qua-

319 4159 570 4225 ινίζονται
623 4162 732 4216 ὑπὸ
773 4161 868 4216 τοῦ
897 4162 1078 4233 λόγου,
1121 4163 1196 4230 ὠς
1227 4163 1644 4237 ἀνεπαισθήτως
1746 4172 1968 4232 propter
2023 4162 2205 4217 miseri
2265 4178 2295 4217 a
2353 4161 2631 4232 Scriptura
2690 4161 3072 4232 praedicantur.
3126 4171 3311 4231 utpote

319 4251 401 4304 ῶν
420 4253 542 4306 ὅσον
562 4252 717 4307 οῦπω
736 4254 1194 4328 καταληψομένων
1213 4256 1410 4321 αὐτοὺς
1433 4256 1638 4313 κακιῖιν.
1744 4252 1834 4322 qui
1864 4249 2011 4307 nullo
2037 4266 2160 4308 mox
2202 4250 2505 4307 futurorum
2534 4250 2797 4305 malorum
2828 4265 2989 4306 sensu
3032 4266 3312 4307 moveren-

1746 4352 1849 4398 tul·-

319 4427 462 4501 ὶγὰρ
484 4428 716 4502 κιθάρας
742 4428 838 4483 καὶ
869 4427 1191 4501 ψαλτηρίου,
1227 4432 1319 4484 καὶ
1344 4430 1642 4503 τυμπάνων
1672 4462 1723 4518 n
1822 4433 1988 4497 Vatis·
2015 4432 2103 4498 12.
2154 4450 2177 4489 t
2204 4433 2338 4492 Nam
2385 4434 2765 4500 cum'cithara‚
2798 4434 3056 4507 psalterio
3087 4446 3140 4493 et
3170 4446 3310 4509 tym-

319 4538 322 4555 ·
367 4518 613 4574 πίνουσι·
649 4520 719 4576 τὰ
766 4520 824 4573 δὲ
871 4519 1006 4593 ἔργα
1037 4520 1243 4592 Κυρίου
1295 4524 1395 4584 οὐκ
1446 4524 1639 4595 ὲμὸλέ-
1748 4528 1906 4599 panis
1936 4529 2118 4582 vinum
2144 4538 2370 4599 potant:
2404 4516 2570 4599 opera
2631 4539 2809 4583 autem
2846 4528 3055 4584 Domini
3081 4546 3184 4585 non
3225 4546 3314 4586 re-

320 4613 374 4665 αὶ
413 4612 483 4666 τὰ
523 4610 660 4682 ἔργα
690 4611 799 4665 τῶν
840 4612 1034 4684 χειρῶν
1063 4612 1229 4667 αὑτοῦ
1265 4615 1326 4667 οὐ
1353 4614 1644 4674 κατανοοῦ-
1746 4618 2008 4690 spiciunt,
2042 4630 2098 4676 et
2137 4634 2298 4690 opera
2335 4636 2590 4675 manuum
2612 4620 2727 4687 eius
2756 4635 2862 4675 non
2895 4620 3253 4677 considerant.
3287 4640 3306 4674 ι

319 4702 416 4757 ιλλ’
451 4702 570 4756 οὐδὲ
608 4703 719 4766 τοῖς
747 4701 912 4767 θείοις
944 4704 1233 4775 προσέχειν
1280 4705 1502 4776 λογίοις,
1546 4708 1639 4760 καὶ
1750 4713 1947 4775 Yet-nm
1976 4730 2075 4772 nec
2108 4715 2226 4770 fleri
2266 4724 2502 4784 poterat,
2535 4725 2594 4769 ιιι
2631 4717 2688 4782 ii,
2732 4716 2821 4786 qui
2855 4714 3109 4771 lascivam
3143 4716 3308 4769 vitam

319 4794 408 4849 θεν
439 4794 704 4866 ὠφέλεια*
749 4794 1089 4867 καρποῦσθαι
1135 4790 1245 4850 Οἷόν
1272 4814 1330 4850 τε
1368 4799 1494 4862 τοὺς
1531 4815 1639 4851 κω-
1747 4807 2237 4879 amplectebantur,
2279 4821 2343 4863 ac
2389 4808 2641 4863 ebrietati
2696 4806 3179 4878 saltationibusque
3223 4808 3312 4862 de-

319 4910 331 4942 e
365 4891 477 4962 βίον
518 4891 951 4963 ἀσπαζομένους,
994 4894 1089 4955 καὶ
1135 4891 1278 4967 μέθῃ
1310 4894 1404 4946 καὶ
1452 4894 1645 4965 κορδα-
1746 4897 1843 4953 diti
1894 4907 2073 4962 erant.
2104 4897 2304 4952 divinis
2348 4895 2691 4951 attenderent
2749 4896 2981 4953 oraculis
3040 4897 3107 4951 ab
3142 4895 3314 4964 iisque

319 4986 705 5058 κεχρημένους.
1745 4988 1983 5044 fructum
2016 4988 2379 5060 perciperent.

320 5175 386 5211 υν
413 5159 753 5231 αἰχμάλωτος
789 5160 819 5216 ὁ
845 5161 975 5226 λαός·
1009 5180 1109 5233 μου
1145 5159 1402 5232 ἐγενήθη,
1447 5159 1535 5214 διὰ
1580 5160 1642 5213 τὸ
1818 5157 1983 5215 Vens.
2026 5158 2113 5216 ¹5.
2148 5177 2168 5213 ι
2199 5158 2368 5232 lgitur
2392 5126 2637 5231 captivus
2664 5161 2892 5233 populus
2940 5174 3094 5216 mens
3138 5159 3314 5214 sactus

319 5267 383 5304 αι
415 5251 619 5317 αὐτοὺς.
652 5252 744 5306 τὸν
776 5250 1001 5325 Κύριον,
1035 5251 1132 5310 καὶ
1176 5250 1378 5322 πλῆθος
1409 5250 1641 5324 ἐγενήθη
1746 5260 1851 5316 εει,
1881 5266 1949 5307 eo
1976 5251 2118 5322 quod
2145 5266 2249 5307 non
2277 5253 2633 5324 cognoverint
2670 5254 2955 5310 Dominum
2984 5259 3093 5306 zet
3126 5248 3309 5304 multi-

319 5342 400 5397 διὰ
444 5342 600 5416 λιμὸν
633 5344 728 5400 καὶ
776 5344 927 5414 δίψος
969 5342 1158 5407 ὓδατος
1198 5342 1331 5415 (to).
1368 5361 1387 5395 ι
1436 5342 1642 5416 Ῥητῶς
1751 5344 1879 5400 tudo
1897 5354 2231 5400 mortuorum
2249 5343 2594 5420 luitpropter
2614 5347 2807 5403 samem
2831 5352 2887 5398 ει
2911 5342 3058 5398 sitim
3085 5354 3258 5411 aquae.
3285 5359 3305 5394 ι

329 5500 345 5517 .
383 5477 458 5529 tv,
485 5464 573 5518 lo.
648 5464 694 5496 ¹·
723 5462 743 5516 t
773 5462 900 5519 Cor.
926 5476 999 5524 vr.
1030 5461 1117 5517 to.

319 5605 419 5661 laec
448 5606 521 5662 ita
549 5605 914 5663 flieronvmus
947 5604 1134 5670 vertit,
1168 5620 1186 5655 ι
1216 5600 1342 5659 liaec
1366 5601 1519 5669 juxta
1551 5599 1634 5655 lit·
1744 5602 1937 5660 Latina
1992 5612 2180 5661 narrat
2229 5603 2477 5659 historia.
2538 5601 2686 5672 Quod
2732 5597 3101 5672 spiritualiter,
3152 5594 3311 5654 hodie

319 5678 535 5733 :cidisse
572 5672 769 5747 populo
806 5674 1114 5732 «ludaeorum
1157 5674 1258 5730 sub
1307 5671 1635 5743 Vespasiano
1744 5690 1963 5745 quoque
1990 5676 2286 5740 uatiuntur,
2312 5692 2331 5727 ι
2362 5683 2469 5730 ειε.

350 5747 608 5805 Romanis
660 5747 1038 5815 principibus,
1086 5755 1194 5801 tam
1240 5743 1425 5801 Graeca
1471 5757 1632 5812 quam
