3692 6134
237 327 373 384 1169

1568 326 1637 383 IN
1679 328 1938 387 ttAT'rtt.
1973 330 2042 397 X,
2075 331 2163 389 54.

3342 329 3477 388 1170

228 443 468 499 sentium
491 455 598 508 est,
629 445 722 515 qui
763 446 956 502 borum
984 445 1265 502 seientiam
1295 459 1394 516 per
1417 454 1630 502 noctem
1668 447 1813 504 acei·
1838 456 1887 514 Α
1915 452 2030 509 sive
2069 455 2214 539 enim
2242 457 2367 526 quis
2408 457 2630 526 cogitat,
2664 454 2777 510 aive
2800 452 2923 523 quis
2956 452 3192 508 intentus
3222 461 3327 518 est,
3363 452 3478 508 siro

230 551 361 605 pere
396 536 619 607 incipiet
644 547 882 595 tractans
910 549 968 596 et
1010 539 1380 611 repercutiens
1425 540 1725 605 insomnia,
1753 548 1810 597 et

231 643 302 684 ue
345 628 568 699 quidem
611 629 717 701 ipsi
765 644 960 687 somno
996 632 1320 696 concedens,
1368 627 1510 686 torte
1559 637 1809 686 scrutans

232 737 329 792 per
353 731 567 778 noctem
593 737 716 779 eum
743 725 877 790 otio,
907 731 964 780 et
989 737 1020 778 a
1049 721 1253 778 lumine
1281 731 1546 778 nocturno
1568 721 1808 787 fulgores

230 812 529 884 accipiens,
577 822 785 885 qua-ret
824 813 1165 869 vinculorum
1209 812 1403 869 borum
1463 795 1803 870 solutiones:

221 916 291 961 et
318 906 366 961 si
408 905 622 975 quidem
657 906 926 962 invenerit
954 906 1198 963 lucratus
1231 913 1350 973 est,
1397 913 1456 961 et
1491 919 1705 962 sursum
1750 912 1808 963 et

229 1000 486 1055 deorsum
520 1008 863 1064 convertens,
897 1006 956 1054 et
989 1012 1238 1068 quaerens
1275 1006 1331 1054 et
1382 997 1651 1064 volutans,
1682 1013 1808 1070 per-

226 1090 378 1148 sistit
420 1091 473 1146 in
515 1091 752 1156 incerto,
799 1089 1084 1147 sollicitior
1127 1089 1274 1146 venit
1315 1089 1386 1146 ad
1439 1090 1802 1146 inventionem

230 1181 544 1240 solutionis.
601 1181 727 1237 Scio
775 1190 956 1238 autem
993 1181 1119 1252 quia
1173 1180 1544 1252 unusquisque
1585 1180 1678 1251 qui
1716 1179 1804 1235 liic

231 1273 464 1342 assistit,
496 1273 688 1342 exiens
717 1271 786 1328 de
816 1273 902 1329 liis
926 1272 1143 1343 quidem
1167 1272 1275 1329 erit
1304 1271 1590 1339 sollicitus,
1614 1285 1802 1327 euram

227 1365 437 1421 ventris
479 1379 583 1421 non
610 1364 816 1421 iaciens
849 1378 867 1419 z
903 1364 1045 1421 sorte
1085 1375 1268 1422 autem
1309 1364 1531 1434 quidam
1569 1374 1627 1420 et
1662 1362 1804 1419 indi-

225 1467 506 1530 gnantur,
559 1460 684 1528 quia
740 1459 1122 1530 protendimus
1178 1472 1530 1524 sermonem;
1583 1457 1800 1528 plurimi

218 1551 374 1607 enim
405 1552 810 1608 obdormientes
851 1564 907 1608 et
948 1554 1002 1609 in
1055 1552 1197 1609 facie
1233 1551 1423 1608 volunt
1463 1565 1533 1608 et
1575 1550 1800 1607 aliorum

224 1642 503 1700 laboribus
527 1651 582 1699 et
607 1644 895 1700 sudoribus
916 1644 1036 1700 sine
1063 1643 1252 1700 labore
1273 1653 1465 1715 parata
1486 1642 1798 1713 suscipere3

216 1735 272 1792 si
298 1744 479 1791 autem
503 1742 562 1790 et
582 1736 941 1807 susceperint,
968 1735 1061 1804 qui
1106 1744 1286 1792 autem
1319 1734 1657 1793 adinveniant
1692 1749 1800 1791 non

1906 547 2034 614 quis
2064 537 2408 604 commodutri
2439 547 2669 617 accepit,
2698 546 2814 602 sive
2843 543 2967 616 quis
2988 543 3256 601 convertit
3279 559 3480 615 oppro-

1910 635 2111 701 brium,
2141 636 2373 706 gaudeo.
2412 635 2472 692 Si
2513 645 2696 692 autem
2720 633 2997 706 negligunt
3022 634 3118 705 qui
3144 633 3391 704 audiunt,
3421 642 3479 691 et

1908 728 2260 786 dissimulant
2286 730 2379 801 qui
2411 729 2697 796 docentur,
2725 742 2887 800 quam
2922 727 3185 782 rationem
3208 726 3360 783 dabit
3385 728 3474 798 qui

1908 820 2235 878 constitutus
2266 829 2354 877 est
2387 823 2666 892 magister,
2709 828 2765 877 et
2809 832 2916 877 non
2942 818 3291 888 qtiaestiosum
3324 818 3474 882 dicit,

1906 912 2003 968 sed
2027 925 2150 983 qum
2188 911 2428 983 impertit
2452 911 2600 984 gregi
2635 909 2882 966 Domini?
2902 907 3236 981 imprecatur
3256 907 3476 980 quidem

1907 1002 1977 1059 ab
1999 1017 2067 1060 eo
2088 1018 2279 1060 omnes
2302 1003 2562 1060 sollicitos
2587 1017 2731 1068 esse,
2766 1011 2823 1057 et
2843 1001 3099 1068 scrutari,
3123 1009 3182 1058 et
3207 1015 3473 1073 qumrere,

1905 1104 1962 1153 et
1990 1103 2196 1162 tenere,
2239 1103 2297 1152 et
2336 1096 2564 1159 discere,
2610 1103 2667 1151 et
2697 1093 3051 1152 fructificare.
3080 1092 3141 1148 Si
3190 1100 3373 1149 autem
3420 1098 3479 1147 ot

1904 1187 2122 1257 quidam
2160 1187 2460 1260 negligunt,
2486 1186 2685 1257 quibus
2710 1200 2811 1241 nec
2845 1183 3141 1240 convenire
3168 1179 3477 1240 sollicitudo

1903 1287 2010 1348 est,
2042 1279 2179 1336 nibil
2218 1280 2322 1336 boc
2353 1280 2421 1335 ad
2452 1293 2537 1336 me
2567 1297 2583 1332 τ
2613 1289 2670 1334 et
2703 1288 2854 1334 certe
2880 1275 2948 1331 ad
2977 1289 3094 1343 me;
3134 1274 3303 1346 tangit
3328 1270 3474 1330 euim

1905 1384 1993 1426 mc
2018 1379 2075 1427 et
2103 1371 2425 1439 contristat;
2456 1380 2639 1426 tamen
2671 1370 2789 1426 sive
2823 1368 3013 1440 paucis
3041 1367 3275 1423 eflicitur
3295 1378 3478 1422 sermo

1902 1463 2023 1521 sive
2047 1462 2257 1530 multis,
2282 1463 2400 1520 sive
2420 1461 2755 1534 negligentes
2792 1468 2921 1516 sunt
2955 1460 3072 1517 sive
3090 1457 3333 1524 solliciti,
3365 1469 3472 1512 non

1905 1554 2076 1613 debeo
2099 1562 2320 1626 propter
2345 1552 2726 1625 negligentiam
2767 1560 2825 1609 et
2860 1553 2979 1618 inse
3010 1551 3288 1623 negligens
3322 1549 3474 1605 inve-

1903 1646 2031 1704 niri.
2078 1645 2248 1704 Forte
2297 1655 2480 1700 autem
2528 1643 2747 1714 quidam
2782 1651 2838 1700 et
2889 1643 3213 1700 contendent
3272 1654 3471 1711 expro-

1903 1739 2043 1796 brati
2087 1759 2101 1794 ι
2144 1747 2204 1794 et
2260 1738 2308 1794 si
2356 1749 2468 1792 non
2517 1742 2741 1806 propter
2803 1746 3045 1789 amorem
3108 1729 3366 1787 doctrinae
3416 1734 3477 1785 et

222 1826 501 1884 laborant.
549 1826 607 1882 Si
644 1836 826 1883 autem
858 1836 913 1884 et
957 1827 1314 1897 suscipientes
1358 1827 1653 1883 servabunt
1701 1826 1796 1897 qui
1826 1820 1873 1882 tt
1898 1827 2160 1896 studium,
2177 1829 2372 1886 saltem
2389 1834 2612 1896 propter
2636 1820 3474 1894 ruboremetopprobriom,ete.

223 1932 335 1973 non
379 1917 729 1985 sudaverunt,
778 1917 912 1974 nibil
963 1929 1142 1973 autem
1185 1917 1378 1973 borum
1424 1914 1790 1987 requirentes;

1189 2231 1751 2358 Eusssssu
1833 2231 2522 2348 PAMPfflm
2915 2376 2996 2461 s

964 2476 1111 2567 DE
1183 2473 1342 2569 EO
1413 2472 1748 2584 QUOD
1822 2476 2030 2566 Al't‘
2102 2472 2741 2600 DOMINUS:
2849 2478 2916 2607 ,θ’

1208 2625 1354 2690 Non
1391 2625 1533 2719 oeni
1565 2643 1786 2706 pacem
1825 2623 2076 2688 mittere
2118 2625 2187 2686 in
2228 2635 2483 2691 terrum.

1536 2750 1769 2813 LtBER
1808 2749 2141 2813 SEXTUS.
2161 2739 2368 2819 ΡΧ

966 2926 1543 3003 «ΜΛ-κ.
1612 2922 1673 2977 ‘⁶'

132 3048 147 3057 “
188 3032 243 3061 ”’“
280 3033 902 3128 &sponsusquit'tu'ne
937 3052 1032 3111 fllii
1056 3052 1350 3125 habentur,
1373 3062 1660 3125 pareutum
1696 3053 1796 3111 de·
1823 3064 1871 3128 c
1902 3053 2131 3128 liguram
2177 3051 2377 3110 debent
2428 3051 2750 3110 assumere?
2791 3051 3036 3111 Sustinet
3079 3067 3213 3109 sane
3241 3067 3469 3126 sponsus

212 3144 481 3204 siderium
526 3145 708 3212 trabit,
765 3155 821 3202 et
870 3153 1162 3219 properant
1197 3145 1264 3202 ad
1294 3147 1564 3219 genitores
1588 3160 1800 3202 annun·
1897 3151 2101 3219 quanta
2130 3145 2200 3202 ad
2219 3145 2615 3204 correctionem
2643 3152 2770 3200 sunt
2803 3144 3106 3202 necessaria
3136 3155 3193 3203 et
3213 3157 3465 3204 ornatum

180 3277 187 3283 -
218 3240 367 3294 tiare
383 3252 592 3310 sponsae
618 3237 953 3294 honestatem
979 3247 1037 3293 et
1059 3237 1346 3309 colloquia.
1389 3238 1589 3310 quique
1613 3248 1671 3297 et
1693 3255 1795 3310 pa·
1895 3252 2127 3310 sponsa,
2180 3237 2386 3310 patitur
2424 3246 2480 3293 et
2522 3236 2737 3294 labores
2780 3245 2838 3294 et
2864 3235 3075 3309 vigilias
3115 3245 3173 3294 et
3205 3235 3468 3294 adinven-

219 3328 471 3387 rentibus
497 3327 811 3385 manifestus
833 3338 916 3384 est
938 3343 1055 3384 mos
1087 3326 1233 3398 ejus,
1258 3339 1315 3384 et
1342 3329 1576 3397 babitus,
1594 3341 1652 3386 et
1674 3328 1799 3387 affe-
1895 3329 2074 3389 tiones
2096 3345 2113 3386 ε
2138 3328 2326 3402 vigilat
2343 3329 2487 3386 enim
2517 3338 2577 3385 ut
2616 3328 2891 3387 reflciatur
2920 3341 3141 3400 sponsa,
3177 3336 3233 3386 et
3259 3327 3471 3385 laborat

218 3427 366 3477 ctus.
395 3418 678 3476 Festinant
727 3428 905 3474 autem
952 3417 1145 3474 iterum
1180 3427 1237 3473 et
1269 3418 1335 3474 ad
1384 3433 1657 3490 sponsam,
1684 3435 1797 3477 me·
1895 3431 1956 3478 ut
1992 3424 2309 3489 adornetur,
2332 3432 2387 3478 et
2413 3420 2619 3478 invenit
2654 3430 2714 3476 ut
2734 3428 3008 3492 pascatur.
3039 3418 3211 3476 Natus
3235 3419 3381 3475 enim
3402 3417 3470 3474 il·

218 3525 411 3568 mores
457 3509 599 3566 illius
636 3511 705 3567 ab
745 3511 900 3566 initio
928 3510 1191 3574 mandati,
1233 3512 1326 3582 qui
1359 3511 1481 3566 ait:
1521 3509 1795 3585 Relinqaet
1894 3514 2001 3572 lius
2056 3513 2285 3573 efficitur
2326 3529 2537 3586 sponsae
2574 3524 2815 3571 ornatus.
2848 3512 2987 3583 Quid
3033 3523 3213 3570 autem
3241 3513 3365 3570 dico
3402 3513 3470 3570 de

218 3606 383 3660 Ιιοιιιο
420 3613 620 3670 putrem
652 3611 703 3659 et
746 3613 984 3668 matrem,
1024 3612 1074 3657 ct
1107 3603 1453 3675 conjungetur
1483 3605 1717 3670 mulieri,
1746 3613 1796 3661 ct
1896 3604 2035 3663 Filio
2072 3606 2165 3676 qui
2192 3606 2259 3663 de
2290 3607 2429 3664 coelo
2457 3605 2756 3674 deseendit,
2784 3615 2843 3662 ut
2874 3605 3140 3676 captivam
3169 3605 3272 3661 sibi
3319 3605 3469 3663 acci-

218 3705 379 3753 enmt
402 3696 554 3751 ambo
588 3696 644 3752 in
673 3711 830 3751 came
861 3713 966 3752 una
1004 3698 1074 3752 ⁰0.
1095 3695 1372 3753 laetantur
1402 3705 1586 3753 autem
1606 3707 1664 3753 et
1699 3711 1815 3769 pa-'
1896 3707 2049 3772 peret
2065 3713 2343 3770 sponsam,
2368 3697 2513 3753 illam
2533 3711 2653 3769 qua
2676 3705 2802 3753 aute
2816 3705 2935 3753 erat
2958 3695 3194 3761 sordida,
3216 3711 3337 3766 quae
3351 3694 3471 3752 tue-

218 3792 413 3845 rentes
458 3786 702 3842 videntes
762 3785 903 3844 illios
937 3793 1139 3857 patres.
1194 3785 1263 3842 Et
1299 3788 1502 3844 scimus
1537 3802 1795 3858 sponsum
1895 3799 1980 3846 rat
2006 3787 2291 3854 fornicata,
2314 3802 2435 3859 quae
2468 3803 2655 3846 comas
2703 3788 2934 3845 babebat
2961 3790 3221 3861 impuras,
3264 3803 3385 3860 quae
3413 3797 3470 3845 et

218 3890 415 3934 verum
450 3877 702 3935 Ecclesiae
717 3877 1021 3934 Dominum.
1056 3879 1161 3935 Sed
1191 3879 1317 3949 quia
1345 3879 1524 3936 lumen
1555 3879 1683 3937 illud
1706 3896 1799 3938 ve-
1896 3882 1966 3938 ab
1998 3881 2141 3938 intus
2171 3889 2228 3939 et
2257 3897 2289 3936 a
2322 3880 2456 3939 foris
2499 3895 2607 3938 non
2642 3889 2761 3939 erat
2797 3881 2959 3949 bona,
2994 3881 3049 3938 in
3082 3895 3242 3953 quam
3282 3880 3468 3936 illusc-

2565 2766 2656 2815 f...

2495 2812 2562 2839 2¹--

221 3984 349 4027 rum
385 3969 671 4026 luminaria
702 3968 853 4037 tacit,
899 3980 953 4027 et
1002 3972 1259 4043 magister
1285 3971 1401 4043 ipse
1426 3971 1572 4029 solus
1604 3973 1658 4029 in
1689 3973 1796 4031 Ec-

216 4060 392 4118 clesia
423 4062 601 4132 posuit
628 4071 684 4119 et
714 4063 1021 4132 magistros,
1052 4073 1104 4120 et
1130 4072 1317 4133 pastor
1355 4064 1469 4135 ipse
1498 4065 1672 4122 bonus
1694 4081 1796 4136 pa-

1896 3985 2025 4032 runt
2077 3975 2369 4043 daemones,
2413 3988 2536 4046 quae
2559 3972 2865 4032 toedabatur
2896 3973 2949 4030 in
2993 3972 3287 4038 montibus,
3348 3988 3468 4043 qua

1898 4068 2038 4124 nuda
2065 4070 2336 4135 currebat,
2364 4084 2486 4140 quae
2511 4069 2769 4126 lectiones
2795 4067 3180 4123 demoniorum
3210 4064 3468 4132 habebat,

218 4159 404 4209 stores
427 4152 729 4217 constituit,
757 4167 986 4225 sponsus
1030 4154 1247 4223 quidem
1282 4154 1396 4224 ipse
1425 4169 1584 4210 verus
1598 4162 1704 4222 est,
1738 4164 1797 4211 ut
1896 4174 2017 4230 quae
2040 4160 2213 4230 turpia
2232 4160 2509 4230 cantabat,
2548 4160 2725 4232 turpia
2745 4158 2979 4225 ludebat,
3000 4158 3178 4228 turpia
3215 4157 3472 4231 loqueba-

218 4250 314 4300 est
342 4258 590 4314 sponsus.
612 4242 747 4312 Quia
777 4253 952 4299 autem
988 4244 1314 4317 mysterialis
1350 4255 1454 4315 est,
1504 4246 1795 4319 mysteria·

1899 4256 1986 4303 tur
2017 4265 2032 4302 ε
2063 4263 2185 4320 quae
2206 4266 2275 4306 ne
2307 4248 2523 4322 quidem
2563 4249 2618 4305 in
2654 4249 2847 4306 itinere
2869 4248 3172 4305 bominibus
3201 4249 3467 4304 concede·

219 4333 355 4390 litas
383 4333 484 4390 ista
509 4349 615 4390 non
660 4333 960 4391 maculatur
996 4350 1212 4406 sponsa,
1241 4335 1286 4392 si
1311 4344 1366 4392 et
1403 4350 1589 4393 servos
1617 4338 1672 4393 itt
1697 4336 1796 4394 bo-
1895 4338 2009 4406 bat,
2046 4356 2167 4412 quoe
2196 4341 2446 4411 portabat
2470 4343 2692 4414 lapides,
2717 4351 2772 4398 et
2799 4340 3167 4398 fornicabatur
3198 4341 3267 4395 ad
3300 4340 3466 4413 ligna,

220 4444 363 4488 nore
392 4429 651 4501 suscipiat
675 4429 878 4500 sponsi.
916 4429 1137 4485 Dicebat
1176 4430 1318 4486 enim
1346 4443 1578 4499 sponsus
1610 4427 1793 4486 Domi·
1824 4409 1875 4470 D
1899 4447 2020 4503 quae
2064 4431 2323 4507 fumigata
2360 4444 2499 4498 erat,
2543 4449 2664 4506 ηοω
2717 4433 2994 4490 redolebat
3028 4432 3216 4490 nidore
3255 4432 3467 4500 soetido,

220 4535 355 4587 nus,
397 4531 456 4577 ut
487 4521 755 4579 audistis:
797 4521 903 4590 Qui
942 4538 1029 4578 vos
1069 4522 1304 4590 suscipit,
1351 4539 1434 4579 nte
1483 4523 1700 4595 suscipit
1725 4523 1795 4579 ⁸¹.

221 4613 468 4684 Apparet
495 4624 673 4671 autem
726 4622 986 4685 quantum
1033 4614 1358 4684 sponsalitas
1386 4615 1501 4686 ipsa
1538 4615 1798 4682 emineat,

222 4706 301 4764 ab
324 4719 389 4760 ea
419 4720 539 4776 quae
563 4705 618 4762 iu
645 4707 841 4763 mundo
875 4716 958 4764 est
977 4707 1311 4778 periculosa;
1343 4725 1448 4765 uon
1471 4708 1614 4765 enim
1638 4709 1799 4766 istinc

223 4795 427 4854 muller
480 4797 696 4867 adjuvat
723 4799 922 4867 virum,
950 4801 1045 4856 sed
1082 4816 1314 4873 sponsus
1344 4816 1597 4872 sponsam
1634 4818 1650 4858 τ
1691 4817 1796 4858 non

220 4903 425 4961 sponsa
455 4891 624 4946 servit
645 4891 782 4959 viro,
812 4892 905 4948 sed
938 4908 1168 4962 sponsus
1209 4893 1374 4949 servit
1399 4902 1453 4949 et
1483 4893 1646 4949 dicit:
1683 4893 1794 4966 Ego

221 4979 462 5037 libenter
487 4995 586 5050 pro
616 4982 810 5037 animis
827 4981 1019 5037 restris
1037 4982 1322 5054 erogabor,
1339 4992 1394 5038 et
1422 4984 1794 5055 memetipsum

228 5071 466 5130 tradam.
495 5071 563 5129 Et
589 5073 782 5130 horum
807 5073 930 5143 quis
956 5082 1040 5129 est
1077 5074 1305 5146 dignus?
1333 5075 1390 5131 Si
1415 5075 1560 5131 enim
1587 5075 1676 5132 ille
1699 5078 1791 5148 qui

221 5180 364 5224 vere
411 5175 495 5224 est
544 5180 775 5237 sponsus
806 5165 1063 5222 Dominus
1115 5176 1172 5222 et
1220 5166 1362 5224 Deus
1406 5167 1499 5222 Dei
1532 5183 1637 5224 non
1686 5169 1797 5225 nati

221 5256 543 5329 unigenitus
558 5255 748 5322 Filius,
773 5257 863 5327 qui
895 5256 949 5311 in
984 5257 1151 5328 figura
1185 5258 1280 5315 Dei
1298 5259 1647 5326 constitutus,
1669 5276 1795 5332 pro-

221 5359 357 5422 pter
377 5349 698 5406 charitatem
731 5364 958 5419 sponsae,
1006 5350 1232 5407 formam
1273 5352 1414 5408 servi
1439 5352 1645 5423 accepit
1680 5369 1694 5406 ε
1751 5351 1796 5408 si

224 5440 491 5498 Dominus
542 5442 595 5496 in
638 5443 802 5513 ligura
825 5443 966 5498 servi
1005 5453 1224 5514 propter
1253 5443 1598 5501 dilectionem
1628 5459 1796 5515 spon·

223 5545 346 5595 τις
407 5530 497 5600 qui
548 5540 740 5585 natura
825 5533 966 5587 servi
1027 5541 1185 5599 sunt,
1248 5532 1374 5602 quid
1434 5543 1587 5603 putas
1635 5548 1795 5603 quam

298 5625 350 5659 ⁰⁰
382 5625 518 5682 Gen.
556 5641 616 5695 tt,
641 5625 730 5682 st.
806 5627 848 5659 ’¹
880 5626 1066 5682 Mattb.
1097 5642 1152 5691 x,
1192 5626 1279 5682 to.

304 5745 418 5816 (st)
440 5746 735 5816 suscipitis.
759 5746 936 5810 Forte,
957 5745 1244 5814 suscipiens

1900 4538 2018 4594 quae
2038 4524 2168 4594 quid
2205 4539 2308 4581 non
2338 4525 2465 4581 mali
2503 4525 2775 4583 habebat?
2800 4525 2898 4583 Cui
2926 4525 3072 4582 euim
3103 4524 3289 4582 etalio
3310 4523 3471 4582 dcce-

1898 4618 1993 4673 bat
2034 4616 2190 4672 talem
2226 4617 2328 4674 sibi
2355 4617 2555 4689 eligere
2596 4633 2872 4690 sponsam,
2913 4632 3073 4688 quam
3107 4616 3182 4673 illi
3211 4617 3304 4687 qui
3348 4625 3472 4674 erat

1899 4706 2209 4765 misericors
2240 4708 2511 4780 sponsus?
2548 4708 2679 4764 nibil
2712 4711 2858 4766 enim
2885 4708 3121 4766 babebat
3144 4709 3470 4763 hortamenti

1899 4798 1967 4856 ad
2004 4798 2346 4857 dilectionem
2380 4816 2499 4870 quae
2531 4810 2806 4871 assumpta
2840 4810 2945 4858 est.
2998 4799 3133 4869 Quia
3171 4814 3303 4872 ergo
3338 4798 3469 4855 nibil

1899 4901 2019 4946 erat
2050 4891 2119 4946 ab
2148 4891 2248 4947 ista
2283 4891 2770 4958 adhortamentum,
2817 4892 2939 4948 ideo
2985 4891 3126 4948 taeta
3164 4899 3250 4948 est
3297 4890 3467 4962 gratia

1900 4980 2016 5052 ejus
2043 4983 2134 5055 qui
2164 4987 2376 5051 accepit
2410 4982 2570 5039 talem
2599 5003 2614 5039 ε
2645 4998 2743 5054 pro
2781 4984 2906 5041 odio
2930 4983 3073 5040 enim
3108 4998 3215 5054 quo
3236 4990 3354 5039 erat
3390 4980 3467 5037 di·

1898 5089 2026 5145 gna,
2061 5073 2246 5130 dilexit
2272 5089 2423 5139 eam;
2455 5091 2551 5146 pro
2591 5089 2751 5146 poena
2783 5075 3087 5142 bonoravit,
3127 5088 3227 5145 pro
3252 5072 3467 5130 mortali

1901 5174 2144 5222 mortuus
2164 5176 2270 5230 est,
2301 5181 2399 5238 pro
2430 5166 2782 5222 condemnata
2821 5165 3210 5223 condemnatus
3232 5168 3336 5228 est,
3369 5175 3470 5232 pro

1900 5257 2153 5331 injuriosa
2174 5259 2289 5331 ipse
2320 5274 2510 5330 passus
2545 5259 2794 5328 injuriam
2818 5268 2876 5316 et
2909 5258 3180 5328 accipiens
3208 5254 3470 5326 sputami-

1900 5365 1969 5406 na
1998 5351 2052 5405 in
2082 5361 2323 5408 sanctam
2351 5352 2564 5419 taciem,
2612 5363 2670 5409 ct
2699 5360 2825 5410 ante
2856 5351 3157 5422 sputamina
3182 5363 3300 5404 eam
3338 5359 3468 5402 sus·

1898 5440 2079 5512 cipitis
2094 5441 2228 5514 (81).
2252 5442 2357 5500 Ista
2383 5443 2527 5499 enim
2551 5458 2771 5514 sponsa,
2803 5443 2995 5499 ancilla
3022 5456 3088 5498 ex
3109 5439 3285 5497 servis
3323 5447 3465 5499 erat.

1898 5550 1928 5590 a
1953 5545 2103 5606 patre
2142 5553 2248 5593 non
2296 5537 2453 5604 bouo,
2490 5546 2545 5593 et
2577 5544 2751 5593 matre
2780 5551 2899 5608 quae
2939 5543 3236 5602 erraverat,
3278 5539 3468 5590 eontu-
