3692 6134
1176 304 1675 363 coummunm
1713 306 1778 363 IN
1819 307 2074 365 issisti.
2112 337 2183 351 --
2218 308 2382 383 CAP„
2409 308 2594 370 xvlll.

3347 312 3454 367 ΞΗ

284 416 661 495 φιτ-..οἶς
684 413 807 471 τῶν
838 418 1097 474 παλαιῶν
1132 423 1574 495 συγγράμμασιν,
1612 423 1691 489 ὡς
1741 427 1791 479 ol.
1820 431 1867 491 Α
1896 427 2084 493 rimus,
2107 426 2619 500 Hierosolymitanos
2662 425 2900 484 ‹ludaicae
2943 428 3116 497 gentis
3145 429 3455 485 sacerdotes

284 512 393 587 stt·
430 506 699 583 ᾚμιὶὴμ
726 508 1031 575 οἰκοῦντες
1054 511 1145 565 τοῦ
1168 513 1275 566 τῶν
1320 514 1583 569 Ἰουδαίων
1612 516 1795 582 ἔθνους

296 597 887 679 ὴρςῄαμὸύτεροι
921 602 1229 674 γράμματα
1261 604 1685 676 διαχαράξαντες
1717 608 1797 672 είς

306 688 773 761 *hidem
796 691 876 745 τὰ
898 692 1031 764 ἔθνη
1050 696 1161 759 τοῖς
1176 694 1486 765 ἁπανταχοῦ
1525 697 1796 763 Ἰουδαίοις

314 788 585 847 Q
620 782 723 853 τὴν
757 783 1021 855 Χριστοῦ
1051 786 1419 853 διδασκαλίαν,
1464 789 1542 853 ὡς
1585 790 1795 863 αἵρεσιν

326 874 849 951 -ᾐιὲάλλοτρίαν
884 875 987 931 τοῦ
1018 876 1177 942 Θεοῦ,
1208 880 1579 953 παρηγγελλόν
1623 899 1683 936 τε
1726 880 1794 935 δι’

322 970 513 1033 AE-“V
548 968 623 1041 μὴ
672 968 1105 1041 παραδέξασθαι
1160 971 1346 1043 αὐτήν.
1381 970 1549 1025 Τοῦτο
1602 972 1661 1027 δὲ
1700 968 1795 1027 οῦν

306 1058 651 1131 &qiua-'utu
690 1056 889 1111 btxsv
922 1057 959 1130 ἡ
988 1057 1131 1129 μετὰ
1156 1062 1341 1131 χεῖρας
1365 1061 1689 1133 προφητεία,
1735 1062 1793 1115 ἐν

290 1154 451 1225 ,Ἔξα-
476 1168 498 1204 t
530 1148 661 1205 Οὐαὶ
690 1148 811 1219 γῆς
844 1148 1069 1213 πλοίων,
1099 1150 1364 1221 πτέρυγες
1394 1152 1646 1206 ἐπέκεινα
1696 1169 1794 1205 πο-

274 1241 403 1317 ῃ-’ν
430 1240 727 1305 Αἰθιοπίας·
756 1242 795 1295 ὀ
816 1239 1168 1297 ἀποστέλλων
1192 1242 1249 1297 ὲν
1274 1241 1517 1317 θαλάσσῃ
1542 1244 1745 1315 ὅμηρα·
1768 1262 1787 1295 t

248 1340 339 1395 fl*
350 1330 409 1391 ὦ
434 1338 467 1391 6
484 1333 789 1405 Σίμμαχος
810 1332 1200 1401 ἀποστόλους
1211 1330 1335 1389 εἷπε
1357 1337 1556 1410 φήσας,
1588 1355 1607 1389 ι
1628 1338 1795 1391 Ἀπο-

236 1430 439 1485 mauu
482 1424 835 1489 ἀποστόλους
886 1426 949 1479 ἐν
984 1424 1245 1498 θαλάσσῃ·
1290 1446 1311 1479 t
1367 1428 1397 1481 ό
1454 1428 1510 1481 δέ
1566 1426 1795 1491 Ἀκύλας

224 1515 837 1591 φοίῠταςέξέδωκεν
872 1512 1067 1581 εἰπὼν,
1095 1532 1116 1567 t
1156 1516 1215 1571 ‘0
1247 1516 1589 1571 ἀποστέλλων
1616 1518 1673 1572 ἐν
1700 1515 1794 1571 θα-

220 1612 373 1683 usa,-
396 1608 741 1681 πρεσὸύτας.
789 1626 810 1661 t
852 1607 1021 1679 Ὁρᾷς
1066 1606 1213 1671 ὅπως
1243 1609 1273 1662 ό
1302 1606 1457 1677 λόγος
1496 1608 1624 1672 τοὺς
1660 1624 1792 1679 προ-

214 1702 477 1773 &fii-eta:
520 1698 823 1753 Ἰουδαίων
845 1698 1113 1771 ἄρχοντας
1127 1697 1421 1765 ταλανίζει,
1453 1699 1548 1755 καὶ
1570 1700 1669 1770 τὴν
1686 1700 1792 1771 γῆν

1897 525 1954 574 et
1969 518 2229 582 seniores,
2246 517 2459 574 litteras
2477 519 2530 573 in
2559 532 2750 574 omnes
2764 528 2950 589 gentes
2967 518 3174 575 misisse
3189 519 3454 575 adomnes

1895 609 2094 678 ubique
2113 606 2326 664 Judaeos
2348 648 2366 673 ,
2391 623 2498 679 quo
2525 608 2727 664 Christi
2757 609 3059 664 doctrinam
3089 608 3452 673 traducerent,

1896 707 1957 754 ut
2001 713 2194 754 novam
2229 713 2293 755 ac
2323 699 2433 755 Deo
2477 699 2754 755 inimicam
2801 709 3003 756 sectam
3051 717 3065 753 ε
3102 714 3166 754 ac
3213 700 3454 769 epistolis

1894 788 2189 857 monuisse,
2231 799 2292 845 ut
2333 804 2402 846 ne
2432 789 2577 845 illam
2612 789 2932 859 reciperent.
2963 786 3077 844 lloc
3121 789 3294 858 ipsum
3325 803 3456 858 ergo

1893 879 2200 951 significare
2227 880 2440 937 videtur
2469 893 2705 950 praesens
2753 879 3038 950 prophetia
3083 879 3170 934 ubi
3199 877 3450 933 'diciturz

1899 990 1920 1027 t
1959 971 2052 1028 Vae
2082 981 2241 1028 terroe
2281 973 2494 1027 navium
2515 1012 2532 1037 ,
2565 970 2660 1026 alae
2688 969 2826 1024 ultra
2867 968 3088 1024 flumina
3122 967 3448 1039 Ethiopian

1893 1064 1986 1135 qui
2025 1064 2192 1120 mittit
2215 1064 2268 1119 in
2302 1079 2455 1120 mare
2486 1064 2740 1129 obsides;
2780 1081 2799 1114 ι
2830 1075 2927 1130 pro
2953 1077 3062 1131 quo
3095 1060 3454 1134 Symmachus

1894 1154 2152 1227 apostolos
2178 1153 2317 1210 dixit
2345 1155 2430 1210 liis
2463 1155 2642 1209 verbis
2664 1194 2680 1220 ,
2713 1173 2734 1208 ι
2765 1154 2866 1222 Qui
2895 1154 3060 1209 mittit
3085 1162 3143 1209 et
3177 1150 3453 1223 apostolos

1893 1248 1948 1304 in
1977 1260 2166 1313 mare;
2198 1263 2219 1298 t
2242 1244 2436 1315 Aquila
2460 1259 2588 1301 vero
2622 1245 2817 1317 legatos
2844 1245 3032 1312 edidit,
3061 1245 3268 1311 dicens,
3298 1262 3319 1297 t
3349 1241 3452 1309 Qui

1893 1338 2060 1395 mittit
2108 1337 2164 1393 in
2210 1351 2360 1393 mare
2402 1335 2626 1408 legatos.
2669 1356 2688 1389 ι
2727 1336 2911 1393 Viden'
2959 1335 3232 1406 quomodo
3269 1348 3452 1389 sermo

1893 1427 2176 1499 praedictos
2217 1426 2521 1485 Judaeorum
2571 1426 2840 1497 principes
2885 1426 3114 1482 miseros
3173 1424 3450 1494 praedicet,

1893 1535 2099 1577 necnon
2117 1530 2316 1575 terram
2337 1534 2543 1585 eorum,
2561 1517 2715 1588 cujus
2734 1517 2934 1573 malitia
2958 1531 3129 1588 usque
3151 1517 3221 1572 ad
3233 1513 3448 1571 AEtbio-

1899 1625 1992 1683 pes
2013 1622 2340 1682 pervaserat.
2354 1610 2714 1679 Quamobrem
2733 1611 3024 1665 secundum
3040 1606 3446 1680 Symmachum,

1898 1723 1917 1757 ι
1954 1702 2048 1760 Vae
2075 1714 2232 1761 terrae
2269 1705 2478 1761 sonitus
2506 1703 2604 1759 alte
2622 1744 2638 1771 ,
2676 1718 2796 1771 quae
2827 1701 2964 1758 ultra
2993 1701 3208 1757 flumina
3237 1699 3452 1757 AEtbio-

214 1794 383 1861 αὐτῶν,
420 1788 493 1865 ἧς
526 1794 565 1864 ἡ
600 1791 789 1847 κακία
822 1791 1016 1863 μέχρις
1030 1790 1305 1847 Αἰθιόπων
1326 1790 1548 1861 ἔφθασε.
1576 1790 1668 1846 Διὸ
1688 1808 1788 1846 κα-
1820 1787 1866 1847 Β
1893 1795 1994 1865 pite
2021 1813 2080 1852 t:
2115 1796 2269 1867 queis
2292 1794 2581 1866 significat,
2604 1794 2765 1851 etiam
2789 1793 2925 1849 ultra
2943 1791 3256 1865 AEthiopum
3275 1793 3451 1864 regio-

214 1890 269 1943 τὲ
290 1888 373 1941 τὸν
402 1886 731 1957 Σύμμαχον
762 1883 1005 1956 εἴρηται,
1032 1902 1053 1937 t
1082 1884 1219 1939 Οὐαὶ
1248 1884 1353 1955 γῆς
1374 1886 1405 1939 ό
1428 1879 1560 1955 ἦχος
1592 1882 1789 1955 πτέρυ-

220 1998 305 2049 γος.
322 1981 353 2049 ἡ
370 1976 633 2049 πέραθεν
664 1974 939 2049 ποταμῶν
951 1976 1249 2041 Αἰθιοπίας·
1282 1996 1301 2029 t
1327 1978 1393 2032 δι’
1408 1970 1483 2031 ὧν
1514 1977 1784 2049 σημαίνει,

228 2072 375 2137 'qul-
406 2070 605 2141 πέραν
634 2068 751 2139 τῆς
791 2067 1071 2123 Αἰθιόπων
1098 2068 1298 2141 χώρας,
1332 2070 1367 2141 ἢ
1387 2069 1492 2123 τῶν
1522 2068 1787 2140 ἐσχατιῶν

242 2164 427 2237 ἡγῆς,
456 2164 493 2217 ὁ
524 2162 639 2233 τῆς
662 2160 939 2233 πονηρίας
960 2156 1094 2232 ἦχος
1120 2161 1226 2215 τῶν
1250 2160 1350 2232 τὴν
1394 2160 1649 2216 Ἰουδαίαν
1679 2161 1785 2233 γῆν

254 2256 469 2311 &vanu
498 2253 605 2309 διὰ
640 2268 819 2307 τινων
854 2250 1046 2323 ῶσπερ
1085 2251 1392 2323 ἱπταμένων
1420 2252 1616 2307 πλοίων
1649 2269 1785 2325 προ-

220 2330 229 2339 ’
256 2342 359 2417 ᾖ,
404 2346 465 2399 οἶ
498 2360 567 2397 τε
614 2340 920 2397 ἀπόστολοι
969 2339 1172 2405 αὐτῶν,
1221 2341 1509 2407 ἐπιστολὰς
1550 2342 1792 2413 βιὸλίνας

266 2438 567 2511 ᾳζόμινοι,
610 2433 887 2506 ὑπεράνω
912 2448 974 2487 τε
1008 2432 1117 2487 τῶν
1159 2432 1367 2488 ὑδάτων
1391 2433 1790 2506 ναυτιλλόμενοι

248 2528 397 2601 ἑὴν
426 2526 731 2583 θάλασσαν
748 2522 1101 2596 ἐμπλέοντες,
1133 2524 1443 2596 ἁπανταχοῦ
1462 2525 1566 2597 γῆς
1587 2525 1793 2595 διέτρε-

252 2622 421 2693 putiau
458 2620 603 2693 περὶ
630 2618 735 2673 τοῦ
777 2616 1033 2689 Σωτῆρος
1062 2616 1217 2687 ἡμῶν
1248 2616 1684 2684 ἐνδιαδάλλοντες
1701 2618 1791 2673 λό-

1893 1903 2039 1952 nem,
2081 1887 2196 1944 sive
2227 1887 2366 1943 ultra
2407 1896 2648 1941 extrema
2678 1894 2868 1954 terrae,
2904 1885 3124 1941 malitiae
3153 1884 3450 1942 incolarum

1891 1978 2089 2037 Judaeae
2124 1981 2383 2045 sonitum,
2411 1995 2508 2035 ceu
2539 1978 2860 2050 quibusdam
2882 1979 3188 2035 volantibus
3217 1979 3449 2034 navibus

1891 2072 2151 2139 delatum,
2182 2071 2512 2144 pervenisse,
2563 2070 2941 2139 apostolosque
2973 2086 3160 2127 eorum
3186 2070 3444 2141 epistolas

1891 2162 2120 2219 biblinas
2160 2162 2492 2229 deserenteS,
2526 2179 2589 2219 ac
2617 2179 2781 2232 supra
2817 2165 3037 2221 dorsum
3078 2178 3341 2231 aquarum
3386 2162 3444 2218 in

1893 2254 2134 2324 marique
2178 2254 2518 2326 navigantes,
2553 2255 2752 2326 ubique
2782 2266 3048 2312 terrarum
3098 2254 3442 2319 discurrisse,

1889 2358 2190 2400 sermonem
2216 2345 2282 2400 de
2313 2343 2598 2402 servatore
2627 2356 2814 2402 nostro
2857 2346 3142 2403 calumniis
3181 2345 3445 2402 vellican-

1893 2444 1991 2492 tes.
2041 2435 2323 2507 Apostolos
2361 2452 2493 2495 vero
2543 2439 2708 2495 etiam
2750 2455 2893 2495 nunc
2934 2437 3104 2496 ludaei
3138 2452 3450 2510 nuncupare

1889 2528 2069 2585 solent
2093 2543 2209 2598 eos,
2230 2531 2321 2601 qui
2344 2530 2637 2589 circulares
2660 2533 2963 2603 principum
2994 2545 3214 2587 suorum
3241 2530 3449 2587 litteras

1893 2618 2315 2692 circumquaque
2338 2622 2642 2695 deportant.

256 2712 721 2781 jul-mm<
772 2709 833 2763 δὲ
872 2709 1041 2764 εἰσέτι
1082 2709 1179 2763 καὶ
1206 2708 1300 2764 νῦν
1329 2709 1451 2776 ἔθος
1481 2710 1631 2767 ἐστὶν
1669 2709 1943 2776 Ἰουδαίοις
1980 2711 2267 2784 ὀνομάζειν
2301 2716 2431 2780 τοὺς
2475 2715 2737 2786 ἐγκύκλια
2768 2716 3068 2789 γράμματα
3131 2715 3284 2788 παρὰ
3341 2712 3449 2769 τῶν

252 2804 467 2875 ἀρῄων
490 2802 689 2858 αὐτῶν
718 2799 1221 2871 ἐπικομιζομένους.

302 2897 696 2969 ιΙΙορεύσονται
724 2894 836 2966 γὰρ
866 2891 1085 2962 ἄγγελοι
1113 2892 1305 2961 κοῦφοι
1334 2892 1470 2965 πρὸς
1490 2892 1639 2957 ἔθνος
1668 2910 1791 2965 μετ-

254 2988 377 3059 δρον
422 2990 523 3044 καὶ
560 2987 723 3056 ξένον
754 2985 883 3040 λαὸν
928 2985 1022 3039 καὶ
1051 2983 1305 3055 χαλεπόν.
1340 2984 1436 3048 Τίς
1492 2984 1655 3039 αὐτοῦ
1688 2986 1788 3039 ἐπ-

254 3082 595 3147 &mio-oo:
621 3077 743 3148 (22)
766 3076 1081 3131 ἀνέλπιστον
1104 3076 1197 3130 καὶ
1213 3076 1783 3149 καταπεπατημένον.»

1971 2913 1989 2945 t
2025 2891 2185 2950 lbunt
2207 2874 2349 2951 enim
2388 2895 2561 2951 nuntii
2587 2895 2791 2952 celeres
2815 2898 2884 2952 ad
2905 2906 3118 2967 gentem
3152 2897 3448 2953 excelsam·

1891 2992 1948 3040 et
1967 2985 2308 3057 peregrinum
2326 2984 2602 3057 populum,
2619 2996 2674 3041 et
2696 3001 2935 3058 gravem.
2955 2987 3087 3053 Quis
3102 2989 3242 3043 ultra
3275 2988 3450 3044 illum?

1889 3090 2021 3148 gens
2050 3079 2328 3147 desperata
2356 3085 2413 3130 et
2432 3078 2771 3132 conculcata.
2825 3095 2844 3128 ι
2887 3074 2963 3131 lta
2993 3085 3053 3132 ut
3103 3079 3177 3133 sit
3211 3078 3342 3133 illud
3369 3080 3444 3133 rei

260 3172 321 3237 k
342 3168 469 3225 εἶναι
494 3168 687 3241 ἀρχὴν
721 3166 1077 3239 πράγματος·
1115 3164 1208 3219 καί
1245 3181 1338 3235 μοι
1365 3163 1509 3217 δοκεῖ
1537 3164 1694 3219 τοῦτο
1728 3165 1791 3218 τὸ
1816 3204 1860 3262 c
1891 3166 2102 3222 initium
2133 3185 2147 3222 ι
2182 3166 2507 3237 videturque
2544 3166 2676 3222 mibi
2701 3167 2804 3222 hoc
2835 3176 3164 3237 praeceptutn
3200 3168 3449 3223 Salvato-

252 3262 533 3333 ψταγμα
565 3258 715 3330 πρὸς
759 3258 885 3320 τοὺς
944 3254 1187 3326 μαθητὰς
1219 3252 1315 3307 τοῦ
1344 3254 1593 3327 Σωτῆρος
1633 3256 1788 3327 ἡμῶν

254 3352 487 3424 epistiun-
525 3350 627 3414 οὓς
660 3348 755 3402 διὰ
776 3347 836 3401 τὸ
859 3348 1025 3401 πᾶσιν
1049 3343 1350 3418 ἀνθρώποις
1380 3346 1600 3416 ἀγαθῶν
1630 3347 1792 3417 εὐαγ-

250 3444 455 3513 {thasie
486 3438 667 3505 εἶναι,
699 3440 967 3510 ἀγγέλους
1000 3440 1095 3493 καὶ
1119 3439 1353 3509 κούφους
1382 3438 1631 3511 ὠνόμασε
1654 3439 1793 3512 πρὸς

244 3535 617 3607 Maccui&
648 3532 761 3587 τῶν
803 3530 1101 3586 Ἰουδαϊκῶν
1142 3531 1473 3587 ἀποστόλων.
1506 3533 1674 3603 Φησὶν
1698 3527 1791 3586 οὗν

244 3628 349 3700 τρὶς
372 3626 577 3692 αὐτοὺς
610 3625 743 3688 τοὺς
772 3622 881 3677 τῶν
901 3619 1118 3681 ἀγαθῶν
1153 3621 1415 3691 ἀγγέλους
1437 3639 1452 3653 ·
1502 3622 1710 3694 Ὑμεῖς,
1742 3622 1791 3676 οἱ

242 3718 437 3789 Χριστοῦ
460 3716 745 3791 μαθηταὶ,
764 3713 1081 3785 πορεύεσθε,
1104 3712 1289 3784 ῶσπερ
1313 3709 1405 3767 οὗν
1435 3713 1593 3778 αὐτὸς
1621 3715 1650 3766 ὁ
1676 3714 1791 3767 Σω-

194 3842 205 3851 -
234 3808 631 3881 τῂδιετάξατο
668 3805 805 3878 πρὸς
851 3804 992 3874 ὑμᾶς
1034 3802 1237 3871 λέγων·
1278 3822 1295 3855 t
1322 3802 1620 3874 Πορεύεσθε
1657 3803 1792 3875 μᾶλ-

238 3900 311 3955 λον
338 3904 469 3975 πρὸς
496 3901 579 3956 τὰ
622 3896 877 3972 πρόὸατα
901 3894 968 3950 τὰ
983 3895 1291 3951 ἀπολωλότα
1321 3896 1466 3949 οἴκου
1510 3895 1744 3967 Ἰσραὴλ,
1767 3916 1785 3948 ι

236 3994 768 4069 ΕζιΠορευθέιη-ες,
788 3987 1159 4062 μαθητεύσατε
1184 3987 1359 4042 πάντα
1385 3988 1454 4042 τά
1479 3987 1605 4059 ἔθνη
1634 3990 1690 4042 ἐν
1715 3988 1793 4059 τῷ

232 4086 433 4159 “pazt
466 4104 601 4159 μου.
630 4103 651 4138 t
688 4082 1049 4155 Πορευόμενοι
1078 4081 1157 4147 δέ,
1182 4082 1333 4151 φησὶ,
1362 4081 1552 4152 κοῦφοι
1579 4081 1792 4151 γίνεσθε

230 4178 313 4233 nl
338 4178 656 4240 εύσταλείς,
686 4174 767 4238 ὡς
807 4172 873 4227 ἀν
914 4172 1099 4244 ῥᾳδίαν
1143 4171 1241 4243 τὴν
1273 4172 1493 4245 πορείαν
1528 4172 1754 4243 ποιῆσθε
1774 4189 1787 4204 ·

228 4268 259 4323 δ
276 4270 341 4343 ἣ
358 4270 457 4325 ml.
490 4267 685 4329 αὐτοῖς
714 4265 880 4320 πάλιν
903 4265 1129 4337 παρῄνει
1148 4264 1318 4334 λέγων
1337 4282 1351 4295 ·
1381 4285 1400 4317 t
1421 4264 1604 4334 Μηδὲν
1624 4265 1791 4337 ἀρητε

226 4358 359 4415 nst.
380 4358 483 4431 τὴν
512 4358 639 4413 ὀδόν
662 4374 678 4390 ·
713 4357 789 4428 μὴ
820 4355 1093 4427 κτήσησθε
1125 4354 1321 4427 χρυσὸν
1354 4353 1488 4425 μηδὲ
1527 4352 1790 4426 ἄργυρον,

228 4452 353 4523 [τῇ
396 4448 607 4523 χαλκὸν
644 4449 727 4511 είς
760 4447 856 4512 τὰς
907 4445 1078 4513 ζώνας
1139 4445 1310 4517 ὑμῶν,
1338 4465 1357 4498 t
1404 4446 1496 4500 καὶ
1542 4444 1609 4499 τά
1644 4445 1787 4516 ἑξῆς.

1891 3255 1969 3313 ris
1990 3256 2159 3313 nostri
2189 3255 2466 3330 discipulis
2487 3256 2602 3312 dari
2627 3275 2642 3323 ;
2675 3257 2766 3329 qui
2805 3257 2950 3328 quod
2996 3257 3253 3313 omnibus
3273 3258 3449 3314 bomi-

1891 3347 2050 3405 nibus
2077 3348 2342 3405 bonorum
2387 3348 2561 3405 nuntii
2587 3348 2714 3414 sint,
2746 3349 2919 3405 nuntii
2952 3360 3008 3406 et
3029 3347 3238 3405 celeres
3267 3350 3338 3405 ab
3377 3364 3444 3405 co

1890 3448 2174 3505 vocantur,
2208 3440 2275 3496 ad
2300 3440 2652 3497 differentiam
2679 3440 3025 3498 ludaicorum
3051 3442 3438 3513 apostolorum.

1893 3529 2013 3586 illos
2054 3532 2218 3601 igitur
2243 3531 2506 3587 bonorum
2548 3532 2766 3590 nuntios
2817 3534 2898 3590 sic
2941 3532 3280 3606 alloquitur:
3315 3533 3444 3602 Vos„

1890 3622 2090 3679 Christi
2114 3623 2383 3695 discipuli,
2406 3624 2498 3687 ite,
2529 3626 2979 3694 quemadmodum
3004 3626 3120 3695 ipse
3144 3625 3293 3681 vobis
3319 3624 3445 3682 Ser·

1891 3722 2047 3769 vator
2072 3713 2348 3784 praecepit,
2383 3731 2402 3765 t
2439 3710 2517 3769 lte
2536 3714 2713 3784 potius
2733 3713 2801 3768 ad
2827 3728 2978 3779 oves,
3005 3729 3126 3785 quae
3147 3715 3444 3784 perierunt,

1894 3805 2087 3860 domus
2117 3804 2281 3860 lsrael
2307 3805 2387 3872 ⁸¹3
2436 3822 2457 3857 »
2488 3814 2564 3869 et,
2593 3824 2610 3857 t
2640 3804 2842 3861 Euntes
2863 3805 3053 3862 docete
3085 3820 3274 3862 omnes
3305 3822 3440 3877 geu-

1895 3904 1973 3950 tes
2017 3895 2071 3951 in
2100 3897 2318 3951 nomine
2360 3911 2481 3953 meo
2507 3896 2575 3954 ⁸¹.
2606 3914 2627 3949 t
2676 3895 2881 3953 Euntes
2911 3907 3114 3962 autem,
3158 3899 3256 3965 ait,
3299 3897 3446 3955 leves

1891 3995 2064 4042 estote
2109 3994 2163 4041 et
2201 3988 2460 4058 expediti,
2507 3995 2568 4044 ut
2615 3987 2830 4043 facilius
2883 3989 3026 4044 viam
3069 3990 3441 4047 emetiamini:

1891 4076 2034 4146 quod
2065 4076 2228 4131 etiam
2257 4077 2366 4133 illis
2397 4077 2689 4133 mandabat
2719 4078 2805 4133 bis
2838 4079 3042 4146 verbis,
3070 4099 3089 4131 ‹
3120 4079 3262 4135 Nihil
3305 4081 3438 4135 tule-

1893 4166 2012 4223 ritis
2037 4168 2088 4222 in
2113 4167 2235 4235 via;
2268 4183 2334 4223 ne
2358 4169 2678 4239 possideatis
2713 4184 2926 4236 aurum,
2969 4185 3070 4226 nec
3117 4181 3442 4242 argentum,

1894 4273 1992 4313 nec
2023 4274 2096 4314 ωε
2119 4259 2170 4313 in
2194 4259 2344 4315 zonis
2372 4260 2565 4316 vestris
2583 4258 2794 4325 ⁸⁸,tetc.
2823 4257 2983 4316 lubet
3017 4269 3194 4316 autem
3224 4261 3443 4331 proiici-

1892 4349 1968 4405 sci
1994 4364 2090 4405 eos
2118 4350 2185 4406 ad
2221 4361 2438 4421 gentem
2495 4351 2778 4407 sublimem
2816 4363 2871 4406 et
2902 4352 3261 4423 peregrinam,
3296 4356 3444 4409 etad

1893 4439 2146 4509 populum
2177 4455 2419 4510 gravem.
2452 4440 2569 4497 Non
2599 4443 2741 4497 enim
2777 4444 2842 4495 ad
2876 4453 3034 4497 notos
3061 4441 3144 4497 vel
3189 4442 3448 4498 domesti-

226 4542 441 4597 Ιελεύει
484 4540 549 4595 δέ
586 4537 915 4610 πορεύεσθαι
948 4537 1081 4609 πρὸς
1107 4537 1258 4601 ἔθνος
1290 4536 1556 4608 μετέωρον
1581 4536 1671 4591 καὶ
1704 4536 1789 4603 ξέ-
1816 4543 1868 4604 1)
1893 4546 1986 4587 cos
2020 4534 2134 4587 sive
2169 4530 2366 4586 fratres
2390 4532 2762 4597 mittebantur,
2795 4535 2890 4589 scd
2914 4534 2981 4587 ad
3007 4532 3266 4605 quosdam
3299 4548 3446 4603 perc-

226 4644 331 4693 tm,
350 4628 445 4683 καὶ
472 4626 617 4698 πρὸς
649 4623 775 4678 λαὸν
801 4623 1050 4694 χαλεπόν.
1081 4623 1155 4677 Ού
1191 4621 1297 4694 γὰρ
1322 4622 1455 4693 πρὸς
1484 4621 1790 4693 γνωρίμους

1895 4622 2078 4692 grinos
2117 4624 2327 4694 ignotos
2361 4624 2510 4681 viros
2566 4636 2621 4681 et
2665 4626 3013 4698 alienigenas,
3067 4626 3209 4697 apud
3255 4642 3446 4689 omnes

292 4720 339 4753 ⁸¹
362 4720 563 4775 lauh.
590 4733 649 4781 x,
670 4716 725 4773 6.
798 4715 844 4749 ⁸¹
870 4715 1058 4771 Mattli.
1082 4730 1272 4781 ιιι-ιιι,
1306 4714 1389 4771 ¹9.
1463 4713 1509 4746 ⁸⁸
1533 4712 1719 4769 Manli.
1742 4730 1796 4781 x,
1832 4712 1887 4769 9.

228 4814 457 4871 breviter
486 4811 772 4876 admonui,
804 4825 870 4865 ne
909 4809 1030 4880 quis
1074 4825 1171 4867 nos
1195 4818 1343 4878 putet
1364 4823 1429 4863 ex
1459 4807 1600 4863 illius
1627 4808 1781 4863 lonti-

230 4884 323 4941 bus
358 4894 641 4937 mutuasse
664 4896 783 4949 quae
812 4879 1075 4936 dicimus:
1100 4894 1222 4933 nam
1251 4887 1305 4933 et
1334 4880 1387 4933 in
1421 4880 1668 4947 praesenti
1693 4893 1783 4933 ca-

228 4954 395 5025 pitulo
420 4952 713 5007 adversum
738 4949 949 5005 Judaeos
975 4947 1470 5018 etllierosolymam
1502 4947 1634 5001 dicit
1660 4962 1784 5017 pro-

230 5024 469 5093 ,setiam
498 5020 663 5088 dirigi
696 5034 713 5074 t
751 5021 896 5089 quod
936 5020 989 5074 in
1024 5018 1284 5090 principio
1310 5018 1434 5073 adei
1459 5017 1781 5073 Christianae

232 5096 295 5149 ad
320 5102 467 5147 totas
492 5101 686 5161 gentes
730 5089 983 5159 epistolas
1022 5088 1295 5153 miserint,
1342 5101 1411 5145 nn
1448 5086 1783 5155 susciperent

228 5164 539 5231 passionem
568 5159 785 5225 Christi,
813 5168 866 5213 et
891 5157 1134 5214 miserint
1162 5171 1330 5228 usque
1359 5156 1426 5212 ad
1453 5154 1780 5228 AEthiopiam

228 5244 281 5285 et
330 5229 727 5287 occidentalem
794 5228 1003 5299 plagam
1024 5267 1040 5289 ,
1100 5235 1381 5296 totumque
1432 5225 1617 5283 orbem
1668 5226 1784 5294 eius

228 5300 277 5355 ht
419 5298 1043 5356 emiae.disseminatione
1074 5295 1475 5368 compleverint.
1509 5314 1530 5348 t
1564 5296 1628 5350 Et
1658 5309 1785 5350 sane

228 5386 261 5439 q
408 5371 491 5425 ait
532 5366 893 5439 Hieronymus
932 5366 1217 5423 Eusebium
1269 5364 1636 5439 ἀλληγορικῶς
1670 5365 1784 5434 ple-

228 5453 460 5521 rumque
499 5438 764 5520 dictorum
811 5451 1026 5491 sensum
1070 5437 1435 5519 interpretari,
1486 5437 1681 5505 cuique
1708 5435 1787 5489 le-

228 5506 579 5635 mittam
600 5503 1783 5657 .?.2{„’.2;¹.‘1‘{012²{3’13¹¹22.21.⁵1?2.3¹12¹‡13J1152iiii

230 5661 325 5771 Ε·
348 5664 363 5701 :
394 5647 595 5703 etenim
624 5646 885 5717 pleraque
913 5643 999 5698 dte
1039 5644 1213 5709 affert,
1237 5659 1356 5712 quae
1378 5646 1639 5699 Eusebius
1666 5642 1786 5698 nul·

284 5728 437 5775 tenus
478 5716 653 5779 attiait
697 5732 713 5775 ι
762 5715 859 5771 sed
907 5723 1081 5773 tamen
1124 5716 1288 5771 multa
1334 5730 1399 5772 ex
1450 5715 1595 5772 bisce
1636 5728 1787 5772 com·

1885 4803 2200 4863 montariis.
2235 4802 2402 4858 etiam
2447 4802 2728 4875 allegorice
2771 4804 2910 4860 dicta
2965 4803 3181 4869 hausit,
3216 4820 3443 4874 quorum

1884 4890 2144 4957 perquam
2183 4873 2457 4928 minimam
2499 4883 2705 4943 partem
2734 4914 2750 4940 ,
2790 4889 2888 4930 nos
2927 4876 3055 4930 hinc
3093 4885 3150 4930 et
3187 4874 3312 4931 inde
3349 4892 3445 4930 no·

1885 4955 2226 5075 ‘avggimllaec
2254 5012 2307 5067 in
2335 5011 2478 5067 bunc
2507 5012 2682 5069 locum
2732 5012 2791 5070 S.
2829 5012 3189 5083 Hieronymus
3234 5014 3399 5069 babet
3425 5054 3444 5079 ,

1890 5103 1909 5137 t
1992 5082 2110 5147 XX,
2146 5097 2242 5153 pro
2269 5097 2335 5137 co
2354 5082 2494 5151 quod
2521 5098 2621 5139 nos
2649 5084 2881 5140 diximus
2923 5092 3322 5153 exspectantem,
3349 5100 3442 5139 ex-

1887 5162 2223 5223 spectantem,
2248 5161 2303 5207 et
2329 5151 2383 5207 in
2417 5150 2679 5208 Hebraico
2710 5154 2968 5225 scriptum
2991 5165 3094 5217 est,
3126 5163 3440 5221 sperantem,

1893 5232 2184 5287 sperantem
2207 5264 2223 5285 ,
2271 5236 2302 5276 e
2346 5224 2618 5277 contrario
2676 5224 3009 5294 interpretati
3066 5232 3191 5279 sunt
3217 5219 3439 5275 ἀνέλπι-

1895 5311 2036 5355 στον,
2069 5293 2121 5346 id
2150 5301 2253 5356 est,
2282 5308 2384 5345 non
2407 5302 2719 5356 sperantem.
2754 5293 2820 5349 Et
2847 5296 2916 5349 ob
2943 5296 3082 5349 banc
3104 5306 3320 5345 cattsam
3345 5294 3439 5346 de-

1893 5365 2087 5419 derunt
2110 5362 2451 5419 occasionem
2479 5362 2727 5429 Eusebio,
2750 5373 2810 5417 ut
2835 5365 2934 5418 boc
2961 5364 3028 5417 de
3047 5362 3293 5432 gentibus
3325 5376 3440 5414 ma-

1892 5433 1996 5503 gis,
2024 5446 2143 5500 quae
2170 5446 2266 5485 nec
2289 5445 2436 5500 spem
2464 5431 2715 5492 babeant.
2763 5448 2862 5487 uec
2891 5432 3294 5487 Testamentum
3321 5428 3438 5494 Dei,

1891 5500 3346 5627 93323209¹¹32³528¹2²⁶232¹2⁸⁰33¹122½¹2¹22213³¹³..‘¹.¹¹}¹:.·¹.
3375 5502 3442 5621 ‘1¹31'

1893 5641 2010 5697 cula
2035 5586 2322 5695 consqituta
2347 5586 2618 5708 esthong
2648 5639 2904 5696 mittenda
2929 5608 3062 5707 sint:
3081 5586 3135 5693 {¹1
3161 5584 3446 5694 ederensis:

1897 5711 2127 5769 victima:
2153 5710 2479 5779 spirituales.
2521 5740 2534 5779 ,ι
