3692 6134
123 328 268 387 1205

1361 331 1452 388 DE
1490 333 1835 392 opsslttuus
1874 335 2096 398 Bonis.

117 439 370 514 pra-senti
394 449 624 508 tempore
655 441 720 496 ⁸³.
761 439 874 496 Non
905 481 920 506 ‚
974 441 1150 512 inquit
1179 483 1194 508 ‚
1227 443 1332 501 boc
1367 446 1490 504 dico
1514 489 1531 515 .
1567 450 1704 505 Date
1733 454 1780 512 Α
1807 451 1987 506 dinem
2017 463 2257 508 nostram
2281 456 2348 510 0'.
2372 454 2429 510 Ιιι
2473 469 2577 526 qua
2608 473 2668 514 re
2692 458 2773 515 sic
2798 475 2897 517 nos
2922 463 3273 534 arctavimus,
3305 485 3378 525 ne

116 535 307 591 omnia
331 548 453 603 quae
485 534 695 590 habetis
723 573 740 600 ,
784 545 838 589 et
866 550 963 591 vos
993 537 1266 594 efficimini
1303 556 1571 611 pauperes
1597 583 1613 607 .
1651 553 1708 599 et

116 627 261 682 alius
285 627 473 682 ditate.
515 625 620 682 Sed
660 631 790 697 quid
822 631 956 684 aio?
984 632 1084 698 Qui
1112 630 1276 688 babet
1308 635 1440 688 duas
1472 635 1705 704 tunicas,

116 723 319 779 babeat
367 738 531 777 unam
558 763 575 790 ,
602 722 694 777 det
726 732 905 777 autem
939 740 1045 796 non
1082 726 1301 781 babenti
1347 741 1532 790 unani,
1567 740 1617 782 el
1647 727 1708 783 iit

115 815 423 884 aqnaiitas.
483 812 587 868 sea
618 830 683 868 ea:
721 817 1044 882 aequalitote,
1086 817 1298 886 inquit.
1350 819 1406 872 in
1457 819 1706 887 proesenti

118 912 373 973 tempore.
427 903 485 959 ln
548 906 821 973 praesenti.
883 907 1071 974 inquit,
1107 909 1211 963 vita
1251 921 1427 964 vestra
1463 912 1706 966 abundat

116 998 190 1054 sd
222 997 433 1052 illorum
466 997 726 1066 inopiam.
753 997 854 1065 Qui
889 999 1071 1064 babet,
1121 1000 1295 1072 inquit
1319 1044 1335 1069 ‚
1385 1003 1518 1057 duas
1549 1003 1700 1058 tuni·

119 1107 238 1159 cas,
264 1108 424 1148 unam
469 1093 796 1163 superfluam
819 1135 835 1160 ‚
879 1095 927 1150 is
956 1097 1048 1165 qui
1083 1113 1182 1151 nec
1213 1113 1373 1153 unam
1404 1099 1564 1156 habet
1595 1118 1700 1156 non

120 1183 370 1247 innudet:
401 1196 459 1238 ut
489 1200 595 1239 una
635 1196 722 1240 lua
773 1186 1040 1257 superflua
1092 1205 1196 1242 nou
1235 1191 1309 1246 sit
1337 1191 1432 1245 tibi
1476 1193 1699 1259 inutilis,

119 1272 217 1331 sed
254 1274 344 1329 ssat
373 1274 481 1330 alio
513 1275 673 1331 utilis.
698 1275 797 1332 Sea
822 1294 886 1332 ex
902 1280 1200 1349 oequatitate
1231 1282 1286 1334 in
1306 1285 1550 1350 praescnti
1579 1296 1706 1340 tern-

118 1380 250 1435 pore
272 1374 444 1420 uestra
488 1367 814 1422 abundantia
834 1369 1070 1438 suppleat
1111 1371 1324 1426 illorum
1360 1375 1588 1443 inopiam
1622 1377 1706 1430 ⁸⁸:

118 1455 229 1513 boc
258 1466 342 1511 est
366 1497 382 1521 ‚
419 1458 657 1511 abundat
702 1459 785 1514 bis
818 1462 907 1529 qui
938 1477 1004 1515 ex
1035 1463 1285 1533 gentibus
1311 1475 1439 1521 sunt
1473 1485 1488 1521 ι
1522 1468 1705 1524 mitta·

118 1556 213 1604 tur
245 1548 330 1604 bis
354 1549 444 1618 qui
487 1559 613 1605 sunt
656 1551 798 1620 apud
828 1550 1070 1608 Judaeam
1096 1596 1112 1620 ‚
1145 1557 1236 1625 qui
1284 1569 1509 1629 propter
1533 1559 1696 1616 Cbri-

117 1649 265 1696 stum
297 1641 726 1711 persecutionem
755 1644 1025 1700 sustinent
1052 1668 1064 1701 :
1098 1658 1153 1702 ut
1202 1659 1250 1703 et
1287 1649 1503 1706 illorum
1536 1655 1704 1708 abun·

115 1732 329 1797 dantia,
360 1733 586 1803 spiritus
619 1743 807 1804 ulpole
837 1738 1030 1808 gratia,
1061 1738 1132 1794 sit
1153 1740 1220 1796 ad
1249 1752 1443 1797 vestrae
1464 1744 1699 1813 inopiam

1811 541 1940 610 quis
1973 557 2074 600 nos
2104 544 2379 611 vituperet
2409 546 2464 601 in
2507 549 2610 604 bac
2652 550 3007 622 amplitudine
3055 569 3177 625 quae
3225 558 3389 614 mini·

1808 639 2018 686 stratur
2068 648 2167 704 per
2214 651 2337 693 nos.
2385 637 2521 706 Quia
2558 639 2703 695 euim
2763 641 3016 713 colligere
3063 646 3325 714 pecunias
3357 664 3389 704 a

1806 719 2071 779 fratribus
2091 736 2343 798 acceptas
2372 728 2659 784 videbatur
2676 731 2830 785 malis
2856 734 3222 804 suspicionem
3236 736 3387 803 dare.

1806 808 1942 865 dicit
1966 812 2088 866 ideo
2125 815 2248 881 qnia
2279 817 2626 873 sollicitiores
2654 819 2917 889 eligentes
2945 824 3191 880 misimus
3217 842 3231 880 ι
3262 828 3387 896 quia

1804 901 2188 973 circumspecti
2215 905 2418 962 luimus
2454 925 2519 963 ne
2556 910 2681 981 quis
2707 913 3129 979 reprehenderet
3160 916 3213 970 id
3243 920 3388 988 quod

1803 994 2008 1061 iiebat;
2050 1013 2119 1052 ne
2144 1000 2267 1068 quis
2289 997 2457 1056 «iudas
2481 1002 2738 1059 inventus
2761 1003 3060 1074 iuraretur,
3089 1016 3146 1062 et
3176 1010 3389 1080 vitupe-

1802 1097 1953 1143 raret
2000 1091 2358 1146 ministerium
2402 1105 2669 1152 nostrum.
2717 1095 3065 1153 Prot-idemus
3098 1100 3235 1153 enim
3268 1117 3388 1172 qua.-

1804 1179 1939 1235 bona
1969 1194 2114 1248 sunt,
2156 1200 2260 1238 non
2303 1197 2509 1240 tanturn
2542 1205 2720 1244 coram
2776 1190 2886 1244 Deo
2934 1191 3205 1260 quinovit
3254 1207 3388 1248 con·

1803 1277 2109 1341 scientiam,
2149 1277 2240 1332 sed
2283 1289 2332 1331 et
2356 1295 2537 1335 coram
2590 1282 2891 1338 bominibus
2920 1284 2966 1317 ⁸⁸
2999 1303 3013 1340 ι
3049 1292 3107 1338 ιιι
3142 1299 3209 1338 ne
3239 1285 3384 1354 quis,

1804 1365 2001 1432 inquit.
2030 1371 2371 1423 occasionem
2414 1372 2691 1440 acciperet
2719 1373 3092 1441 vituperandi.
3136 1373 3385 1428 Minimus

1805 1464 1981 1508 autem
2022 1471 2142 1509 cunt
2174 1457 2284 1512 illis
2313 1467 2360 1511 et
2396 1458 2619 1528 fratrem
2650 1475 2915 1528 nostrum,
2946 1482 3104 1535 quem
3137 1468 3385 1536 probaui-

1804 1564 1924 1602 mus
1949 1548 2005 1602 in
2036 1549 2216 1605 multis
2265 1568 2401 1624 soepe
2446 1555 2736 1610 sollicitum
2767 1572 2879 1611 esse
2908 1558 2975 1612 ⁸⁹.
3007 1559 3201 1614 Statim
3236 1561 3382 1616 enim

1804 1637 1898 1707 qui
1944 1637 2181 1694 dedisset
2210 1643 2470 1711 pecunias
2507 1653 2722 1714 poterat
2779 1661 2899 1703 esse
2943 1659 3226 1718 suspectus
3256 1651 3383 1720 quia

1806 1729 1899 1798 qui
1932 1729 2131 1801 accipit
2163 1729 2427 1797 lucratur.
2456 1745 2512 1791 et
2540 1751 2647 1791 non
2681 1736 2888 1808 perfert
2918 1741 2985 1794 ad
3027 1755 3139 1795 rem
3170 1742 3236 1796 ad
3264 1757 3386 1812 quae

114 1823 270 1890 fidei,
297 1833 357 1879 ut
381 1824 477 1880 ssat
511 1826 795 1895 aequalitas
820 1845 833 1882 :
862 1842 959 1884 vos
988 1844 1054 1884 ex
1083 1831 1170 1886 bts
1197 1847 1317 1900 quae
1348 1834 1563 1889 babetis
1604 1849 1693 1904 pe·
1733 1825 1776 1886 Β
1805 1820 1973 1887 dedit,
1998 1836 2052 1877 et
2079 1824 2286 1895 pigrior
2315 1826 2654 1883 efficiebatur
2673 1829 2739 1884 ad
2773 1829 3008 1886 dandum
3040 1849 3055 1887 ι
3087 1833 3208 1889 ideo
3237 1849 3388 1890 com-

115 1919 319 1986 cuniis,
344 1919 418 1975 illi
448 1934 515 1974 ex
541 1920 742 1991 quibus
761 1921 961 1978 habent
989 1925 1167 1979 donis.
1191 1923 1487 1982 Etillorum
1517 1928 1698 2000 inopia

111 2010 422 2082 replebitur
460 2020 641 2066 vestra
669 2013 1045 2083 abundantia;
1076 2027 1252 2072 vestra
1299 2028 1479 2075 autem
1516 2021 1697 2094 inopia

115 2098 452 2155 abundantia
492 2100 564 2157 sit
587 2101 828 2168 illorum
863 2115 921 2157 ut
956 2105 1048 2159 liat
1072 2107 1389 2176 aequalitas·
1442 2113 1700 2182 pecunia·

112 2207 246 2248 rum
277 2192 493 2262 quidem
521 2208 552 2247 a
589 2195 787 2250 vobis
774 2211 827 2250 tn
855 2196 993 2263 illos,
1027 2199 1380 2257 donationum
1422 2213 1600 2259 aulem
1629 2207 1700 2261 ab

112 2279 278 2336 illis·
264 2298 318 2336 m
351 2298 485 2348 νος,
522 2285 658 2339 sicut
711 2288 962 2352 scriptum
996 2298 1127 2344 est.
1118 2289 1271 2356 ·Qui
1307 2294 1566 2361 multum,
1595 2314 1699 2352 non

114 2374 448 2436 «scandatum
486 2374 654 2444 etqui
690 2377 975 2441 modicum,
1007 2395 1112 2432 non
1141 2381 1313 2448 deluit
1336 2384 1418 2437 itti
1449 2385 1514 2438 ⁸⁸.
1553 2386 1700 2442 Scri·

112 2473 273 2535 ptum
305 2474 411 2529 est,
438 2466 561 2535 quia
599 2468 852 2536 populus,
886 2469 1012 2524 dum
1054 2472 1337 2528 transisset
1366 2491 1536 2541 mare,
1559 2487 1703 2533 essct

112 2551 178 2609 in
214 2554 474 2619 deserto,
519 2563 577 2610 et
626 2571 801 2625 neque
854 2559 1151 2614 seminaret
1205 2577 1385 2633 neque
1434 2575 1698 2634 meteret;

114 2644 271 2701 Deus
317 2647 548 2703 reddens
591 2650 760 2704 vicem
813 2649 953 2719 patri
999 2666 1188 2707 eorum
1219 2653 1496 2711 Abraham
1530 2698 1547 2724 ,
1602 2675 1702 2731 pro

112 2751 310 2793 mensa
340 2739 547 2795 scilicet
577 2739 666 2794 illa
707 2756 826 2811 quae
853 2753 1137 2814 susceptos
1162 2745 1387 2818 angelos
1410 2749 1574 2817 pavit,
1600 2766 1702 2822 pro

114 2843 267 2901 pane
306 2829 452 2899 quod
476 2833 681 2903 angelis
703 2835 973 2904 apposuit,
1004 2850 1198 2905 panem
1230 2840 1542 2906 angelorum
1561 2857 1701 2913 prte-

118 2921 246 2977 buit
274 2921 398 2978 liliis
421 2925 656 2979 Abrabae
681 2966 697 2991 ‚
735 2941 832 2995 pro
860 2942 925 2981 eo
953 2931 1096 2998 qnod
1130 2932 1242 3001 ipse
1272 2933 1478 3003 angelis
1509 2952 1701 3003 panem

120 3015 404 3071 bominum
451 3017 505 3071 in
564 3023 906 3088 susceptione
968 3036 1320 3092 apposuerat.
1381 3027 1486 3083 islo
1538 3030 1705 3100 igitur

119 3104 304 3163 fructu
352 3124 561 3164 mannae
610 3111 919 3167 advenienti
966 3114 1034 3168 de
1070 3114 1211 3170 coelo
1255 3117 1440 3172 exibat
1473 3120 1702 3190 populus

119 3198 384 3268 colligens
405 3212 596 3269 parata
641 3218 738 3271 pro
770 3218 931 3258 cursu
956 3204 1190 3260 Abrabae
1219 3209 1504 3265 etsudore.
1539 3211 1702 3265 Colli·

118 3301 318 3362 gentes
345 3303 522 3347 autem
566 3303 624 3348 ut
650 3294 820 3350 Judaei
851 3310 955 3348 non
992 3295 1333 3355 sufficiebant
1365 3301 1416 3355 in
1450 3317 1700 3357 mensura

120 3394 248 3450 quae
298 3379 515 3437 fucrant
547 3396 816 3454 pra-cepta
845 3387 1103 3456 colligere
1130 3429 1146 3454 ‚
1187 3391 1283 3444 sed
1336 3391 1555 3459 quidam
1582 3407 1701 3446 am-

123 3472 294 3544 plius.
321 3471 411 3527 alii
452 3477 631 3530 minus
657 3477 984 3543 colligebant
1010 3493 1207 3534 manna
1230 3497 1247 3548 ;
1294 3482 1575 3537 venientes
1601 3498 1700 3537 au-

121 3572 233 3618 tem
256 3574 316 3618 ut
341 3577 741 3636 mensurarent,
773 3571 839 3623 ad
871 3562 1242 3640 :equalitatem
1288 3574 1703 3630 adducebantur

117 3654 303 3712 insiti.
337 3655 438 3723 Qui
472 3657 617 3713 enim
649 3662 800 3730 plura
834 3662 1124 3733 collegerat
1169 3663 1222 3719 in
1263 3666 1535 3731 mensura,
1580 3682 1699 3720 am-

118 3746 266 3818 plius
289 3762 396 3803 non
426 3750 660 3806 babebat
686 3769 702 3818 ;
730 3757 821 3823 qui
868 3766 1048 3809 autem
1094 3756 1295 3822 minus,
1329 3757 1462 3812 nihil
1493 3757 1702 3813 minue·

20 3842 31 3879 ν’
118 3838 288 3897 batur
315 3855 437 3894 cum
475 3854 876 3900 mensurat-ent.
937 3846 1041 3902 lsta
1094 3846 1260 3919 igitur
1292 3849 1704 3919 comparatione

20 4029 57 4517 -.....„„.-.

116 3940 428 4001 opportune
454 3947 583 3989 usus
612 3943 697 3989 est
726 3936 1018 4006 Apostolus
1045 3938 1258 4004 dicens,
1288 3939 1423 3994 sicut
1450 3940 1705 4010 scriptum

116 4030 203 4082 cst
228 4038 249 4078 .·
286 4021 392 4090 Qui
430 4024 676 4091 muitum,
712 4043 816 4082 non
863 4030 1188 4096 abandonia
1231 4033 1394 4104 etqui
1417 4032 1703 4099 modicum,

64 4162 73 4171 .
116 4129 232 4171 non
271 4117 440 4187 defuit
473 4117 574 4172 itti.
605 4119 708 4186 Qui
758 4120 903 4175 enirn
954 4123 1179 4178 multum
1231 4123 1450 4194 collegit
1485 4139 1703 4190 tuatim,

114 4222 235 4265 non
271 4207 603 4276 abundavit;
638 4215 1002 4270 mensurando
1031 4216 1174 4271 enim
1228 4215 1296 4271 ad
1343 4213 1703 4286 aequslitatem

92 4299 280 4357 'venit
310 4312 405 4356 zet
434 4303 527 4373 qui
577 4306 849 4359 modicum
903 4306 1120 4378 collegit
1147 4346 1164 4372 .
1210 4320 1317 4361 non
1354 4305 1525 4362 defuit
1571 4305 1649 4361 illi
1685 4323 1703 4374 3

114 4392 255 4451 oum
283 4408 695 4452 mensuraretur
719 4397 885 4460 enim,
911 4398 1220 4468 replebatur
1248 4400 1298 4454 ei
1326 4401 1469 4470 quod
1498 4399 1703 4455 deerat.

1803 1913 2024 1967 mendat
2054 1928 2152 1969 eos
2174 1914 2266 1983 qui
2301 1917 2453 1973 missi
2476 1928 2624 1984 sunt,
2661 1928 2720 1973 ut
2753 1935 2859 1974 non
2885 1922 3260 1978 destrueretur
3288 1924 3388 1981 do·

1799 2003 2048 2058 nantium
2090 2005 2370 2062 alacritas.
2413 2007 2663 2064 Misimus
2714 2021 2891 2064 autem
2917 2052 2933 2074 ,
2978 2013 3097 2078 ait,
3127 2030 3246 2068 cum
3277 2015 3387 2071 illis

1799 2097 2019 2167 fratrem
2063 2109 2300 2152 nostrum
2337 2113 2492 2168 quem
2534 2100 2871 2168 probavimus
2926 2103 2981 2154 in
3033 2105 3213 2157 multis
3250 2121 3390 2173 sa'pe

1799 2185 2091 2240 sollicitum
2126 2202 2260 2250 esse,
2294 2203 2436 2240 nunc
2470 2199 2645 2241 autem
2671 2187 3038 2242 sollicitiorem
3068 2191 3387 2259 confidentia

1801 2278 1968 2334 multa
1994 2280 2049 2333 in
2082 2296 2192 2344 uos,
2216 2279 2323 2334 sive
2345 2296 2440 2349 pro
2472 2278 2593 2333 Tito
2623 2280 2715 2343 qui
2736 2289 2816 2334 est
2851 2281 3029 2335 socius
3059 2298 3204 2336 meus
3250 2292 3299 2335 ct
3331 2283 3385 2336 in

1800 2373 1943 2428 vobis
1973 2373 2188 2445 adjutor
2228 2375 2295 2428 ad
2335 2388 2572 2442 pra‘sens
2601 2375 2960 2430 ministerium
2987 2417 3003 2441 ‚
3028 2377 3137 2431 sice
3190 2379 3385 2446 [ratres

1802 2463 1969 2517 nostri
1999 2463 2221 2531 apostoli
2251 2461 2611 2517 Ecclesiarum
2638 2462 2823 2534 olorioe
2859 2462 3080 2519 Christi.
3109 2465 3250 2536 Ergo
3274 2482 3382 2523 non

1801 2572 1901 2612 vos
1926 2557 2105 2629 pigeat
2137 2558 2204 2611 ad
2228 2559 2672 2621 ostentationem,
2698 2572 2821 2628 quae
2839 2560 2913 2613 sit
2935 2559 3177 2614 charitas
3202 2571 3384 2616 vestra

1801 2657 1857 2704 et
1886 2658 2068 2703 nostra
2097 2647 2270 2718 gloria
2298 2665 2395 2718 pro
2441 2650 2616 2706 vobis.
2651 2649 3060 2708 Proevenientes
3090 2652 3258 2719 enim,
3298 2653 3384 2707 in-

1801 2740 1946 2810 quit,
1981 2739 2196 2810 gloriati
2245 2756 2436 2796 sumus
2470 2743 2522 2795 in
2556 2742 2678 2798 illos
2703 2744 3057 2800 ostendentes
3106 2745 3157 2798 in
3190 2743 3384 2800 faciem

1804 2831 2174 2888 Ecclesiarum
2216 2855 2227 2888 :
2254 2841 2310 2887 et
2340 2835 2585 2889 bomines
2609 2835 2826 2904 quidem
2854 2836 3277 2903 commendavit.
3311 2835 3387 2892 Dc

1808 2922 1928 2991 ipso
1982 2932 2165 2978 autem
2217 2922 2433 2989 negotio
2462 2923 2758 2978 exhortans
2799 2938 2894 2978 eos
2920 2925 3094 2981 dicit:
3132 2925 3273 2980 Nam
3322 2927 3392 2983 de

1803 3012 2099 3066 ministerio
2127 3013 2266 3083 quod
2296 3012 2355 3080 fit
2389 3012 2444 3066 in
2486 3022 2700 3066 sanctos
2736 3013 2885 3081 ipsos
2918 3013 3011 3083 qui
3063 3025 3220 3068 erant
3246 3017 3388 3086 apud

1805 3101 2237 3173 Hierosolymam
2261 3141 2278 3169 ,
2307 3117 2374 3156 cx
2402 3102 2698 3155 abundanti
2742 3113 2819 3156 est
2864 3104 2995 3157 mihi
3038 3107 3268 3159 scribere
3295 3122 3393 3161 eo·

1805 3195 1887 3249 bis
1915 3193 1982 3249 ⁷‘.
2004 3193 2117 3250 Cur
2142 3209 2207 3248 ex
2243 3193 2586 3248 abundanti?
2619 3192 2745 3248 Scio
2780 3195 2918 3248 enim
2950 3206 3247 3263 promptum
3262 3200 3387 3252 ani-

1803 3302 1947 3340 mum
1974 3299 2218 3340 uestrum.
2251 3285 2421 3353 Quem
2451 3300 2556 3339 non
2591 3283 2766 3340 solum
2794 3287 2928 3352 scio,
2960 3289 3054 3342 sed
3091 3299 3140 3342 et
3184 3291 3251 3342 de
3281 3303 3386 3358 quo

1801 3376 2004 3446 glorior
2019 3377 2083 3430 de
2100 3376 2240 3430 vobis
2264 3383 2404 3444 apua
2433 3373 2775 3439 Macedonas,
2796 3376 2924 3447 quia
2943 3377 3146 3432 Achaia
3170 3394 3386 3448 pra’ps·

1803 3479 1925 3522 rata
1949 3477 2022 3522 est
2053 3469 2117 3521 ab
2144 3483 2283 3522 anno
2311 3468 2508 3536 priore.
2543 3467 2611 3522 Et
2642 3480 2749 3521 non
2776 3468 2900 3522 dico
2927 3484 3054 3538 quia
3085 3469 3387 3524 secundum

1801 3559 2202 3615 aetnmlalionem
2252 3557 2607 3614 Macedonum
2660 3561 2873 3616 debetis
2910 3575 3008 3615 vos
3056 3560 3339 3617 adhortari
3369 3580 3386 3629 ;

1804 3653 1899 3708 scd
1934 3650 2207 3706 oentuiatio
2241 3661 2413 3706 vestra
2456 3662 2705 3719 prouocat
2730 3651 3011 3721 plurimos.
3050 3650 3193 3719 Ergo
3219 3653 3389 3708 nolite

1806 3744 1922 3799 neri
1954 3742 2180 3799 secundi
2211 3743 2305 3799 sed
2339 3743 2501 3813 primi
2532 3783 2549 3810 ,
2599 3743 2862 3798 babentes
2900 3741 3275 3798 secundarios.
3328 3743 3388 3799 Si

1806 3837 1974 3909 igitur
2006 3850 2113 3891 non
2156 3843 2240 3890 est
2268 3849 2494 3891 necesse
2537 3835 2805 3901 scribere,
2839 3835 2969 3905 quid
3004 3833 3178 3889 mittis
3208 3834 3234 3889 ἲ
3263 3834 3392 3890 Misi

1807 3939 1984 3984 autem
2008 3928 2239 3998 [ratres.
2269 3942 2332 3981 ne
2360 3926 2415 3981 in
2437 3943 2499 3982 eo
2518 3928 2659 3998 quod
2684 3927 2981 3998 qioriamur
2999 3925 3066 3980 de
3091 3926 3394 3989 sabinam·

1805 4032 1990 4077 cuetur
2013 4024 2067 4074 in
2096 4020 2195 4074 hac
2215 4028 2409 4089 parte,·
2438 4029 2517 4084 ut,
2538 4017 2984 4090 quentadntodant
3009 4018 3271 4087 dixeram,
3296 4035 3393 4088 ps·

1805 4115 1910 4171 rati
1933 4115 2048 4169 sitis
2067 4113 2136 4167 ¹¹.
2165 4112 2420 4168 Dubietas
2465 4111 2611 4166 enim
2642 4127 2658 4166 t
2687 4109 2791 4176 Ne,
2826 4111 2871 4164 si
2893 4112 3127 4165 uenerint
3152 4150 3167 4174 .
3195 4111 3391 4180 inquit,

1807 4224 2009 4262 mecum
2033 4204 2370 4270 Macedones,
2395 4214 2442 4259 et
2475 4205 2766 4259 invenerint
2797 4219 2889 4258 uos
2920 4204 3231 4272 imparatos,
3256 4220 3390 4258 con·

1808 4299 2098 4370 fundantur
2143 4312 2282 4361 nos,-
2312 4296 2585 4366 quomodo
2617 4308 2717 4349 nos
2746 4296 2837 4364 qui
2894 4295 3060 4350 luerit
3101 4292 3389 4363 gloriatus,

1807 4404 1901 4447 aut
1927 4392 2142 4448 dicatur
2166 4392 2240 4446 ita
2268 4400 2322 4445 ut
2349 4405 2454 4444 non
2479 4390 2721 4443 dicantus
2746 4404 2834 4442 nos
2869 4389 2924 4441 in
2956 4387 3251 4442 substantia
3282 4388 3390 4441 ista

112 4482 206 4545 lt·
242 4494 301 4540 et
345 4500 491 4543 nuno
518 4487 613 4542 nat
661 4489 942 4559 aequamas
978 4506 1045 4546 ex
1076 4505 1271 4545 manna
1299 4492 1403 4547 1310
1440 4491 1562 4547 ndei
1598 4511 1613 4546 :
1648 4501 1706 4548 οι
1735 4513 1781 4570 n
1808 4483 2221 4556 glorificationis
2275 4481 2421 4537 dico.
2478 4479 2853 4535 Necessarium
2904 4493 3029 4545 erqo
3093 4477 3390 4533 existimari

112 4575 328 4648 quibus
374 4577 652 4633 abundant
698 4594 877 4648 opes,
908 4578 1129 4634 mittant
1160 4581 1246 4636 his
1273 4581 1363 4650 qui
1412 4564 1702 4650 indigent.

28 4718 33 4723 .
56 4666 325 4739 quibus
348 4679 528 4724 autem
556 4672 800 4726 abundat
829 4673 1028 4743 gratia,
1054 4673 1461 4729 communicent
1496 4672 1580 4729 bis
1612 4672 1706 4742 qui

20 4760 95 4837 ²¹⁵5?
114 4776 235 4821 aon
255 4761 454 4818 babent
470 4765 716 4834 gratiam.
742 4763 957 4821 Gratias
973 4776 1148 4821 autem
1168 4766 1275 4821 Deo
1298 4767 1390 4838 qui
1415 4767 1556 4821 dedit
1572 4781 1710 4821 eant·

20 4852 246 4915 '‘:sdeut
281 4854 692 4912 sollicitudinem
729 4875 826 4928 pro
856 4860 998 4914 robis
1034 4863 1087 4914 in
1117 4863 1273 4916 corde
1310 4859 1419 4914 Titi
1448 4861 1494 4893 ‘⁸
1530 4875 1710 4919 ‘ouo

26 4936 71 4997 -ἶ
118 4948 274 5005 uiant
308 4950 721 5005 exhortationem
745 4952 957 5023 quidem
999 4954 1265 5022 suscepit,
1255 4969 1270 4982 ·
1296 4953 1386 5008 sed
1414 4968 1532 5007 cunt
1557 4945 1713 5006 solta(-

84 5038 289 5095 -eitior
313 5052 445 5095 esset
484 5043 548 5097 de
583 5044 952 5110 robis‚u11ro
997 5047 1264 5116 profectus
1304 5058 1380 5099 est
1432 5044 1500 5097 ad
1529 5060 1616 5099 ros
1639 5042 1705 5098 ⁸⁸.

20 5116 323 5195 -ὶ-θιιιιιίε
364 5131 526 5196 ultro,
581 5132 906 5189 Macedones
935 5133 1099 5200 ultro,
1131 5134 1286 5190 Titus
1320 5135 1481 5190 ultro.
1530 5130 1710 5188 Effici-

56 5196 286 5299 Quini,
337 5221 536 5292 inquit,
564 5235 621 5280 et
655 5240 754 5281 vos
783 5225 946 5281 ultro.
984 5225 1116 5284 Post
1143 5228 1258 5285 baec
1283 5237 1464 5284 autem
1497 5227 1628 5281 dicit
1651 5233 1709 5281 et

102 5324 290 5380 ·qucm
314 5330 442 5371 cum
487 5316 678 5371 eodem
712 5319 946 5383 miserit,
985 5329 1042 5375 et
1070 5318 1298 5376 laudans
1318 5336 1416 5377 eos
1462 5321 1709 5375 testimo·

19 5426 65 5459 ι
106 5404 240 5460 niis
268 5411 658 5467 commendans
680 5428 818 5484 quos
850 5414 1097 5477 miserat.
1123 5414 1269 5470 addit
1302 5428 1319 5469 ι
1348 5414 1418 5468 In
1449 5415 1550 5467 hac
1583 5427 1712 5482 ora-

1812 4592 2000 4648 roqare
2023 4574 2215 4643 fratres
2236 4584 2291 4628 ut
2318 4585 2535 4643 pergant
2570 4570 2640 4625 ad
2666 4586 2777 4638 uos,
2828 4580 2876 4625 et
2920 4576 3218 4639 pra-parent
3264 4577 3391 4622 ante

1811 4670 2127 4743 promissam
2182 4666 2591 4722 benedictionem
2648 4678 2752 4717 non
2800 4661 2953 4733 quasi
3007 4660 3288 4715 avaritiam
3315 4660 3387 4714 '¹.

1813 4764 1918 4831 Qui
1952 4762 2098 4819 cuim
2134 4761 2250 4827 dat,
2290 4758 2488 4828 accipit
2516 4756 2724 4827 magis3
2756 4766 2811 4811 ct
2855 4754 2945 4824 qui
2970 4752 3188 4807 videtur
3219 4753 3393 4807 dona-

1786 4872 1896 4931 7re,
1927 4853 2288 4912 benedicitur.
2316 4850 2682 4920 Praeparatsm
2713 4857 2897 4903 autem
2921 4860 3061 4907 esse.
3094 4843 3294 4915 inquit,
3313 4845 3389 4899 ita

1812 4957 1873 5004 ut
1896 4946 2327 5005 benedictionem
2356 4959 2463 5000 non
2491 4943 2649 5014 quasi
2694 4941 3002 4996 avaritiam.
3030 4935 3110 4994 Nc
3142 4938 3267 5010 quis
3290 4951 3391 5007 pu·

1814 5049 1912 5109 tet,
1944 5041 2041 5105 ait.
2069 5039 2351 5094 avaritiam
2377 5049 2498 5093 esse
2518 5035 2662 5106 quod
2682 5035 2948 5106 accipitur
2983 5032 3052 5087 ad
3076 5032 3382 5088 necessita-

1817 5142 1928 5188 tem
1959 5139 2294 5187 sanctorum.
2323 5126 2442 5182 Hoc
2468 5137 2648 5182 autent
2676 5126 2796 5180 dico
2828 5126 3078 5198 quoniam
3101 5125 3190 5195 qui
3233 5136 3392 5192 parce

1816 5224 2062 5288 seminat,
2095 5237 2255 5292 parce
2275 5232 2325 5277 et
2344 5229 2496 5277 metet
2518 5232 2539 5272 .·
2574 5219 2667 5285 qui
2697 5218 2919 5274 sentinat
2950 5214 3383 5275 benedictionem,

1817 5316 2225 5372 benedictionem
2262 5323 2312 5369 et
2343 5322 2517 5368 metet.
2547 5310 2916 5382 Unusquisque
2951 5310 3088 5364 sicut
3115 5305 3389 5377 proposuit

1818 5410 1977 5464 corde
2005 5408 2170 5479 {aciat
2192 5406 2263 5461 ¹⁸.
2316 5404 2433 5461 Non
2460 5405 2606 5460 enim
2634 5405 2807 5460 virtus
2854 5417 2990 5472 opus
3013 5409 3126 5465 est.
3152 5398 3248 5453 sed
3276 5395 3394 5450 ani·

120 5498 207 5553 tia
238 5498 580 5559 ministratur
600 5522 694 5575 per
726 5522 822 5563 nos
850 5509 906 5564 in
946 5507 1320 5583 gloriamini,
1359 5518 1410 5563 et
1441 5505 1710 5562 solticitu·
1820 5517 1943 5560 mus
1996 5508 2302 5573 promptus.
2357 5495 2821 5566 Quemadmodum
2875 5508 3005 5565 crgo
3050 5491 3209 5548 debet
3267 5489 3392 5559 quis

3091 5692 3152 5723 Ψ*
3159 5689 3328 5742 ’ὕκλ.
3333 5687 3429 5735 ΣΧ
3438 5717 3461 5733 .

200 5714 254 5746 ⁸¹
276 5709 468 5767 neor.
487 5727 608 5777 vm,
638 5712 726 5779 15.
760 5713 844 5771 lt.
921 5715 966 5747 ⁸³
1007 5712 1138 5769 ibid.
1162 5711 1254 5768 22.
1357 5708 1563 5767 “ibiti-
1596 5709 1684 5767 ¹5.
1790 5712 1836 5745 ‘⁸
1867 5710 1995 5766 ibid.
2039 5709 2123 5767 ¹6.
2230 5709 2276 5742 ⁸⁸
2316 5706 2445 5766 ibid.
2474 5706 2555 5762 17.
2632 5703 2675 5736 ⁰
2700 5701 2833 5760 ibid.
2870 5698 2995 5757 ts.

60 5776 348 5859 ⁸’thim
382 5781 466 5839 lt.
542 5784 589 5817 ⁷·
615 5783 660 5842 ll
708 5786 833 5845 Cor.
871 5786 1035 5857 tx,i‚
1056 5783 1116 5841 2.
1189 5781 1390 5843 ”ibim
1434 5782 1487 5838 5.
1565 5780 1763 5840 ”ibid.
1797 5781 1852 5839 5.
1930 5779 2140 5839 ’'ibid.
2170 5778 2225 5835 6.
