3692 6134
936 255 1441 322 contimtum
1478 261 1548 319 ΙΝ
1583 251 1976 337 ΙδΑΙΔΜ.ῗ,ἶ-“
1995 254 2160 321 ΕΛΡ.
2193 253 2386 324 xxvi:

3147 247 3268 320 '2⁷8

319 373 459 448 ζωὴν
484 376 549 430 ού
577 377 886 450 pil-[domm.
913 379 1037 434 οῦδὲ
1070 381 1246 453 ἰατροὶ
1270 380 1333 433 ού
1365 380 1441 452 μὴ
1473 381 1599 435 ἀνα·
1624 385 1671 443 Α
1699 379 1897 448 iuerat,
1932 398 1954 434 r
1994 377 2192 438 Mortui
2220 388 2403 436 autem
2448 377 2613 434 vitam
2640 389 2748 435 non
2781 376 3061 444 videbunt,
3091 393 3269 450 neque

338 481 357 531 ;
384 483 407 519 ι
448 464 587 521 Ἀλλ’
610 468 808 524 ἐκεῖνοι
836 469 935 542 μὶν
962 466 1106 543 ἦσαν
1135 472 1338 543 νεκροὶ,
1364 469 1434 524 τὰ
1456 469 1595 542 πρὸς

319 557 666 630 μαρτηκότες,
697 561 748 615 oi
774 559 831 615 δὲ
860 561 1047 633 νεκροὶ
1082 561 1181 617 τοῦ
1211 561 1416 634 Κυρίου
1448 562 1498 614 οἱ
1526 560 1592 615 δι’

319 663 397 702 ταν
425 644 602 720 θλίψιν
626 650 732 715 ἱως
761 649 991 708 θάνατον
1023 651 1404 724 ὑπομένοντες.
1452 652 1596 706 Ἀντί

322 738 726 812 ἐγερθήσονται,
766 760 787 795 ι
821 743 874 797 oi
902 743 1085 799 λοιποὶ
1113 745 1485 817 ἠρμὴνευσαν,
1521 744 1597 808 ὡς

318 849 398 886 ων
429 830 631 898 αὑτῶν,
663 834 783 905 οὐχὶ
826 835 884 890 δὲ
922 835 1252 892 τεθνεώτων.
1286 836 1378 891 Διὸ
1420 837 1450 890 ὁ
1488 835 1597 889 τῶν

322 940 449 989 ατος
495 924 752 997 κοίμησις
782 925 1125 998 ὀνομάζεται.
1164 926 1496 992 ’Δκολούθως
1538 925 1599 980 δὲ

319 1032 366 1070 ει
390 1018 425 1088 ἡ
451 1016 749 1082 ἀνάστασις
778 1016 1109 1091 ἐξυπνισμδς
1134 1019 1202 1075 ἂν
1232 1019 1475 1092 λεχθείη.
1507 1018 1599 1072 Διὸ

319 1126 326 1168 :
372 1108 592 1174 λοιποὺς
628 1108 972 1181 ἑρμηνευτάς
1014 1109 1504 1184 ὲξυπνισθησεσθαι
1548 1110 1601 1165 oi

321 1199 531 1273 ημείοις
563 1200 709 1254 κατά
734 1200 798 1255 τὸ
825 1200 1041 1274 πρῶτον
1070 1202 1343 1277 εἴρηνται·
1370 1201 1514 1258 κατὰ
1542 1203 1600 1259 δὲ

322 1309 373 1355 ν,
403 1312 421 1344 ι
444 1292 887 1361 ἀγαλλιάσονται,
925 1313 948 1349 ι
980 1293 1015 1366 ἢ
1042 1313 1063 1348 ι
1090 1293 1385 1362 αίνὲσουσι,
1411 1313 1433 1349 a
1458 1295 1599 1351 κατά

319 1400 385 1448 ιν,
406 1383 441 1454 ἢ
469 1402 488 1435 ι
516 1384 861 1452 ἀλαλάξουσι,
898 1403 919 1438 ι
943 1385 1087 1442 κατὰ
1128 1385 1223 1442 τὸν
1250 1385 1589 1445 Θεοδοσίωνα.

319 1474 406 1529 ἐπὶ
435 1476 537 1547 γῆς
565 1474 827 1532 κατιοῦσα
862 1478 1046 1552 ἠρέμα
1075 1479 1171 1536 καὶ
1190 1479 1377 1554 πράως
1398 1480 1591 1554 ἐκτρέ-

321 1563 432 1631 ξειν
453 1569 597 1620 ποιεῖ
616 1566 685 1621 τά
706 1567 1101 1644 ὶναποκείμενα
1118 1569 1253 1644 αὐτῇ
1280 1567 1586 1644 σπέρματα*

323 1656 524 1728 τρόπον
552 1661 585 1732 η
619 1659 769 1734 παρὰ
796 1659 889 1715 σοῦ
919 1660 1108 1734 δρόσος
1144 1661 1283 1736 ῖαμα
1310 1664 1410 1718 καὶ
1442 1662 1592 1734 ζωὴν

319 1746 415 1802 »ίαν
452 1748 671 1822 παρέξει
702 1752 816 1816 τοῖς
847 1753 956 1817 σοῖς
988 1756 1223 1825 νεκροῖς,
1252 1743 1331 1807 ὧν
1384 1761 1454 1805 τα
1484 1748 1594 1804 σώ-
1624 1737 1667 1793 Β

319 1836 351 1891 ὰ
381 1840 570 1910 καιρὸν
603 1842 697 1895 ἐπὶ
742 1841 844 1913 τῆς
874 1841 980 1914 γῆς
1006 1842 1250 1915 ὲσπάρη.
1289 1840 1407 1894 Ούκ
1436 1839 1505 1894 ἂν
1537 1838 1597 1894 st

319 1929 470 1984 ιύτὸν
497 1926 635 1986 εἶναι
662 1932 849 2004 δρόσον
868 1932 1045 2000 λέγων
1080 1933 1174 1986 τὸν
1210 1927 1477 2002 μονογενῆ
1506 1927 1600 1982 τοῦ

319 2038 384 2086 ιν,
435 2021 516 2089 ὃς,
562 2023 857 2088 ὲπιστάξας
904 2021 1006 2085 τὰς
1058 2019 1253 2074 ἑαυτοῦ
1306 2017 1608 2083 ζωοποιοῦς

318 2112 430 2175 τοῖς
459 2110 627 2164 αὐτοῦ
657 2113 892 2183 νεκροῖς,
925 2107 1064 2179 ὁμοῦ
1109 2106 1205 2162 καὶ
1253 2104 1401 2161 ἴασιν
1432 2106 1607 2177 ἀμαρ-

318 2203 370 2257 εῖ
395 2203 498 2258 πού
530 2222 583 2257 τι
615 2205 797 2268 αὐτοῖς
815 2202 937 2257 κατ’
964 2199 1251 2272 ἄνθρωπον
1280 2195 1608 2270 πεπλημμέ-

319 2291 446 2358 >έξει
494 2293 631 2364 ὁμοῦ
676 2292 774 2347 καὶ
825 2291 1131 2346 ἀνάστασιν
1172 2289 1267 2345 καὶ
1308 2287 1601 2361 σωτηρίαν,

344 2383 563 2439 αἰώνιον
610 2385 793 2450 αὐτοῖς
831 2384 1175 2457 δωρήσεται·
1218 2377 1339 2436 ἀλλ’
1368 2379 1489 2454 οὐχὶ
1531 2377 1602 2434 τὰ

319 2474 371 2530 ὃν
403 2474 648 2531 τοιαῦτα.

319 2670 367 2721 t,
392 2652 422 2708 ὁ
448 2653 575 2718 λαός
610 2671 732 2726 μου·
769 2653 975 2710 εῖσελθε
1001 2653 1084 2718 είς
1106 2650 1177 2706 τά
1193 2649 1419 2724 ταμιεῖά
1443 2664 1591 2703 ooo-s

319 2743 490 2816 »γάζου
519 2745 591 2800 τὰ
620 2746 958 2820 πορρωτάτω
979 2745 1319 2817 τυγχάνοντα
1346 2741 1459 2798 τῶν
1488 2741 1597 2796 σῶν

319 2859 339 2894 ι
361 2839 704 2896 ’Δπόκλεισον
742 2838 841 2913 τὴν
889 2837 1062 2912 θύραν
1094 2853 1218 2892 σου·
1252 2832 1598 2908 ἀποκρύόηθι

319 2950 386 2999 ιν,
406 2933 515 2997 ῐως
537 2931 605 2987 ἂν
636 2931 879 3005 παρέλθῃ
896 2933 932 3005 ἡ
964 2928 1105 3003 ὀργὴ
1128 2928 1352 3002 Κυρίου.
1385 2947 1405 2979 ι
1441 2925 1599 2982 Μετά

319 3025 511 3082 καλίαν
545 3025 647 3097 τῆς
685 3024 793 3079 τῶν
829 3022 1043 3097 νεκρῶν
1090 3019 1462 3084 ἀναστάσεως,
1517 3017 1596 3081 ῶς

319 3135 392 3184 ας
452 3115 783 3191 Εμπροσθεν,
851 3116 948 3170 καὶ
1002 3113 1096 3169 ἐπὶ
1153 3112 1217 3167 τὸ
1275 3111 1407 3167 αὐτὸ
1458 3108 1601 3183 μετὰ
1625 3079 1669 3138 C

319 3227 466 3268 τασιν
506 3208 879 3281 συνηγμένους
914 3207 1043 3272 τοὺς
1087 3204 1275 3276 ἀγίους
1319 3201 1415 3258 τοῦ
1461 3200 1598 3257 Θεοῦ

319 3321 361 3360 ιν
399 3303 463 3360 τὸ
510 3302 729 3375 πνεῦμα
780 3300 844 3355 τὸ
891 3296 1248 3374 προφητικὸν,
1299 3296 1493 3351 ἒπειτα
1541 3294 1602 3361 ἐξ

320 3412 444 3468 ρους
471 3394 571 3468 τὴν
602 3391 861 3448 ἐπιοῦσαν
885 3393 1000 3455 τοῖς
1024 3387 1276 3444 ἀσεδίσιν
1302 3386 1473 3460 ὀργὴν
1499 3403 1601 3442 κα-

346 3483 421 3557 τιῖ·
451 3485 691 3557 τάγματι
715 3480 826 3536 τῶν
852 3479 1023 3552 ἀγίων
1051 3480 1362 3552 προσφωνεῖ
1392 3478 1604 3548 ἀποχω-
1643 3528 1647 3532 ,

362 3577 537 3650 βραχὺ
566 3575 661 3631 τοῦ
692 3573 909 3653 μακρὰν
942 3570 1306 3647 κρύπτεσθαι,
1340 3568 1418 3634 ὡς
1464 3569 1601 3641 μηδὲ

319 3668 412 3739 τῆς
445 3667 555 3722 τῶν
596 3665 809 3722 ἀσεδῶν
850 3663 1095 3736 γίνεσθαι
1145 3659 1442 3724 ἀπωλείας.
1490 3657 1601 3714 Τα-

322 3759 386 3815 οῦ
414 3757 545 3814 λαοῦ
567 3757 662 3813 τοῦ
682 3755 817 3812 Θεοῦ
840 3756 898 3810 αί
930 3754 1122 3810 πολλαὶ
1146 3750 1299 3826 παρὰ
1321 3750 1399 3823 τῷ
1426 3751 1603 3825 Πατρὶ

319 3869 353 3906 τι
388 3851 576 3923 μοναὶ,
602 3848 817 3921 ἑκάστῳ
846 3847 1086 3919 τάγματι
1116 3845 1224 3901 τῶν
1257 3844 1429 3914 ἁγίων
1462 3843 1605 3898 κατά

320 3942 412 3998 εοῦ
461 3943 642 4016 κρίσιν
673 3939 1069 4014 ἀφωρισμέναι.
1105 3938 1199 4002 Εἰς
1231 3936 1383 3991 ταῦτ’
1414 3929 1508 3989 οὗν
1534 3934 1605 3988 τὰ

319 4035 625 4107 κευασμένα
652 4032 876 4106 ταμιεῖά
901 4049 1018 4095 σου,
1043 4031 1226 4102 φησὶν,
1247 4030 1276 4083 ὁ
1298 4027 1431 4100 ὲμὸς
1455 4025 1601 4090 λαὸς,

319 4127 385 4183 ιαὶ
419 4124 741 4182 ἀπόκλεισον
768 4123 869 4196 τὴν
899 4122 1070 4195 θύραν
1103 4138 1219 4175 σου.

337 4218 448 4292 γὰρ
479 4216 683 4290 Κύριος
712 4214 822 4270 ἀπὸ
850 4211 942 4270 τοῦ
971 4213 1128 4283 ἀγίου
1161 4213 1357 4281 ὲπάγει
1382 4208 1483 4281 τὴν
1514 4209 1602 4280 ὀρ

319 4312 425 4376 τοὺς
455 4305 795 4371 ἐνοικοῦντας
826 4305 918 4360 ἐπὶ
946 4305 1045 4377 τῆς
1071 4303 1195 4375 γῆς.
1234 4323 1253 4356 ι
1291 4297 1601 4372 Παρελθού·

1697 470 1889 526 medici
1914 468 2292 527 suscitabunt?
2319 483 2343 522 ι
2374 467 2483 525 Sed
2509 466 2587 525 iiii
2613 468 2836 540 quidem
2865 467 3063 524 mortui
3088 478 3267 535 erant,

1694 562 1786 634 qui
1816 562 1886 617 ad
1914 571 2146 617 mortem
2179 570 2559 632 peccaverant.
2601 559 2799 618 Mortui
2840 568 3022 617 sutem
3053 560 3265 618 Domini

1694 663 1823 712 sunt
1864 653 1904 710 ii
1936 651 2031 725 qui
2069 660 2298 726 propter
2353 666 2478 709 eum
2510 667 2726 709 omnem
2775 650 3143 709 calamitatem
3194 653 3264 708 ad

1694 755 1930 803 mortem
1958 757 2133 814 usque
2159 752 2294 801 sunt
2333 743 2600 816 perpessi.
2630 742 2741 801 Pro
2766 741 2859 799 illo
2887 751 3094 811 autem,
3125 761 3146 797 ι
3175 758 3269 800 ex·

1694 839 2030 903 citabuntur,
2058 855 2078 889 »
2101 835 2293 909 reliqui
2324 836 2772 907 interpretantur,
2798 851 2864 893 ac
2885 836 2935 892 si
2966 835 3267 903 dormiam,

1696 947 1763 987 ac
1784 945 1892 986 non
1927 928 2129 986 mortui
2176 927 2308 985 sint.
2343 927 2706 996 Quamobrem
2737 936 3050 984 sanctorum
3079 941 3265 993 mors,

1698 1036 1924 1078 somnus
1953 1018 2279 1094 appellatur.
2314 1020 2726 1091 consequenter
2777 1030 2959 1077 autem
3003 1018 3076 1074 ad
3121 1031 3270 1074 som·

1701 1127 1854 1180 num,
1881 1111 2233 1180 resurrectio,
2268 1111 2611 1181 experrectio
2643 1124 2764 1167 esse
2784 1110 3014 1166 dicatur.
3069 1108 3269 1177 Quam-

1698 1206 1888 1264 obrem
1924 1204 2222 1261 secundum
2250 1204 2492 1275 reliquos
2519 1205 2846 1274 interpretes
2870 1241 2890 1268 ,
2919 1208 3272 1273 experrectu-

1696 1313 1791 1357 ros
1824 1310 1950 1354 esse
1999 1299 2090 1367 qui
2146 1297 2200 1352 in
2253 1294 2621 1352 monumentis
2651 1302 2780 1350 sunt
2820 1292 3001 1363 primo
3031 1291 3269 1357 dicunt-3

1692 1391 1935 1448 secundo
1961 1397 2142 1445 autem
2176 1404 2197 1439 ι
2231 1386 2595 1454 laetabuotur3
2633 1402 2656 1439 a
2693 1385 2830 1454 sive,
2855 1381 3212 1448 clamabunt,
3246 1399 3267 1434 ι

1691 1492 1755 1540 ut
1782 1481 2016 1551 Aquila;
2062 1479 2203 1548 sive,
2237 1498 2257 1533 ι
2289 1478 2625 1550 iubilabunt.
2664 1495 2687 1531 ι
2726 1485 2787 1532 ut
2818 1474 3117 1533 ‘theodotio
3146 1489 3271 1530 ver-

1694 1572 1782 1630 tit.
1818 1571 1932 1628 Ros
1962 1578 2146 1627 autem
2175 1569 2230 1626 in
2254 1580 2455 1627 terram
2491 1567 2772 1639 delapsus,
2807 1566 3010 1622 sensim
3038 1563 3273 1636 placide-

1693 1680 1802 1737 que
1830 1665 2030 1736 injecta
2058 1663 2134 1720 ibi
2157 1664 2362 1720 semina
2392 1660 2599 1718 enutrit
2642 1669 2700 1716 et
2739 1671 3055 1716 accrescere
3091 1655 3265 1712 iacit:

1696 1756 2002 1824 eodemque
2029 1755 2190 1810 modo
2217 1768 2307 1811 ros
2347 1753 2448 1809 abs
2482 1761 2535 1809 te
2563 1751 2838 1823 prodiens,
2871 1748 3158 1817 medelam,
3182 1747 3269 1804 vi-

1702 1854 1811 1899 tam
1839 1854 1897 1898 et
1927 1844 2155 1900 salutem
2186 1843 2417 1899 mortuis
2462 1840 2650 1899 afferet
2684 1842 2791 1898 tuis
2812 1881 2831 1910 ,
2880 1855 3109 1913 quorum
3140 1853 3266 1896 cor·

1701 1947 1834 2004 pora
1865 1934 2033 1990 variis
2059 1934 2391 2004 temporibus
2437 1933 2492 1988 iu
2521 1943 2722 1988 terram
2755 1934 2899 1989 velut
2924 1934 3134 1991 semina
3180 1930 3272 2001 ja-

1707 2030 1797 2078 cta
1831 2021 2051 2077 fuerint.
2087 2019 2273 2092 Neque
2303 2034 2470 2091 porro
2508 2021 2846 2078 aberraveris
2870 2061 2886 2087 ‚
2919 2022 2967 2077 si
3010 2023 3162 2078 dicas
3189 2023 3271 2092 ip-

1705 2128 1826 2169 sum
1861 2112 2199 2183 unigenitum
2227 2111 2326 2168 Dei
2361 2108 2597 2167 Verbum
2626 2125 2801 2167 rorem
2822 2126 2960 2178 esse.
2992 2112 3135 2184 quod
3154 2123 3271 2184 gut-

1706 2202 1851 2260 tulas
1872 2216 2003 2259 suas
2031 2200 2265 2258 mortuis
2289 2198 2408 2256 suis
2443 2196 2711 2255 instillare
2738 2197 2948 2254 faciens
2970 2241 2987 2267 ‚
3031 2214 3139 2254 una
3190 2214 3274 2254 re-

1702 2294 1941 2352 medium
1968 2291 2235 2364 peccatis,
2259 2291 2306 2347 si
2341 2288 2478 2362 quid
2503 2289 2711 2346 abillis
2736 2291 3049 2347 humanitus
3083 2305 3273 2361 pecca-

1702 2395 1813 2443 tum
1839 2425 1858 2451 .
1901 2401 1968 2441 ac
1994 2382 2458 2441 resurrectionem
2479 2419 2498 2448 ,
2530 2380 2761 2438 salutem
2790 2390 2848 2438 et
2881 2383 3044 2439 vitam
3073 2382 3273 2456 sempi-

1697 2489 1912 2536 ternam
1945 2478 2078 2549 ipsis
2109 2473 2372 2534 conteret.
2399 2473 2473 2532 At
2502 2488 2594 2532 res
2625 2473 2915 2547 impiorum
2942 2488 3052 2530 non
3082 2474 3271 2532 eodem

1694 2571 1859 2630 modo
1882 2586 1944 2629 se
1974 2571 2198 2630 habent.

1769 2665 1941 2721 Vns.
1966 2664 2058 2720 20.
2094 2681 2118 2717 e
2152 2663 2319 2732 Vade,
2349 2663 2583 2735 populus
2627 2675 2783 2719 meus
2814 2680 2830 2717 ε
2863 2660 3006 2718 intra
3039 2662 3093 2717 in
3118 2657 3273 2718 cubi·

1700 2756 1824 2815 cula
1854 2766 1986 2824 ωας
2024 2774 2044 2811 ι
2082 2772 2149 2815 ne
2179 2757 2452 2815 curiosius
2493 2754 2740 2826 inquiras
2779 2769 2846 2812 ea
2874 2795 2891 2822 ‚
2919 2768 3041 2825 quae
3083 2753 3272 2826 procul

1702 2847 1967 2905 cubiculis
2015 2848 2124 2905 tuis
2167 2856 2474 2905 versantur.
2527 2864 2548 2900 r
2599 2843 2804 2902 Claude
2840 2845 3036 2900 ostium
3072 2852 3220 2900 tuum
3250 2861 3268 2897 ι

1702 2940 2043 2999 abscondere
2114 2940 2391 3011 paululum
2460 2936 2989 3011 quantulumcunque
3025 2973 3044 3003 ,
3099 2936 3272 2993 donec

1701 3041 2054 3104 pertranseat
2075 3033 2158 3090 ira
2187 3029 2427 3088 Domini.
2466 3048 2486 3085 ι
2523 3028 2651 3085 Post
2685 3025 2904 3085 allatam
2930 3026 2997 3083 de
3031 3041 3273 3084 resurre-

1703 3127 1889 3184 ctione
1947 3136 2293 3182 mortuorum
2341 3122 2672 3187 doctrinam,
2715 3129 2936 3176 sanctos
2985 3117 3080 3173 Dei
3109 3156 3128 3185 ,
3178 3119 3273 3189 qni

1704 3228 1863 3275 antea
1910 3218 2420 3281 circumsteterant,
2445 3212 2637 3270 eodem
2668 3211 2725 3270 in
2759 3210 2882 3267 loco
2912 3218 3129 3267 coactos
3155 3220 3275 3280 post

1704 3306 2158 3364 resurrectionem
2186 3305 2380 3362 videns
2403 3301 2751 3376 propheticus
2805 3300 3052 3372 spiritus.
3081 3300 3274 3356 deinde

1701 3413 1832 3455 vero
1858 3398 1962 3454 alia
1993 3413 2058 3454 ex
2085 3405 2239 3469 parte
2270 3393 2644 3451 imminentem
2680 3380 3027 3464 impiis‘iram
3057 3389 3274 3462 conspi-

1704 3500 1878 3558 catus,
1917 3500 2234 3546 sanctorum
2272 3495 2474 3545 coetum
2511 3484 2585 3542 ad
2605 3484 2878 3541 modicum
2923 3493 3137 3556 tempus
3182 3497 3272 3539 se·

1705 3582 1900 3638 cedere
1929 3595 1995 3636 ac
2023 3578 2219 3653 procui
2244 3589 2369 3635 sese
2393 3575 2670 3633 occultare
2699 3583 2905 3641 monet,
2932 3592 3000 3632 ne
3030 3575 3142 3631 sint
3171 3574 3274 3631 im·

1705 3672 1920 3743 piorum
1953 3670 2218 3742 perniciei
2244 3674 2604 3741 spectatores.
2650 3664 2911 3723 Cubicula
2935 3680 3062 3721 vero
3092 3664 3274 3736 populi

1707 3764 1828 3832 Dei,
1858 3763 2126 3834 intelligas
2153 3774 2274 3817 esse
2302 3757 2501 3815 multas
2521 3758 2663 3829 apud
2691 3757 2911 3812 Patrem
2933 3755 3269 3824 mansiones,

1696 3858 1849 3929 iusto
1885 3856 1977 3913 Dei
2003 3854 2205 3926 iudicio
2242 3849 2472 3922 singuiis
2521 3849 2800 3906 ordinibus
2845 3848 3162 3905 destinatas.
3211 3846 3270 3902 in

1706 3951 1823 4006 ltoec
1867 3948 2054 4018 igitur.
2083 3944 2281 4018 popule
2309 3944 2383 3999 tui
2409 3982 2426 4011 ‚
2469 3950 2661 4013 parata
2689 3939 2782 3996 tibi
2811 3937 3058 3997 cubicula
3096 3938 3276 4008 ingre·

1705 4043 1859 4108 dere,
1890 4049 1947 4096 et
1973 4038 2165 4095 claude
2186 4036 2384 4094 ostium
2412 4044 2586 4091 tuum.

1778 4196 1950 4255 Vens.
1977 4195 2072 4255 st.
2106 4213 2126 4248 ι
2175 4195 2311 4252 Ecce
2344 4191 2491 4249 enim
2517 4191 2777 4249 Dominus
2812 4187 2878 4243 de
2907 4195 3096 4243 sancto
3126 4184 3276 4240 indu·

1710 4291 1788 4348 cit
1816 4292 1954 4346 iram
1986 4289 2160 4359 super’
2184 4287 2520 4345 habitatores
2547 4294 2731 4340 terrae.
2781 4301 2800 4335 ι
2835 4280 3130 4349 Postquam
3182 4292 3277 4331 au-

319 4400 483 4472 .ὐτῆς,
523 4398 868 4462 ἀναπετάσας
915 4396 1102 4451 λοιπὸν
1128 4393 1228 4458 τὰς
1256 4391 1366 4446 τῶν
1406 4387 1602 4444 σαυτοῦ
1637 4414 1682 4469 n
1712 4394 1818 4439 tem
1844 4381 1934 4437 illa
1959 4379 2375 4452 pertransierit,
2412 4377 2667 4434 reseratis
2694 4374 2911 4430 demum
2938 4368 3168 4426 cubiculi
3201 4369 3277 4424 tui

331 4493 527 4558 πύλας,
571 4489 710 4564 μετὰ
738 4488 939 4561 πολλῆς
977 4485 1224 4553 ἐξουσίας
1255 4482 1352 4538 καὶ
1388 4482 1606 4554 παρρη-

319 4586 365 4642 5ι
382 4586 474 4642 τὸν
494 4585 612 4639 νέον
633 4581 949 4638 ἐποπτεύων
979 4578 1172 4639 αἰῶνα,
1195 4577 1290 4632 καὶ
1310 4574 1409 4647 τὴν
1431 4574 1605 4644 ὲπηγο

336 4695 419 4732 σοι
449 4674 720 4747 βασιλείαν
742 4671 836 4727 τοῦ
867 4669 1027 4726 Θεοῦ.
1071 4687 1090 4720 ι
1131 4667 1241 4722 Καὶ
1269 4662 1602 4734 ἀνακαλύψει

319 4764 429 4843 ιῖμα
460 4767 647 4838 αὐτῆς,
681 4765 778 4820 καὶ
807 4764 869 4818 ού
902 4758 1271 4830 κατακαλύψει
1312 4757 1437 4822 τοὺς
1470 4756 1603 4827 &vn-

322 4880 337 4896 ·
376 4882 396 4916 »
445 4861 522 4924 ὡς
564 4856 769 4931 μηδένα
810 4855 993 4912 λαθεῖν
1038 4853 1147 4908 τῶν
1174 4850 1340 4906 πάλαι
1370 4851 1429 4904 ὲν
1464 4848 1603 4919 αὐτῇ

319 4971 345 5020 ς
375 4949 730 5026 ἀνῃρημένων
749 4948 838 5004 διὰ
867 4947 976 5002 τῶν
1002 4945 1141 5019 πρὸς
1162 4943 1389 4999 θάνατον
1426 4942 1607 5012 ἀμαρ-

319 5062 326 5078 ·
354 5045 447 5099 hel.
476 5043 649 5114 τούτῳ
685 5040 794 5113 γὰρ
814 5040 916 5112 τὴν
939 5038 1113 5112 ὀργὴν
1142 5033 1362 5103 ἐπάξειν
1394 5032 1609 5106 εἴρηται

319 5136 439 5206 »γῆς
473 5131 705 5189 ἐνταῦθα
727 5128 1133 5202 ὀνομαζομένης
1158 5124 1267 5180 τῶν
1297 5126 1416 5188 ταῖς
1446 5120 1605 5176 κολά-

319 5224 610 5297 ονουμένων
632 5221 899 5292 ἀγγέλων.
919 5218 1033 5291 (50)
1052 5218 1214 5290 Δηλοῖ
1230 5214 1385 5271 δὶδιὰ
1404 5212 1604 5268 τούτων

320 5316 489 5387 ἀγίων
519 5313 614 5370 τοῦ
637 5311 773 5368 Θεοῦ
804 5311 1081 5383 ἀναίρεσιν
1109 5306 1293 5363 καὶτὰ
1322 5304 1431 5359 τῶν
1465 5321 1605 5376 μαρ-

319 5425 475 5479 pam,
507 5406 635 5477 περὶ
666 5397 741 5459 ῶν
770 5403 866 5459 καὶ
887 5400 1128 5471 Μωῦσῆς
1157 5399 1215 5453 ἐν
1250 5395 1458 5471 μεγάλῃ
1495 5394 1603 5468 ᾠδῇ

323 5500 469 5569 λεγε·
502 5515 523 5551 ι
564 5498 684 5553 Ὅτι
713 5496 773 5551 τὸ
802 5489 941 5567 αἷμα
969 5491 1078 5549 τῶν
1112 5489 1243 5548 υἱῶν
1283 5487 1446 5545 αὑτοῦ
1470 5486 1610 5542 ἐκδι-

319 5691 387 5731 tc
420 5673 797 5735 iiieronvmus.

1706 4472 1911 4545 ianuis,
1944 4479 2212 4544 potestate
2231 4478 2288 4527 et
2314 4468 2507 4526 fiducia
2547 4465 2713 4521 multa
2748 4464 3045 4518 instructus
3082 4461 3236 4532 prodi
3257 4501 3275 4527 ‚

1713 4579 1911 4621 novum
1957 4561 2213 4620 saeeulum
2241 4568 2671 4633 conspecturus,
2700 4569 2909 4612 necnon
2950 4554 3277 4625 promissum

1713 4655 1810 4713 tibi
1835 4670 2057 4726 regnum
2109 4652 2226 4709 Dei.
2271 4670 2291 4705 ι
2341 4652 2409 4709 Et
2459 4649 2721 4706 revelabit
2773 4657 2916 4703 terra
2958 4648 3273 4718 sanguinem

1712 4762 1895 4812 suum,
1923 4757 1978 4805 et
2007 4761 2113 4802 non
2143 4744 2437 4801 abscondet
2469 4740 2820 4806 interiectos;
2857 4758 2878 4795 ι
2912 4739 2982 4796 ita
3019 4750 3080 4796 ut
3118 4753 3278 4795 nemo

1713 4840 1882 4897 lateat
1911 4854 2099 4895 corum
2130 4879 2144 4905 ,
2179 4836 2264 4908 qui
2286 4835 2411 4892 olim
2440 4835 2492 4891 in
2524 4850 2583 4891 ea
2614 4832 2909 4890 secundum
2937 4833 3172 4888 animam
3207 4833 3276 4887 ob

1713 4941 1938 5005 peceata
1978 4931 2046 4987 ad
2096 4939 2327 4986 mortem
2376 4926 2645 4983 interfecti
2690 4925 2841 4982 fuere
2869 4944 2883 4981 ε
2913 4926 3015 4981 bac
3036 4925 3180 4981 enim
3211 4925 3278 4979 de

1714 5040 1877 5083 causa
1909 5023 2043 5079 iram
2077 5019 2391 5078 inducturus
2419 5034 2573 5074 suam
2623 5018 2761 5073 Deus
2792 5017 3011 5073 dicitur.
3048 5016 3145 5071 llic
3175 5016 3279 5071 sci-

1712 5116 1842 5174 licet
1875 5116 1956 5169 ira
2000 5122 2258 5169 vocantur
2307 5109 2483 5179 angeli
2534 5106 2825 5164 inserendae
2878 5104 3068 5162 ultioni
3117 5106 3278 5160 mini·

1710 5216 1975 5266 strantes.
2026 5204 2122 5261 iiis
2151 5216 2314 5274 Porro
2373 5200 2644 5272 significat
2698 5208 3005 5255 sanctonum
3042 5195 3134 5252 Dei
3183 5212 3279 5253 ne·

1709 5317 1828 5359 cem
1857 5341 1873 5367 ‚
1929 5308 1985 5354 et
2042 5307 2342 5368 martyrum
2396 5294 2711 5366 sangninem
2751 5336 2764 5358 ‚
2820 5292 2887 5346 de
2921 5290 3117 5360 quibus
3165 5288 3278 5346 lta-c

1712 5394 1767 5452 in
1808 5408 2004 5464 magno
2050 5391 2260 5447 cantico
2317 5388 2508 5445 scribit
2574 5387 2783 5458 Moyses
2812 5421 2827 5447 ‚
2885 5401 2905 5436 ι
2968 5382 3104 5451 Quia
3160 5399 3278 5439 san·

1717 5488 1935 5563 guinem
1981 5486 2211 5544 liliorum
2243 5497 2455 5541 suorum
2518 5479 2807 5538 ulciscetur
2836 5487 2893 5534 et
2944 5476 3278 5543 vindicabit.
