3692 6134
219 276 318 333 m

915 276 1178 334 EnsEmt
1217 280 1688 341 GAEsantssNsts
1723 285 1877 343 OPP.
1921 286 2093 344 PARS
2123 287 2209 343 nt.
2247 316 2319 329 —
2358 279 2769 340 EXEGETICA.

3331 281 3441 338 ⁴⁷9.

221 391 467 446 berorum
495 388 888 447 multitudinem
948 393 1376 450 benedictionem
1403 394 1491 452 Dei
1523 410 1642 452 esse
1671 411 1771 464 pu·
1801 405 1846 457 Α
1878 395 2231 450 πολυπαιδίαν
2282 395 2531 465 εὐλογίαν
2576 392 2714 450 Θεοῦ
2739 392 2970 465 ἡγοῦντο
2996 387 3131 448 εἶναι
3173 392 3441 459 Ἰουδαῖοι,

219 480 289 536 tul
310 489 425 547 ant,
439 480 846 552 mercedemque
861 497 927 538 ac
948 482 1176 540 l'ructutn
1194 485 1407 556 pietatis
1432 501 1772 543 numerosam

218 573 417 641 prdem
448 586 569 629 esse
614 573 1015 643 existimabant,
1044 577 1204 632 talem
1233 590 1419 634 eorum
1456 579 1775 635 sententiam

218 663 536 742 reprimens,
566 679 631 721 ae
685 664 875 722 salsam
914 682 1037 725 esse
1079 669 1460 738 comprobans.
1508 670 1780 726 sterilibus

216 767 273 812 et
305 756 373 812 iis
398 755 515 828 qui,
539 757 682 828 qnod
702 757 905 814 exsecti
930 758 1147 825 luerint,
1185 758 1327 815 lilios
1355 774 1643 831 procreare
1671 774 1779 815 non

217 846 417 914 valent,
478 864 661 919 parem
716 851 1130 922 promissionem
1192 850 1370 919 affert,
1409 866 1476 907 ac
1520 851 1782 908 eunuchis

116 1010 124 1021 ¹
217 940 351 997 nibil
395 942 778 1012 impedimento
808 942 927 999 iore
978 943 1077 1010 ait,
1104 942 1393 1010 ottominus
1445 943 1585 998 bona
1610 956 1643 997 a
1675 942 1783 999 Deo

214 1045 636 1105 consequantur,
688 1036 815 1091 dnm
842 1040 1139 1093 secundum
1170 1039 1337 1094 Deum
1363 1035 1545 1093 vivere
1571 1034 1625 1091 in
1658 1049 1785 1106 pro·

218 1128 393 1193 posito
419 1126 671 1184 babeant.
699 1126 831 1183 Nam
873 1129 919 1185 si
952 1129 1132 1186 muitae
1157 1129 1468 1186 mansiones
1485 1135 1615 1185 sunt
1641 1127 1785 1199 apud

218 1216 457 1282 Patrem.
500 1228 556 1275 et
596 1221 647 1276 si
678 1230 763 1276 est
805 1220 998 1278 civitas
1034 1221 1128 1278 Dei
1178 1220 1475 1279 Jerusalem
1525 1219 1785 1284 coelestis.

219 1308 367 1365 lucus
389 1308 493 1365 illis
522 1310 663 1366 intra
684 1311 902 1367 domum
934 1311 1031 1369 Del
1069 1312 1123 1369 in
1146 1313 1331 1371 multis
1366 1312 1472 1370 iilis
1496 1310 1788 1369 mansioni-

220 1404 342 1467 bus,
373 1416 439 1459 ac
469 1401 636 1458 etiam
684 1402 821 1475 ipsis
858 1405 1167 1461 mansiones
1214 1404 1509 1471 dabuntur,
1552 1412 1609 1461 et
1660 1416 1789 1476 por·

220 1494 416 1551 tionem
436 1495 713 1551 habebunt
738 1495 881 1551 intra
910 1511 1123 1552 murum
1146 1496 1385 1555 celestis
1406 1495 1501 1553 Del
1528 1494 1786 1553 civitatis.

285 1584 453 1643 Vns.
470 1587 523 1655 6,
539 1586 596 1645 7.
615 1606 636 1641 ι
660 1586 726 1643 Et
740 1587 1080 1659 alienigenis,
1096 1588 1188 1661 qui
1203 1588 1401 1646 addicti
1414 1594 1545 1645 sunt
1562 1586 1789 1643 Domino

220 1688 277 1734 nt
303 1680 543 1737 serviant
570 1679 643 1745 ei,
664 1688 719 1737 et
746 1679 969 1761 diligant
997 1694 1191 1737 numen
1220 1678 1456 1747 Domini,
1488 1686 1547 1735 αι
1578 1678 1688 1735 sint
1736 1677 1787 1732 ei

1878 486 2068 559 μισθόν
2113 503 2178 542 τε
2206 487 2304 542 καὶ
2329 486 2541 560 καρπον
2580 485 2889 550 θεοσεδείας
2926 485 3029 556 τήν
3085 484 3446 539 πολυτεκνίαν

1877 578 2370 652 ύπολαμδάνοντες,
2404 578 2742 635 ἀναστέλλων
2769 577 2947 633 αὐτῶν
2982 578 3077 632 καὶ
3101 577 3308 647 ταύτην
3344 579 3449 650 τήν

1875 670 2055 739 δόξαν,
2084 671 2428 745 ἐσφαλμένην
2457 688 2520 726 τε
2559 668 2724 725 οὖσαν
2772 669 3030 742 ἐλέγχων,
3071 673 3183 735 τοῖς
3228 670 3449 739 ἀγόνοις

1878 761 1973 816 καὶ
2005 763 2081 837 μή
2122 762 2368 829 δυνατοῖς
2416 762 2769 828 παιδοποιεῖν,
2802 760 2891 816 διὰ
2941 761 3002 815 τὸ
3053 759 3447 833 ἐκτετμῆσθαι,

1877 854 1980 926 τήν
2009 852 2131 925 ίσην
2192 854 2530 925 ὑπισχνεϊται
2586 853 2934 923 ἐπαγγελίαν,
2987 853 3151 924 μηδὲν
3195 852 3450 923 ἐμποῶν

1881 945 2232 1013 ἔσεσθαιτοῑς
2263 945 2538 1018 εὐνούχοις
2559 947 2782 1016 φάσκων
2833 946 2969 1018 πρὸς
2993 944 3056 999 τὸ
3113 948 3295 1017 τυχεῖν
3337 945 3451 1004 τῶν

1885 1038 2036 1113 παρὰ
2054 1036 2191 1093 Θεοῦ
2214 1038 2455 1110 ἀγαθῶν,
2488 1038 2539 1092 εί
2571 1036 2669 1110 ζῇν
2695 1036 2838 1092 κατὰ
2861 1036 2994 1091 Θεὸν
3021 1036 3347 1109 προέλοιντο.
3383 1036 3461 1092 131.

1887 1131 1998 1207 γὰρ
2050 1130 2244 1188 πολλαὶ
2297 1133 2452 1203 μοναὶ
2492 1131 2639 1205 παρὰ
2669 1130 2748 1204 τῷ
2777 1131 2973 1204 Πατρὶ,
3004 1128 3101 1185 καὶ
3141 1129 3256 1184 ἐστι
3294 1131 3452 1196 πόλις

1882 1220 2020 1277 Θεοῦ
2071 1222 2487 1295 Ἱερουσαλήμή
2544 1222 2881 1294 ἐπουράνιος,
2912 1222 3006 1275 καὶ
3063 1220 3224 1285 τόπος
3267 1221 3453 1287 αὐτοῖς

1884 1312 2016 1369 εἴσω
2046 1314 2142 1369 τοῦ
2174 1314 2324 1370 οἴκου
2348 1313 2442 1369 τοῦ
2474 1313 2609 1369 Θεοῦ
2635 1315 2694 1370 ἐν
2723 1316 2846 1378 ταῖς
2869 1312 3090 1377 πολλαῖς
3121 1316 3326 1385 μοναῖς,
3358 1314 3453 1372 καὶ

1889 1406 2045 1477 μοναὶ
2074 1402 2410 1477 δοθήσονται,
2433 1405 2528 1460 καὶ
2560 1405 2718 1478 μερὶς
2743 1406 2802 1460 ἐν
2836 1404 2914 1477 τῷ
2939 1402 3108 1476 τείχει
3158 1404 3260 1476 τῆς
3293 1407 3456 1459 ἐπου-

1895 1495 2076 1569 ρανίου
2105 1495 2202 1551 τοῦ
2221 1494 2354 1551 Θεοῦ
2373 1495 2597 1560 πόλεως.

1952 1607 1972 1641 ι
2007 1589 2118 1644 Καὶ
2166 1591 2279 1654 τοῖς
2334 1589 2641 1660 ἀλλογενέσι
2678 1591 2790 1654 τοῖς
2832 1588 3209 1661 προκειμένοις
3265 1589 3462 1662 Κυρίῳ

1892 1682 2160 1738 δουλεύειν
2186 1682 2354 1755 αύτῷ,
2376 1684 2471 1739 καὶ
2504 1684 2722 1755 ἀγαπᾷν
2763 1683 2825 1737 τδ
2876 1682 3048 1754 ὄνομα
3081 1682 3306 1756 Κυρίου,
3360 1681 3462 1737 τοῦ

219 1774 273 1827 in
306 1786 494 1829 servos
533 1780 592 1829 et
636 1771 869 1829 ancillas
891 1787 909 1827 ι
930 1779 988 1827 οι
1011 1770 1263 1828 omnibus
1285 1772 1379 1842 qai
1404 1774 1625 1827 servant
1652 1768 1790 1823 Sab·
1822 1765 1866 1821 Β
1889 1770 2029 1829 εῖναι
2064 1774 2211 1848 αὐτῷ
2242 1775 2324 1840 εἰς
2357 1774 2575 1839 δούλους
2593 1776 2689 1828 καὶ
2714 1772 2905 1838 δούλας
2924 1790 2937 1805 ·
2973 1772 3068 1828 καὶ
3097 1772 3301 1838 πάντας
3329 1776 3461 1839 τοὺς

219 1866 343 1923 bata
384 1878 527 1934 mea,
564 1878 635 1922 ne
660 1863 943 1935 profanent
968 1878 1055 1929 ea,
1085 1860 1251 1934 etqui
1282 1862 1579 1919 observant
1603 1854 1793 1927 Testa·

222 1964 459 2014 mentum
494 1971 671 2014 meum
695 1994 712 2022 ,
746 1956 995 2013 inducam
1023 1966 1121 2009 eoa
1144 1952 1201 2007 iu
1248 1960 1491 2008 montem
1547 1959 1793 2005 sanctum

222 2064 421 2108 metnn.
458 2067 480 2102 a
514 2047 604 2105 Ait
628 2048 829 2119 quippe
851 2045 1073 2102 domum
1123 2056 1277 2099 suam
1324 2054 1434 2097 non
1462 2037 1625 2094 talem
1650 2050 1794 2103 esse,

219 2155 341 2211 qum
372 2140 470 2196 bos
497 2138 715 2210 quidem
756 2144 989 2208 spectet.
1030 2134 1171 2193 alios
1212 2146 1345 2191 vero
1397 2130 1659 2196 minime;
1700 2129 1797 2185 aed

220 2247 287 2287 ex
327 2230 675 2286 immanitatis
702 2228 753 2286 vi
796 2228 1049 2285 omnibus
1076 2226 1331 2301 gentibus
1368 2235 1607 2296 apertam
1641 2238 1796 2290 esse,

221 2333 282 2379 ιι
305 2324 469 2380 etiam
506 2322 745 2379 eunuchi
769 2330 825 2380 et
856 2320 1141 2396 paralytici
1174 2320 1247 2377 ibi
1285 2319 1636 2391 recipiantur.
1681 2336 1701 2371 ι
1732 2318 1798 2374 Et

224 2415 509 2473 letificabo
532 2430 629 2473 eos
668 2415 720 2471 in
749 2415 911 2471 domo
954 2398 1225 2471 orationis
1269 2424 1425 2467 mm.
1476 2407 1800 2467 Holocausta

228 2524 412 2564 sorum
440 2516 497 2564 et
523 2507 793 2565 sacrificia
839 2520 1037 2564 eorum
1065 2511 1228 2562 erunt
1262 2511 1489 2574 accepta
1530 2517 1694 2574 super
1720 2500 1802 2557 al-

227 2613 345 2660 tare
368 2616 571 2659 meum.
614 2600 753 2656 Nam
784 2599 977 2656 domus
1004 2612 1149 2665 mea,
1174 2596 1369 2655 (lomes
1406 2596 1673 2656 nationis
1711 2609 1802 2653 ro—

227 2697 446 2754 cabitur
475 2694 690 2751 cunctis
712 2693 981 2765 gentibus.
1002 2686 1040 2747 ἰ
1087 2690 1185 2749 tra
1202 2688 1442 2750 arbitror
1468 2688 1541 2747 ad
1566 2688 1799 2751 tttteram

228 2790 361 2857 dici,
412 2789 577 2845 Deum
621 2801 722 2858 per
762 2784 1129 2843 reversionem
1186 2780 1369 2857 populi
1405 2797 1475 2840 ex
1510 2779 1801 2853 Babylone.

235 2896 351 2952 qum
397 2880 499 2936 snb
528 2878 689 2951 Cyro,
730 2877 891 2934 Dario
915 2887 970 2933 et
1003 2877 1307 2933 Artaxerxe
1346 2875 1595 2946 contigit,
1626 2873 1801 2945 ipsum

233 2974 516 3041 reducere,
548 2988 720 3046 quare
750 2971 933 3031 subdit
961 2990 987 3031 ι

303 3157 470 3214 Vns.
499 3155 556 3213 8.
597 3175 617 3210 ι
650 3155 796 3212 Dixit
826 3152 1104 3219 Dominus,
1142 3153 1234 3225 qui
1263 3157 1559 3227 congregat
1588 3150 1799 3222 disper-

236 3265 327 3309 sos
354 3249 545 3317 lsrael,
572 3247 924 3320 congregabo
952 3246 1023 3303 ad
1069 3262 1192 3303 eum
1245 3242 1738 3317 congregationem.
1775 3259 1796 3295 a

234 3345 353 3413 Quo
398 3354 643 3414 tempore
691 3338 982 3397 verisimile
1024 3346 1113 3395 est
1146 3337 1349 3393 multos
1381 3335 1451 3391 ad
1492 3348 1619 3390 eum
1665 3346 1801 3388 con-

237 3435 458 3492 finxisse
489 3449 557 3490 ex
593 3432 911 3504 alienigenis
935 3430 1206 3501 gentibus,
1238 3443 1373 3499 quos
1395 3426 1466 3483 ob
1511 3424 1798 3497 pristinum

236 3537 462 3593 statum,
492 3534 548 3582 ct
583 3526 654 3583 ob
689 3525 898 3581 alienos
939 3531 1333 3593 extraneosque
1376 3532 1574 3585 mores,
1601 3516 1803 3575 bestias

239 3622 352 3694 agri
385 3627 563 3677 vocat.

310 3712 474 3767 Vens.
504 3712 559 3766 9.
593 3729 614 3763 ι
649 3710 848 3768 Omnes
874 3707 1002 3765 ἴοι-αι
1030 3708 1232 3775 bestiae,
1256 3706 1457 3770 adeste,
1508 3703 1797 3771 comedite,

240 3816 428 3859 omnes
465 3803 648 3859 bestiae
669 3803 858 3858 saltus.
897 3819 918 3855 ι
946 3800 1138 3857 Bestiae
1161 3801 1285 3865 iilae,
1312 3813 1432 3869 quae
1458 3813 1581 3855 cum
1610 3794 1804 3852 israele

245 3903 662 3967 congregantur,
693 3895 729 3949 ii
773 3910 840 3951 ex
876 3892 1129 3966 gentibus
1179 3892 1404 3958 ruerint,
1448 3889 1540 3961 qui
1578 3889 1643 3945 ad
1680 3901 1803 3942 ver·

245 3988 371 4041 bum
400 3994 767 4054 accesserunt,
791 4000 928 4056 quos
970 3993 1163 4041 evocat
1192 3984 1278 4040 bis
1297 3984 1496 4050 verbis,
1532 4000 1553 4034 ι
1583 3980 1801 4044 Adeste.

245 4077 532 4142 comedite.
558 4093 747 4134 omnes
786 4078 976 4134 bestiae
1019 4076 1209 4133 saltus.
1262 4095 1282 4130 ι
1328 4076 1650 4143 Plerumque
1677 4083 1806 4126 vero

247 4170 587 4228 observatum
634 4171 790 4228 nobis
816 4181 919 4240 est,
968 4172 1162 4227 saltum
1206 4154 1334 4237 dici,
1386 4169 1803 4238 alienigenarum

247 4264 493 4335 gentium
520 4263 944 4320 multitudinem.
971 4263 1080 4320 flas
1102 4279 1260 4334 porro
1286 4263 1486 4320 bestias
1518 4259 1613 4316 Dei
1649 4272 1807 4314 voca·

249 4357 395 4413 tione
424 4357 679 4421 dignatur
701 4364 758 4413 et
794 4355 860 4412 ad
894 4355 1197 4413 convivium
1232 4363 1442 4412 evocat.

1825 3113 1875 3174 G

1905 1863 2348 1937 φυλασσομένους
2382 1865 2451 1920 τὰ
2473 1863 2728 1920 Σάδόατά
2763 1881 2864 1937 μου
2910 1864 2985 1937 μὴ
3031 1862 3305 1935 βεθηλοῦν,
3360 1865 3459 1918 καὶ

1893 1956 2283 2028 ἀντεχομένους
2311 1955 2418 2028 τῆς
2446 1956 2719 2030 Διαθήκης
2755 1972 2880 2028 μου,
2936 1955 3135 2024 εἰσάξω
3159 1954 3348 2022 αὐτοὺς
3374 1958 3459 2020 είς

1893 2049 1956 2104 τὸ
2005 2048 2131 2123 δρος
2177 2049 2241 2104 τδ
2293 2049 2448 2120 ἅγιόν
2507 2066 2629 2122 μου.
2671 2068 2691 2101 »
2722 2049 2826 2104 Τδν
2865 2048 2974 2122 γὰρ
3003 2043 3150 2102 οἷκον
3192 2048 3353 2102 αὐτοῦ
3383 2048 3459 2121 μή

1894 2141 2062 2198 τῶνδε
2097 2142 2197 2214 μὲν
2240 2142 2524 2216 ὑπάρχειν,
2556 2141 2665 2196 τῶν
2690 2141 2749 2195 δέ
2784 2139 2896 2213 μὴ,
2929 2138 3195 2211 ἀνεῷχθαι
3237 2140 3297 2193 δέ
3326 2142 3463 2193 πᾶσι

1896 2237 2009 2301 τοῖς
2031 2234 2240 2290 ἔθνεσιν
2264 2232 2536 2308 ῦπερύολῇ
2573 2232 2977 2306 φιλανθρωπίας
2993 2246 3011 2265 ·
3036 2231 3114 2296 ὡς
3151 2231 3247 2285 καὶ
3273 2229 3466 2284 εὐνού-

1897 2344 2026 2399 χους
2060 2325 2459 2399 παραδέχεσθαι
2485 2326 2580 2381 καὶ
2609 2324 2969 2399 παραλύτους.
3004 2342 3026 2377 ι
3068 2324 3180 2379 Καὶ
3211 2324 3474 2397 εὐφρανῶ

1898 2417 2096 2482 αὐτοὺς
2126 2419 2186 2472 ἐν
2212 2415 2292 2490 τῷ
2321 2417 2457 2490 οἴκῳ
2487 2416 2587 2489 τῆς
2611 2415 2916 2489 προσευχῆς
2944 2431 3065 2487 μου.
3127 2414 3212 2469 Τὰ
3240 2415 3472 2470 ὁλοκαυ-

1897 2507 2122 2580 τώματα
2150 2507 2351 2575 αὐτῶν,
2374 2508 2468 2563 καὶ
2501 2509 2558 2562 αί
2601 2506 2782 2563 θυσίαι
2806 2505 2984 2560 αὐτῶν
3014 2504 3226 2560 ἔσονται
3282 2503 3473 2561 δεκταῑ

1899 2600 1994 2654 ἐπὶ
2034 2599 2096 2653 τὸ
2123 2597 2502 2672 θυσιαστήριόν
2545 2615 2670 2673 μου.
2717 2597 2776 2653 Ὀ
2806 2597 2915 2670 γὰρ
2970 2592 3120 2662 οἶκός
3169 2614 3274 2672 μου
3323 2591 3473 2662 οἶκος

1900 2691 2206 2767 προσευχῆς
2235 2689 2560 2765 κληθήαται
2594 2693 2732 2747 πᾶσι
2760 2693 2875 2755 τοῖς
2901 2688 3131 2745 ἔθνεσιν.
3169 2708 3190 2744 r
3219 2684 3383 2763 Οἶμαι
3406 2688 3471 2745 δὲ

1899 2779 2225 2838 διάῑτούτων
2253 2782 2332 2847 ὡς
2357 2779 2496 2856 πρὸς
2521 2780 2624 2854 τὴν
2652 2781 2798 2850 λέξιν
2832 2779 2923 2836 διὰ
2950 2779 3050 2853 τήν
3085 2779 3190 2835 ἀπὸ
3211 2779 3464 2834 Βαδυλῶ-

1903 2887 1996 2937 νος
2013 2868 2456 2945 ἐπιστροφήντοῦ
2470 2868 2600 2925 λαοῦ
2619 2869 2720 2943 τήν
2761 2869 2857 2926 ἐπὶ
2883 2869 3069 2941 Κύρου
3113 2868 3207 2926 καὶ
3235 2869 3459 2940 Δαρείου

1903 2962 1997 3018 καὶ
2031 2959 2386 3036 Ἀρταξέρξου
2432 2963 2725 3035 γενομένην
2777 2963 2868 3017 τὸν
2922 2959 3056 3016 Θεὸν
3100 2960 3166 3017 ἂν
3209 2959 3459 3032 εἰρῆσθαι

1906 3055 2160 3126 συνάγειν
2176 3072 2192 3087 ·
2232 3054 2314 3110 διὸ
2338 3054 2579 3127 ἐπιλέγει
2601 3072 2618 3087 ·

1979 3166 2000 3200 ι
2038 3142 2175 3202 Etrus
2213 3146 2419 3220 Κύριος
2463 3149 2494 3202 ό
2545 3146 2790 3217 συνάγων
2853 3148 2979 3210 τοὺς
3044 3143 3466 3217 διεσπαρμένους

1921 3235 2262 3310 'lupam-‚brt
2297 3234 2517 3301 Συνάξω
2543 3235 2630 3290 ἐπ’
2664 3235 2826 3291 αὐτὸν
2867 3235 3206 3307 συναγωγήν.
3246 3253 3266 3288 ι
3326 3233 3468 3288 Καθ’

1905 3326 1997 3391 οῦς
2025 3328 2084 3383 δέ
2107 3328 2333 3403 χρόνους
2360 3326 2505 3393 είκδς
2544 3323 2614 3401 ἦν
2667 3328 2761 3383 καὶ
2820 3325 3021 3398 πλῆθος
3070 3328 3255 3392 αὐτοῖς
3313 3326 3475 3382 ἀλλο-

1906 3418 2090 3490 φύλων
2107 3417 2277 3474 ἐθνῶν
2304 3416 2737 3490 προσηλυτεῦσαι
2759 3436 2775 3450 ·
2808 3417 2900 3483 οὓς
2938 3417 3029 3472 διὰ
3053 3417 3151 3490 τήν
3199 3419 3475 3491 προτέραν

1906 3510 2256 3577 κατάστασιν,
2288 3511 2385 3566 καὶ
2414 3510 2502 3567 διὰ
2522 3512 2584 3567 τὸ
2611 3511 2894 3582 ἀλλογενές
2926 3513 3023 3565 καὶ
3051 3510 3331 3584 ἀλλότριον
3378 3510 3475 3567 τοῦ

1907 3603 2129 3676 τρόπου,
2154 3602 2326 3677 ἀγροῦ
2357 3602 2521 3675 θηρία
2546 3603 2824 3676 ὠνόμασεν
2855 3606 2885 3658 ὁ
2911 3603 3084 3675 λόγος.

1984 3715 2003 3748 ι
2035 3696 2221 3752 Πάντα
2245 3695 2316 3751 τά
2336 3695 2501 3769 θηρία
2518 3697 2589 3752 τὰ
2612 3697 2794 3769 ἀγρια,
2814 3696 2985 3765 δεῦτε,
3019 3696 3239 3768 φάγετε,
3293 3696 3475 3750 πάντα

1907 3787 1977 3842 τά
2029 3788 2191 3862 θηρία
2245 3787 2340 3843 τοῦ
2381 3787 2608 3861 δρυμοῦ.
2650 3808 2669 3842 ι
2713 3789 2883 3863 Τάιδὲ
2913 3790 3073 3863 θηρία
3100 3788 3172 3843 τὰ
3200 3790 3342 3861 μετὰ
3378 3790 3479 3843 τοῦ.

1923 3879 2138 3952 Ἰσραὴλ
2164 3880 2503 3951 συναγόμενα
2541 3880 2590 3933 οἱ
2622 3877 2683 3944 ἐξ
2709 3879 2878 3934 ἐθνῶν
2917 3880 3231 3953 προσιόντες
3261 3879 3341 3952 τῷ
3387 3880 3472 3932 λό-

1909 3986 1992 4042 γῳ
2031 3966 2141 4025 εἷεν
2186 3970 2271 4036 ἂν,
2322 3969 2417 4035 οῦς
2452 3970 2796 4026 ἀνακαλεῖται
2824 3971 2998 4041 λέγων
3022 3988 3038 4003 ·
3097 3990 3117 4024 ι
3153 3970 3337 4036 Δεῦτε,
3366 3971 3471 4041 φά-

1910 4078 2066 4132 γετε,
2113 4061 2290 4115 πάντα
2332 4060 2402 4117 τά
2455 4061 2617 4134 θηρία
2668 4061 2764 4116 τοῦ
2813 4062 3037 4134 δρυμοῦ.
3080 4079 3101 4115 ι
3155 4062 3366 4134 Δρυμὸν
3412 4061 3471 4115 δὲ

1916 4153 2173 4218 πολλάκις
2224 4154 2602 4227 τετηρήκαμεν
2641 4153 2703 4207 τὸ
2752 4152 2954 4224 πλῆθος
2995 4149 3107 4205 τῶν
3161 4151 3472 4221 ἀλλοφύλων

1912 4242 2082 4299 ἐθνῶν
2098 4241 2363 4313 λελέχθαι.
2392 4240 2553 4295 Ταῦτ’
2587 4236 2688 4295 οῦν.
2718 4240 2788 4295 τὰ
2839 4237 3000 4311 θηρία
3039 4237 3143 4308 τῆς
3186 4237 3284 4290 τοῦ
3334 4236 3472 4290 Θεοῦ

1912 4334 2160 4405 κλήσεως
2184 4332 2451 4399 καταξιοί,
2482 4331 2575 4386 καὶ
2605 4331 2682 4395 εἰς
2702 4329 2939 4385 ἑστίασιν
2966 4326 3337 4384 ἀνακαλεῖται.

319 4492 486 4551 Vns.
517 4492 604 4548 to.
627 4512 648 4547 ι
675 4493 860 4550 Videte
879 4493 1131 4565 quoniam
1159 4491 1412 4550 excaecati
1437 4500 1564 4546 sunt
1585 4499 1807 4544 omnes:
1841 4478 1891 4539 D
1991 4492 2011 4526 ⁸
2043 4471 2230 4535 Ἴδετε,
2257 4468 2339 4522 ὅτι
2367 4466 2798 4536 ὲκτετῦφλωνταῑ
2819 4463 3018 4526 πάντες
3036 4479 3050 4493 ·
3086 4460 3186 4515 οὒκ
3208 4459 3475 4529 εγνωοοῑν·

252 4600 355 4640 non
387 4595 651 4642 noverunt
687 4601 890 4643 :canes
923 4586 1055 4642 muti
1088 4594 1233 4652 sunt,
1280 4600 1389 4641 non
1437 4581 1689 4639 valebunt
1733 4577 1812 4633 la·

255 4687 419 4743 trare.
471 4679 810 4736 somniantes
844 4678 1046 4746 cubile,
1088 4687 1144 4734 et
1186 4685 1431 4734 amantes
1477 4670 1811 4732 dormitatio·

1916 4564 2075 4629 κύνες
2103 4564 2242 4618 ἐνεοὶ
2260 4562 2322 4617 ού
2351 4561 2663 4634 δυνήσονται
2715 4557 2980 4618 ὑλακτεῖν,
3034 4554 3480 4626 ἐνυπνιαζόμενοι

1917 4657 2123 4730 κοίτην,
2154 4654 2430 4726 φιλοῦντες
2458 4650 2734 4718 νυστάξαι.
2765 4669 2786 4702 ι
2818 4650 2929 4704 Καὶ
2964 4648 3194 4704 τοιοῦτοι
3218 4649 3319 4721 μὲν
3339 4645 3481 4722 ἦσαν

254 4782 398 4825 nem.
425 4785 446 4821 ι
467 4768 536 4825 Ει
567 4768 874 4838 huiusmodi
911 4769 1128 4841 quidem
1148 4779 1308 4826 erant
1334 4768 1637 4826 Judaeorum
1668 4765 1815 4837 prin-
1916 4751 1967 4804 οῑ
1996 4750 2104 4803 τῶν
2137 4747 2404 4803 Ἰουδαίων
2432 4746 2687 4818 ἄρχοντος
2714 4742 2852 4816 πρὸς
2876 4742 3000 4806 τοὺς
3022 4742 3197 4806 ἕκτος·
3222 4742 3361 4814 πρὸς
3389 4740 3482 4806 οὒς

251 4861 420 4930 cipes,
444 4874 574 4931 erga
598 4870 913 4929 extraneos,
946 4860 1103 4933 queis
1129 4862 1427 4935 advigilare
1456 4875 1592 4931 opus
1619 4865 1739 4915 erat
1760 4864 1817 4911 et
1920 4843 2027 4897 ἔδει
2059 4839 2413 4912 ἐγρηγορέναι
2442 4838 2535 4897 καὶ
2567 4838 2782 4910 mcciv,
2821 4835 2915 4888 καὶ
2943 4833 3083 4888 κατὰ
3120 4833 3228 4887 τ’ὦν
3269 4833 3484 4905 ἐχθρῶν

253 4955 543 5020 excubare,
574 4963 738 5025 atque
766 4965 958 5012 contra
1000 4953 1253 5011 inimicos
1284 4954 1483 5008 latrare
1511 4969 1527 5007 ι
1557 4965 1684 5021 erga
1715 4949 1813 5004 do-

1924 4936 2168 4992 ὑλακτείν
2192 4951 2205 4964 ·
2247 4934 2382 5006 πρὸς
2398 4932 2455 4987 δὲ
2479 4934 2603 4996 τοὺς
2627 4929 2859 4994 οἰκείους
2876 4928 3112 4994 ἀναιδεῖς
3130 4945 3276 4994 τινες
3306 4928 3488 5001 ὑπῆρ-

253 5047 507 5102 mesticos
544 5061 672 5103 vero
699 5046 1037 5118 impudentes
1064 5056 1242 5115 erant,
1274 5047 1590 5102 devorantes
1621 5052 1815 5114 pecora
1920 5045 2035 5101 κον,
2062 5026 2432 5090 κατεσθίοντες
2452 5024 2521 5081 τὰ
2544 5024 2836 5090 νπόὒτοῖς
2872 5020 3267 5094 Μίμοῑνομονοῑ
3320 5020 3492 5095 θρέμ-

253 5137 353 5194 snb
380 5152 570 5194 eorum
597 5137 859 5209 regimine
881 5137 1076 5209 posita.

321 5270 491 5331 Vens.
545 5273 634 5329 Η.
683 5291 703 5325 ι
749 5273 816 5328 Ει
855 5287 1021 5329 canes
1075 5272 1416 5343 impudentes
1471 5271 1680 5335 animo,
1717 5283 1788 5324 ne

259 5366 491 5422 scientes
525 5365 886 5421 saturitatem.
942 5363 1011 5419 Et
1055 5372 1186 5419 sunt
1223 5362 1371 5428 mali.
1403 5360 1705 5418 nescientes
1735 5343 1836 5413 in:

1997 5279 2017 5313 ι
2052 5260 2164 5315 Καὶ
2214 5260 2264 5312 οἱ
2312 5257 2469 5320 κύνες
2518 5254 2755 5319 ἀναιδεῖς
2816 5256 2881 5325 τῇ
2927 5251 3094 5324 ψυχῇ,
3135 5251 3235 5304 οὐκ
3285 5248 3492 5313 εἰδότες

1931 5355 2260 5428 πλησμονήν.
2292 5351 2399 5406 Καί
2427 5353 2533 5405 είσι
2567 5347 2790 5420 πονηροὶ
2818 5347 2920 5400 οὐκ
2972 5344 3171 5408 εἰδότες
3224 5342 3445 5396 σύνεσιν
3472 5357 3486 5375 ·

258 5455 608 5525 telligentiam
644 5475 658 5512 :
689 5456 924 5512 universi
960 5458 1075 5513 vias
1102 5471 1230 5512 suas
1262 5453 1432 5511 secuti
1459 5460 1624 5509 sunt:
1652 5465 1820 5507 unus.-
1929 5447 2128 5509 πάντες
2164 5446 2286 5508 ταῖς
2336 5443 2474 5507 ὁδοῖς
2530 5439 2709 5495 αὐτῶν
2755 5435 3203 5509 ἐξηκολούθησαν,
3261 5434 3494 5499 ἕκαστος.

261 5548 493 5618 quisque
542 5547 836 5604 secundum
893 5548 968 5614 id,
1015 5548 1158 5618 quod
1202 5562 1355 5604 suum
1390 5552 1526 5601 erat.
1568 5562 1588 5597 ι
1621 5541 1736 5598 Non
1766 5542 1822 5596 in
1928 5538 2069 5596 κατὰ
2096 5536 2157 5592 cb
2175 5535 2368 5591 ἑαυτοῦ
2392 5552 2406 5566 ·
2453 5552 2472 5587 ι
2494 5534 2554 5588 οὐ
2595 5535 2713 5596 ταῖς
2735 5530 2872 5594 ὁδοῖς
2897 5528 2990 5583 τοῦ
3022 5526 3178 5593 Θεοῦ,
3201 5526 3338 5581 ἀλλὰ
3369 5527 3494 5593 ταῖς

263 5638 365 5697 viis
392 5640 508 5708 Dei,
537 5641 632 5698 sed
672 5641 729 5696 in
757 5639 891 5709 suis,
922 5640 1063 5712 quud
1093 5639 1556 5712 concupiscentias
1590 5650 1712 5694 suas
1728 5651 1824 5691 ex-

246 5734 400 5802 plere
412 5748 444 5787 n
452 5741 490 5788 t.

1932 5626 2135 5686 ἑαυτῶν
2162 5624 2249 5680 διὰ
2282 5623 2373 5679 τοῦ
2397 5623 2464 5679 τὰ
2492 5621 2799 5694 καταθύμια
2818 5620 2999 5684 αὐτοῖς
3021 5618 3302 5690 πράττειν.
