3692 6134
1046 332 1550 391 commmunia
1588 331 1656 388 ΙΝ
1694 331 1946 387 tSAlAM.
1982 364 2051 374 —
2087 328 2240 387 ΕΜ).
2279 325 2409 384 Ltv.

3244 319 3351 378 too

114 452 507 523 ιααγγέλλεται
544 456 580 509 ὁ
620 455 805 526 λόγος,
835 457 929 512 καὶ
959 456 1123 511 πάλαι
1154 457 1251 527 μὲν
1279 452 1346 528 ἦν
1389 457 1537 530 παρὰ
1574 459 1699 512 Ἰου-
1731 459 1774 515 A
1804 466 1925 507 mea
1970 468 1999 506 a
2043 460 2095 507 te
2139 456 2493 506 removeatur.
2524 447 2590 502 Et
2626 445 2741 501 lna-c
2768 443 2868 516 pize
2900 440 3140 512 religioni
3168 453 3352 497 sermo

112 545 283 609 δαίοις,
341 545 620 601 διαπεσὸν
680 547 739 602 δὲ
797 547 926 620 παρ’
963 547 1162 615 αὐτοῖς,
1196 548 1288 602 ἐπὶ
1316 547 1415 621 τὴν
1446 548 1504 616 ἐξ
1530 549 1697 605 ἐθνῶν

122 636 447 709 Ἐκκλησίαν
481 637 890 711 μεταδέδηκεν.

167 835 188 869 ι
211 814 479 889 Ταπινὴ
528 815 630 871 καὶ
661 817 1053 884 ἀκατάστατος,
1075 818 1136 872 οὐ
1160 818 1523 892 παρεκλήθης.
1565 820 1694 877 Ἰδοὺ

108 905 199 977 ἐγὼ
221 905 529 978 ἐτοιμάζω
564 925 649 964 σοι
690 909 936 982 ἄνθρακα
956 908 1046 963 τὸν
1076 907 1218 963 λίθον
1251 927 1364 977 σου,
1389 910 1483 965 καὶ
1509 912 1577 968 τὰ
1608 912 1696 968 θε-

110 997 253 1071 μέλιά
281 1014 390 1052 σου
430 998 766 1073 σάπφειρον.
789 1019 808 1052 ι
837 995 945 1054 Ἦν
992 999 1100 1073 γάρ
1132 1001 1281 1073 παρὰ
1324 1002 1591 1069 Ἰουδαίοις
1615 1003 1693 1076 τῷ

106 1090 199 1145 hm
224 1091 261 1162 ή
279 1092 546 1164 ταπεινὴ
578 1093 865 1165 σωματικὴ
895 1092 1179 1164 θρησκεία,
1208 1096 1241 1166 ἡ
1269 1094 1327 1147 ἐν
1356 1093 1569 1167 σώματι
1593 1113 1691 1151 πε-

116 1180 310 1253 mun,
342 1182 455 1235 καὶ
485 1182 550 1236 ἐν
577 1181 784 1246 οὐσίαις
806 1180 959 1247 ζώων
980 1183 1072 1236 καὶ
1084 1185 1217 1250 ,ταῖς
1237 1181 1438 1265 τούτων
1460 1183 1688 1253 θυσίαις,

114 1276 181 1327 nl.
196 1275 319 1338 τοῖς
340 1272 549 1339 ἄλλοις
574 1273 975 1346 παραπλησίοις
997 1273 1352 1347 ἐξεταζομένη
1372 1294 1386 1307 ·
1406 1275 1487 1330 διὸ
1504 1294 1693 1332 ταπει-

114 1364 182 1437 'b'
202 1365 306 1418 καὶ
333 1365 746 1421 ἀκατάστατον
774 1364 944 1436 αὐτὴν
970 1363 1268 1436 ὠνόμασεν.
1285 1360 1396 1421 Εἶτ’
1425 1367 1686 1437 ἐπιλέγει,

112 1456 213 1509 ιῦύ
264 1455 686 1528 παρεκλήθης·
710 1475 730 1509 ι
780 1455 953 1521 οὐδεὶς
987 1456 1096 1528 γάρ
1119 1452 1188 1528 ἦν
1221 1456 1333 1513 τῶν
1373 1459 1686 1531 προφητῶν,

112 1546 199 1600 ὥ
232 1545 361 1600 τῶν
416 1544 699 1615 Θεοφιλῶν
743 1545 952 1618 ἀνδρῶν
994 1547 1262 1614 τοσοῦτος,
1296 1549 1372 1614 ὡς
1400 1548 1687 1606 άναλαὸεῐν

110 1638 249 1713 2:2ss
274 1641 388 1693 καὶ
412 1638 852 1712 ἀνακτήσασθαι.

1801 544 2101 616 pollicetur,
2138 544 2246 600 imo
2272 543 2434 599 etiam
2466 540 2594 598 olim
2633 552 2797 610 penes
2831 535 3046 593 Judaeos
3087 534 3175 591 illa
3208 541 3350 601 erat,

1795 637 1891 693 sed
1938 637 2007 693 ab
2046 636 2176 709 ipsis
2204 636 2428 699 decidit,
2464 643 2519 690 et
2552 635 2617 688 ad
2653 630 2949 688 Ecclesiam
2990 641 3057 684 ex
3099 624 3349 699 gentibus

1795 739 2042 786 coactam
2083 728 2340 785 translata
2370 735 2474 783 cst.

1866 821 2029 879 Vns.
2058 822 2148 877 11.
2189 839 2209 874 ι
2242 819 2469 876 ilumilis
2496 825 2551 875 et
2592 815 2892 883 instabilis,
2925 811 3346 872 consolationem

1793 930 1899 970 non
1934 916 2125 985 adepta
2177 929 2256 971 es.
2301 912 2442 969 Ecce
2473 925 2574 982 ego
2616 922 2861 980 praeparo
2896 906 2991 963 tibi
3041 903 3346 962 carbuncu-

1792 1004 1902 1061 lum
1925 1004 2155 1078 lapidem
2181 1013 2353 1073 tuum,
2389 1013 2445 1062 et
2469 1001 2816 1059 fundamenta
2845 1009 2932 1056 tua
2956 997 3290 1069 sapphirum.
3318 1015 3341 1049 ι

1794 1095 1922 1152 Erat
1960 1096 2104 1152 enim
2139 1111 2326 1152 revers
2369 1110 2534 1166 penes
2560 1092 2774 1150 Judaeos
2815 1092 3057 1161 abjectus
3098 1090 3187 1146 ille
3218 1104 3316 1146 cor

1791 1200 1988 1257 porcus
2010 1187 2219 1255 cultus;
2248 1188 2302 1243 in
2337 1186 2581 1258 corporis
2624 1184 3074 1252 circumcisione,
3122 1183 3175 1239 in
3214 1182 3312 1240 sub

1787 1278 2008 1335 stantiis
2036 1278 2385 1347 animalium,
2430 1289 2485 1336 et
2526 1278 2811 1336 sacrificiis
2863 1292 3087 1343 eorum,
3135 1291 3344 1333 necnon

1790 1368 1845 1424 in
1895 1369 2019 1426 aliis
2069 1370 2368 1439 similibus,
2423 1373 2669 1444 positus:
2714 1378 3039 1443 quapropter
3086 1367 3342 1425 humilem

1789 1468 1845 1514 et
1892 1460 2200 1519 instabilem
2234 1471 2393 1520 vocal
2433 1463 2603 1520 illam.
2648 1461 2849 1520 Deinde
2891 1461 3116 1533 adjicit,
3155 1479 3175 1513 ι
3226 1457 3344 1515 Non

1789 1551 2215 1611 consolationem
2250 1554 2440 1627 adepta
2481 1569 2573 1612 es:
2611 1574 2631 1610 ι
2675 1568 2835 1612 nemo
2873 1554 3018 1610 enim
3052 1552 3344 1626 propbeta-

1789 1658 1930 1710 rum,
1975 1658 2150 1716 neque
2200 1644 2571 1720 religiosorum
2606 1646 2844 1705 virorum
2873 1654 3020 1706 erat.
3069 1644 3163 1702 uui
3194 1643 3342 1701 illam

1787 1735 2064 1805 suscipere
2089 1744 2144 1793 ct
2167 1746 2472 1795 restaurare
2499 1747 2698 1810 posset.

163 1819 299 1874 ‘leo-a
336 1818 471 1889 ἐγὼ
507 1820 783 1893 ὲτοιμάζω
815 1839 896 1875 σοι
939 1821 1183 1894 ἄνθρακα
1247 1823 1337 1879 τὸν
1373 1824 1517 1882 λίθον
1567 1842 1682 1893 σου,
1715 1830 1758 1886 Β
1864 1843 1884 1877 ι
1926 1824 2067 1882 Ecce
2105 1839 2206 1898 ego
2249 1842 2495 1898 praeparo
2538 1830 2632 1886 tibi
2672 1828 3055 1886 carbunculum
3107 1824 3341 1900 lapidem

108 1916 171 1968 ul
193 1913 267 1968 τὰ
316 1913 578 1986 Θεμέλιά
619 1934 714 1970 σου
747 1917 1063 1989 σάπφειρον.
1090 1937 1110 1971 ι
1149 1919 1288 1974 ’Ἀνθ
1312 1912 1373 1975 ου
1397 1921 1427 1975 ὁ
1455 1921 1680 1993 Σύμμα-

108 2021 202 2071 χος,
268 2022 293 2056 ι
351 2004 504 2058 Ἰδου
546 2004 682 2075 ἐγὼ,
732 2009 883 2079 φησὶ,
934 2008 1216 2081 συντίθημι
1270 2011 1502 2084 σ”ιιμμίᾳΙ
1554 2012 1680 2076 τους

109 2094 255 2158 Eheu:
274 2111 383 2148 σου
406 2094 537 2164 (40)
565 2113 585 2147 ι
603 2095 951 2162 ὀΘεοδοτίων,
975 2118 994 2149 ι
1020 2097 1145 2153 Ἰδοὺ
1161 2098 1271 2168 ἐγώ
1294 2101 1408 2171 είμι
1430 2098 1679 2171 ἐμὸαλὼν

110 2188 288 2257 ιτιμμῇ
326 2186 479 2249 τοὺς
504 2184 689 2250 λίθους
727 2203 841 2241 σου.
870 2206 889 2240 r
952 2188 1037 2254 Ὦς
1067 2190 1176 2262 γὰρ
1207 2190 1272 2244 ἂν
1299 2190 1436 2262 γυνὴ
1469 2190 1679 2245 καλλω-

109 2279 355 2351 ειζομένη
404 2278 761 2350 στιμμίζοιτο
790 2281 914 2347 τοὺς
941 2282 1248 2354 ὀφθαλμούς
1269 2300 1282 2314 ·
1320 2282 1493 2348 οὕτως
1519 2283 1678 2351 αὐτὸς

102 2371 205 2438 ἐγὼ,
238 2372 457 2442 φησὶν,
490 2371 635 2443 ὑπὲρ
661 2371 839 2426 πάντα
868 2373 1143 2446 ὡραϊσμὸν
1176 2375 1271 2430 καὶ
1298 2374 1679 2447 καλλωπισμὸν

102 2461 199 2527 οὺς
222 2462 339 2533 τῆς
379 2461 496 2533 σῆς
521 2462 809 2535 οἰκοδομῆς
845 2464 1023 2529 λίθους
1046 2465 1302 2538 διαθήσω.

154 2572 175 2607 ι
196 2556 319 2611 Καὶ
348 2556 522 2626 θήσω
549 2554 651 2619 τὰς
681 2555 927 2621 ἐπάλξεις
954 2575 1046 2610 σου
1073 2546 1279 2621 ἴασπιν,
1325 2557 1419 2613 καὶ
1451 2557 1547 2623 τὰς
1579 2557 1682 2612 πῦ-

102 2644 179 2711 'uz
212 2662 319 2701 σου
378 2645 586 2712 λίθους
626 2647 979 2718 κρυστάλλου,
1021 2649 1112 2705 καὶ
1147 2648 1239 2705 τὸν
1271 2648 1551 2722 περίόολόν
1585 2667 1680 2704 σου

105 2738 253 2803 liba<
282 2736 630 2803 ἐκλεκτούς.
651 2755 671 2791 ι
721 2738 963 2794 Τοιοῦτοι
982 2738 1028 2793 δ’
1053 2739 1122 2795 ἂν
1147 2734 1259 2795 εἷεν
1274 2741 1334 2797 ἐν
1355 2743 1421 2813 τῇ
1450 2741 1679 2814 Ἐκκλη-

108 2830 175 2899 σία
195 2828 347 2883 Θεοῦ
375 2829 436 2882 οἱ
473 2828 668 2901 λογικῇ
699 2833 1016 2904 παρασκευῇ
1046 2831 1145 2904 τὴν
1176 2831 1358 2888 πίστιν
1378 2832 1680 2907 ὠχυρωμέ-

109 2938 181 2985 να,
200 2922 361 2976 ὥστε
397 2920 774 2993 προμαχῶνες
814 2921 963 2987 ὄντες
996 2923 1091 2976 τοῦ
1119 2922 1402 2988 θεοσεῦοῦς
1436 2924 1683 2980 πολιτεύ·

114 3028 273 3080 μτος,
296 3010 402 3066 διὰ
433 3010 503 3064 τὸ
521 3009 780 3065 δύνασθαι
805 3013 910 3067 πᾶν
937 3012 1136 3083 ὕψωμα
1166 3014 1521 3085 ἐπαιρόμενον
1540 3016 1683 3071 κατὰ

108 3101 179 3171 ’.ἧς
198 3099 488 3172 γνώσεως
507 3099 602 3154 τοῦ
617 3099 752 3154 Θεοῦ
771 3103 1068 3174 καθαιρεῖν,
1082 3104 1175 3156 καὶ
1196 3102 1487 3173 διελέγχειν
1506 3105 1681 3160 πάντα

1783 1922 1957 1983 tuum,
1982 1926 2039 1973 et
2063 1914 2408 1973 fundamenta
2426 1924 2515 1973 tua
2530 1919 2866 1991 sapphirum.
2879 1918 3023 1975 »Pro
3043 1934 3152 1991 quo
3185 1919 3345 1993 Sym-

1782 2005 2025 2071 machus,
2063 2024 2084 2058 ι
2115 2005 2252 2062 Ecce
2275 2020 2376 2078 ego
2405 2022 2672 2079 compono
2697 2010 2858 2066 stibio
2895 2011 3100 2080 lapides
3130 2021 3291 2079 tuos3
3316 2027 3337 2063 a

1781 2095 2079 2153 'theodotio
2098 2105 2300 2163 autem,
2335 2096 2526 2155 «Ecce
2541 2112 2643 2169 ego
2660 2097 2945 2154 immittam
2971 2094 3190 2156 stibium
3205 2099 3344 2170 lapi·

1779 2188 1938 2245 dibus
1980 2189 2106 2245 tuis.
2133 2206 2155 2242 ι
2185 2187 2640 2255 Quemadmodum
2671 2188 2818 2245 enim
2855 2202 2979 2245 cum
3012 2190 3207 2247 mulier
3227 2232 3245 2258 ,
3283 2198 3344 2246 ut

1778 2278 1966 2336 sormae
2008 2279 2257 2337 decorem
2295 2279 2493 2346 addat.
2519 2280 2684 2339 'stibio
2730 2279 2852 2336 linit
2893 2281 3109 2349 oculos,
3158 2282 3232 2337 ita
3287 2291 3345 2339 ct

1779 2386 1915 2443 ego,
1952 2371 2143 2443 inquit,
2165 2371 2313 2428 omni
2344 2373 2526 2443 specie
2573 2386 2642 2431 ac
2659 2372 2852 2431 decore
2880 2372 3226 2431 formosiores
3243 2388 3343 2445 po·

1780 2478 1907 2520 nam
1953 2472 2241 2520 structurae
2266 2474 2370 2520 tuae
2397 2462 2622 2534 lapides.

1856 2552 2017 2610 Vens.
2049 2554 2137 2610 ¹2.
2169 2573 2192 2609 ι
2233 2552 2301 2610 Et
2342 2568 2540 2626 ponam
2583 2553 2981 2627 propugnacula
3025 2564 3114 2612 tua
3137 2556 3337 2628 jaspin,

1782 2653 1837 2701 et
1870 2653 2057 2715 portas
2085 2654 2209 2701 tuas
2245 2644 2458 2716 lapides
2513 2646 2779 2719 crystalli,
2807 2656 2866 2703 et
2889 2662 3074 2704 muros
3105 2656 3226 2703 tuos
3269 2645 3344 2702 la·

1780 2735 1934 2807 pides
1964 2735 2190 2793 electos.
2236 2736 2398 2794 Tales
2421 2736 2476 2795 ln
2499 2736 2745 2795 Ecclesia
2775 2738 2873 2796 Dei
2932 2738 3135 2796 fuerint
3161 2738 3222 2807 ii,
3247 2737 3338 2811 qul

1780 2826 2093 2883 rationabili
2121 2836 2412 2884 structura
2458 2839 2720 2900 apparatu
2761 2828 2867 2887 lide
2909 2830 3147 2887 roborati
3189 2841 3339 2897 sunt,

1781 2927 1969 2987 utpote
1997 2918 2090 2990 qui
2136 2919 2243 2990 pia
2273 2918 2554 2991 religionis
2580 2919 2982 2992 propugnacula
3018 2923 3149 2988 sint,
3198 2921 3344 2992 quod

1781 3003 1996 3080 possint
2021 3024 2238 3068 omnem
2280 3012 2690 3077 sublimitatem,
2732 3021 2921 3068 contra
2951 3011 3046 3069 Dei
3077 3013 3342 3084 cognitio-

1781 3114 1906 3155 nem
1927 3114 2049 3157 scse
2075 3110 2447 3169 exserentem,
2483 3102 2550 3158 de
2591 3100 2766 3158 medic
2799 3100 3005 3168 tollere,
3037 3108 3094 3157 et
3121 3114 3338 3158 omnem

106 3191 237 3261 Hm
256 3192 461 3264 ψευδῆ
483 3191 580 3245 τὸν
606 3191 705 3261 τῆς
729 3192 979 3263 ἀληθείας
1027 3193 1299 3264 πολέμιον.
1332 3194 1543 3267 ’Ὥσπερ
1576 3196 1681 3270 γὰρ
1705 3175 1754 3239 C
1783 3186 1976 3246 falsum
2018 3205 2321 3248 sermonem
2353 3192 2601 3249 veritalis
2644 3192 2919 3249 inimicum
2967 3192 3249 3249 eliminare
3282 3201 3342 3250 ot

106 3283 181 3335 ἐπὶ
205 3282 327 3338 τῶν
369 3282 590 3353 τειχῶν
619 3285 673 3338 αἱ
724 3283 976 3350 ἐπάλξεις
1023 3283 1380 3355 προμαχῶνες
1419 3285 1554 3339 είσιν
1590 3285 1682 3339 ἐπὶ

106 3378 427 3448 παρασκευῇ
479 3373 585 3445 τῆς
636 3376 771 3448 πρὸς
820 3376 946 3440 τοὺς
994 3375 1280 3445 πολεμίους
1331 3375 1683 3449 παρατάξεως

108 3466 656 3536 παρεσκευασμένοι·
687 3465 829 3519 οὓτω
877 3466 968 3519 καὶ
1008 3466 1106 3536 τῆς
1163 3463 1482 3537 Ἐκκλησίας
1524 3468 1572 3520 oi
1624 3469 1681 3521 ἐν

107 3556 237 3631 λόγῳ
295 3559 401 3613 καὶ
450 3559 513 3611 ἐν
561 3558 723 3629 σοφίᾳ.
773 3556 1019 3622 δυνατοὶ,
1063 3555 1301 3627 λεχθεῖεν
1347 3556 1413 3611 ἂν
1457 3557 1682 3622 εἰκότως

106 3648 379 3716 ἐπάλξεις.
417 3667 441 3701 ε
465 3650 581 3704 Καὶ
621 3649 721 3713 τὰς
761 3649 930 3713 πύλας
957 3667 1049 3702 σου
1076 3649 1254 3714 λίθους
1283 3648 1676 3723 κρυστάλλου·»

104 3738 163 3792 δι’
192 3735 279 3795 ὧν
302 3740 404 3805 τὰς
430 3740 612 3799 πύλας
642 3739 741 3810 τῆς
784 3738 989 3804 πόλεως
1035 3742 1325 3811 συστήσας,
1352 3738 1594 3804 θεσπίζει
1621 3740 1681 3794 τὸ

104 3831 333 3900 διαυγὲς
359 3831 454 3885 καὶ
484 3830 727 3902 καθαρὸν
757 3830 856 3901 τῆς
897 3830 1079 3900 ὑγιοῦς
1114 3831 1367 3899 πίστεως,
1412 3831 1682 3903 παριστὰς

106 3922 217 3975 τῶν
245 3922 694 3993 πεπιστευμένων
716 3921 811 3992 τὴν
849 3922 1068 3994 πρώτην
1098 3925 1190 3976 καὶ
1224 3922 1556 3995 στοιχειώδη,
1587 3924 1681 3979 καὶ

106 4013 428 4085 εἰσακτικὴν
465 4012 829 4068 διδασκαλίαν.
863 4032 880 4064 ι
904 4014 1013 4068 Καὶ
1037 4014 1126 4067 τὸν
1165 4014 1446 4085 περίὸολόν
1480 4032 1571 4069 σου
1599 4015 1680 4068 λί-

108 4103 228 4169 θους
266 4104 629 4168 ἐκλεκτούς.)
673 4103 912 4157 Τοιοῦτοι
955 4105 998 4158 δ’
1040 4105 1106 4160 ἂν
1149 4100 1259 4159 εἶεν
1290 4107 1339 4159 οἱ
1383 4106 1682 4178 περιφράτ-

106 4204 309 4261 οοντες,
350 4196 455 4251 καὶ
495 4197 615 4250 ἀντὶ
664 4194 866 4259 παντὸς
907 4195 1101 4267 ἕρκους
1136 4196 1551 4269 ἀσφαλιζόμενοι
1593 4198 1681 4252 διὰ

106 4289 209 4349 τῶν
242 4289 390 4361 πρὸς
430 4287 526 4342 τὸν
556 4288 685 4342 Θεὸν
723 4288 896 4358 εὐχῶν
936 4288 1031 4361 τὴν
1059 4290 1237 4343 πᾶσαν
1273 4291 1555 4362 οἰκοδομὴν
1582 4291 1679 4362 τῆς

112 4380 339 4446 πόλεως,
371 4380 590 4454 μεγάλα
612 4379 707 4434 καὶ
742 4379 1024 4452 πολυτελῆ,
1050 4381 1143 4435 καὶ
1176 4380 1368 4452 ἔντιμα
1396 4382 1677 4455 οἰκοδομή-

192 4489 275 4526 .α.

112 4488 340 4618 ⁸¹3:Ka't
370 4562 583 4628 πάντας
612 4564 737 4627 τοὺς
781 4562 926 4628 υίούς
955 4579 1047 4616 σου
1078 4563 1357 4629 διδακτοὺς
1393 4563 1546 4629 Θεοῦ,
1581 4567 1672 4620 καὶ

20 4724 23 4729 Ι
110 4655 163 4706 ἐν
212 4654 393 4726 πολλῇ
452 4654 640 4726 εἰρήνῃ
687 4654 755 4708 τὰ
800 4655 962 4710 τέκνα
1013 4672 1167 4710 σου.»
1215 4657 1502 4722 Διδακτοὺς
1537 4657 1671 4712 Θεοῦ

110 4747 375 4801 ἀποκαλεῖ
395 4748 524 4810 τοὺς
553 4748 699 4811 υἱοὺς
719 4747 818 4817 τῆς
845 4746 1010 4802 πάλαι
1049 4748 1293 4819 στείρας·
1326 4748 1461 4802 ἀλλὰ
1490 4750 1581 4803 καὶ
1614 4751 1672 4803 ἐν

112 4838 271 4910 πολλῇ
305 4839 504 4911 εἰρήνῃ
539 4836 751 4892 ἔσεσθαι
796 4839 964 4909 αὐτῆς
1012 4837 1081 4891 τά
1128 4839 1294 4893 τέκνα
1317 4856 1330 4870 ·
1364 4839 1518 4894 τοῦτο
1563 4840 1671 4913 γὰρ

20 4990 23 4995 ,
114 4931 288 4994 saror&
318 4929 682 5000 ἐπηγγείλατο
721 4930 918 4983 εἰπών·
961 4949 978 4981 ι
1023 4930 1258 5002 Εἰρήνην
1284 4931 1382 5003 τήν
1424 4930 1561 5003 ἐμὴν
1591 4931 1670 4985 δί-

110 5022 241 5095 δωμι
264 5023 427 5092 ὑμῖν,
455 5022 673 5093 εἰρήνην
696 5021 794 5093 τήν
824 5022 962 5093 ἐμὴν
992 5021 1192 5092 ἀφίημι
1224 5023 1405 5092 ὑμῖν.»

177 5134 198 5167 ι
242 5112 365 5181 Καὶ
411 5113 472 5165 ἐν
521 5111 826 5184 δικαιοσύνῃ
862 5111 1275 5186 οίκοδομηθήσῃ.
1311 5112 1540 5184 Ἀπέχου
1585 5116 1679 5169 ἀπ’

112 5205 321 5265 &tamur-n
368 5204 467 5259 καὶ
516 5203 577 5257 οὐ
634 5204 934 5290 φοὸηθήσῃ,
979 5204 1072 5259 καὶ
1123 5205 1322 5276 τρόμος
1358 5205 1457 5260 οὐκ
1510 5207 1684 5276 ἐγγιεῖ

114 5313 209 5352 σοι.
234 5316 251 5350 s
298 5295 389 5349 Τὰ
430 5296 527 5367 μέν
560 5295 667 5367 γὰρ
721 5296 1034 5368 ἀνθρώπινα
1079 5297 1545 5370 ἐπισκευάσματα,
1589 5301 1684 5355 καὶ

108 5388 167 5454 ἐξ
202 5387 560 5460 ἀνθρωπίνης
599 5387 828 5459 σπουδῆς
885 5388 1263 5460 συνιστάμενα,
1304 5386 1524 5443 τοιαῦτά
1557 5405 1679 5443 τινα

110 5479 388 5551 τυγχάνει·
444 5477 525 5532 διὸ
576 5476 671 5531 καὶ
715 5478 793 5540 εἰς
830 5475 1032 5550 φθορὰν
1069 5479 1236 5551 χωρεῖ
1274 5477 1366 5531 καὶ
1408 5479 1488 5542 είς
1524 5475 1674 5531 aad»

108 5586 591 5657 ⁸1oen.xtv,27.

178 5682 297 5753 (40)
337 5680 393 5738 ln
425 5682 534 5741 alio
562 5680 749 5736 codice
784 5678 975 5750 legitur
1000 5685 1111 5746 τοῖς
1140 5681 1306 5746 λίθοις
1332 5701 1450 5737 σου.
1477 5682 1671 5739 Hiero·

112 5765 307 5822 aymus
352 5769 513 5826 vero,
564 5748 706 5821 Ἐγώ
752 5752 864 5822 εἰμι
906 5752 1155 5824 ἐμῦαλὼν
1195 5755 1251 5809 ἐν
1306 5755 1500 5827 στίμμι
1554 5771 1675 5818 τους

1783 3279 2083 3339 confutare.
2130 3281 2285 3337 Sicut
2312 3283 2457 3338 enim
2505 3282 2784 3338 adornatae
2831 3281 2887 3337 in
2930 3283 3101 3340 muris
3136 3282 3335 3355 pinnae,

1782 3373 2179 3445 propugnacula
2211 3382 2361 3438 suut,
2390 3373 2459 3429 ad
2514 3372 2888 3430 instruendum
2916 3385 3105 3431 contra
3151 3374 3340 3431 hostes

1781 3464 1982 3521 bellum
2015 3462 2379 3530 concinnata:
2421 3464 2502 3520 sic
2537 3473 2595 3521 et
2633 3465 2691 3531 ii,
2730 3464 2822 3537 qui
2856 3465 2910 3521 in
2947 3464 3187 3521 Ecclesia
3220 3479 3337 3523 set·-

1782 3571 1941 3612 mone
1969 3565 2026 3610 et
2073 3554 2341 3625 sapientia
2391 3565 2637 3626 potentes
2687 3564 2835 3621 sunt,
2873 3556 2996 3628 jure
3026 3570 3335 3628 propugna-

1780 3646 1902 3703 cula
1944 3646 2210 3702 dicantur.
2244 3666 2264 3700 ι
2302 3646 2370 3702 Et
2399 3655 2584 3718 portas
2610 3655 2734 3704 tuas
2777 3646 2983 3719 lapides
3017 3646 3276 3720 crystalli,
3309 3665 3331 3702 ι

1779 3737 1979 3808 quibus
2031 3734 2303 3808 lapidibus
2355 3740 2425 3794 ad
2478 3748 2664 3810 portas
2727 3737 2880 3797 urbis
2929 3738 3337 3795 constituendas

1781 3847 1934 3899 usus,
1963 3844 2108 3887 sanae
2136 3828 2260 3885 lidei
2288 3829 2628 3901 splendorem
2664 3839 2720 3887 et
2756 3830 3044 3902 puritatem
3072 3829 3336 3887 vaticina-

1783 3932 1893 3983 tur.
1925 3920 2272 3994 declaratque
2316 3924 2544 3994 primam
2573 3922 2980 3987 elementarem,
3022 3931 3188 3993 atque
3234 3920 3337 3977 ini·

1780 4011 1964 4066 tialem
2000 4026 2199 4079 rerum,
2228 4026 2348 4082 quae
2384 4012 2452 4068 ad
2481 4010 2640 4068 fldem
2676 4010 2971 4083 pertinent,
3015 4010 3334 4067 doctrinam.

1785 4120 1805 4153 ι
1845 4103 1911 4158 Et
1942 4118 2124 4159 muros
2164 4111 2286 4159 tuos
2315 4103 2521 4175 lapides
2562 4103 2787 4160 electos.
2820 4121 2842 4157 ι
2882 4100 3194 4172 Huiusmodi
3224 4100 3337 4157 sue·

1781 4195 1891 4248 rint
1926 4194 1983 4259 ii,
2017 4195 2108 4265 qui
2144 4195 2565 4266 circumquaque
2596 4193 2916 4250 munimenti
2950 4193 3067 4249 loco
3106 4203 3251 4258 sunt,
3282 4203 3339 4248 et

1779 4284 1936 4356 quasi
1982 4286 2205 4353 vallum,
2247 4295 2414 4341 totam
2450 4285 2600 4342 urbis
2627 4294 2953 4341 structuram
3003 4299 3098 4354 per
3138 4283 3337 4339 oratio-

1779 4392 1879 4431 nes
1929 4377 1994 4432 ad
2056 4375 2222 4435 Deum
2278 4377 2508 4433 emissas
2561 4387 2846 4433 tutantur:
2914 4391 3102 4447 magna
3158 4388 3332 4442 sane,

1706 4506 1749 4562 n
1779 4469 2012 4539 pretiosa
2055 4477 2111 4526 et
2165 4467 2501 4526 honorabilia
2548 4469 2792 4525 aedilicia.

1858 4559 2016 4616 Vens.
2053 4562 2142 4617 15.
2177 4581 2197 4615 ι
2234 4560 2300 4616 Ει
2330 4577 2520 4618 omnes
2551 4563 2690 4618 tilios
2727 4574 2864 4626 tuos,
2896 4560 3188 4631 discipulos
3217 4558 3332 4623 Dei,

1779 4662 1831 4707 et
1882 4653 1935 4707 in
1978 4653 2144 4709 multa
2190 4668 2325 4725 pace
2361 4654 2454 4709 titii
2509 4655 2610 4710 tui.
2647 4673 2667 4707 ι
2709 4652 3007 4723 Discipulos
3042 4652 3135 4707 Dei
3181 4660 3335 4707 vocat.

1777 4745 1920 4799 iilius
1951 4744 2078 4800 olim
2129 4745 2330 4801 sterilis
2379 4745 2560 4800 lilios:
2607 4760 2671 4800 ac
2724 4744 2779 4799 in
2829 4743 2995 4798 mutia
3041 4758 3174 4814 pace
3212 4751 3335 4799 vet·-

1779 4846 1994 4892 saturos
2042 4835 2121 4890 ait
2168 4832 2308 4893 lilio's
2338 4835 2495 4904 ejus:
2530 4835 2583 4891 id
2610 4835 2756 4891 enim
2790 4836 2918 4906 ipsis
2946 4834 3216 4908 pollicitus
3248 4835 3334 4892 bis

1781 4928 1963 4984 verbis
1990 4937 2075 4984 est
2101 4947 2117 4985 ι
2157 4946 2178 4983 ι
2216 4928 2412 4985 Pacem
2439 4943 2615 4984 meam
2653 4929 2722 4983 do
2746 4928 2921 4994 vobis,
2947 4943 3131 4999 pacem
3159 4942 3332 4984 meam

1777 5019 2021 5090 relinquo
2054 5021 2207 5078 vobis
2234 5021 2277 5078 ⁸.
2313 5040 2333 5074 ι

1851 5112 2017 5170 Vens.
2045 5113 2133 5170 tt.
2157 5130 2178 5167 ι
2209 5114 2276 5170 Et
2303 5112 2587 5186 iniustitia
2613 5112 2986 5169 aedificaberis.
3014 5110 3235 5168 Abstine
3260 5110 3330 5166 ab

1777 5204 1983 5275 iniquo,
2013 5216 2065 5263 et
2108 5223 2215 5264 non
2256 5207 2514 5273 timebis,
2564 5215 2618 5261 ct
2665 5214 2870 5261 tremor
2900 5220 3003 5258 non
3047 5201 3332 5274 appropin-

1776 5295 1968 5364 quabit
2008 5297 2128 5353 libi.
2182 5317 2202 5351 ι
2261 5296 2539 5370 Siquidem
2594 5296 2816 5353 humani
2879 5295 2954 5350 illi
3003 5302 3289 5364 apparatus
3311 5330 3328 5357 ,

1785 5388 2017 5444 humana
2047 5404 2177 5445 cura
2204 5390 2360 5458 editi,
2391 5388 2698 5457 hujusmodi
2724 5397 2893 5443 sunt:
2935 5399 3102 5456 quare
3130 5385 3183 5439 in
3209 5396 3330 5438 cor-

1781 5483 2087 5549 ruptionem
2110 5490 2167 5540 et
2184 5482 2408 5539 exitium
2434 5480 2744 5538 deveniunt.
2772 5479 2921 5550 Opus
2944 5486 3123 5535 autem
3152 5488 3329 5532 meum

1781 5682 1963 5747 λίθους
1991 5698 2107 5736 σου.
2126 5681 2442 5763 Procopius,
2468 5678 2719 5764 ἐμδάλλω
2754 5680 2813 5733 ἐν
2849 5677 3051 5750 στίμει.
3076 5675 3330 5749 Quam-

1784 5755 1949 5811 lcctio
1974 5763 2214 5824 praestet,
2245 5768 2345 5811 suu
2364 5748 2492 5813 loco
2521 5746 2911 5820 indagabimus.
