3692 6134
220 350 356 408 tm

1166 342 1257 398 m:
1294 342 1756 400 thonPonAm
1794 345 1886 400 ΕΤ
1924 344 2261 403 thtsimu
2295 346 2452 404 nto.

3302 357 3441 411 tiss

220 465 338 520 Hoc
371 472 548 520 autem
589 460 921 518 infirmitatis
962 469 1047 517 est
1085 474 1239 532 opus.
1279 459 1551 528 Quantum
1585 459 1650 514 ad
1669 461 1787 516 dia·
1813 467 1861 524 Α
1889 460 2016 516 tiam
2063 463 2129 517 ad
2169 464 2449 518 Dominum
2501 431 2829 534 religiosam,
2858 465 2925 519 ad
2968 469 3440 539 consen-rosioni-

218 555 405 612 bolum
432 562 665 625 spectat,
688 552 831 608 nulla
857 554 948 621 sit,
981 553 1172 622 inquit,
1200 554 1391 622 virgo:
1426 554 1661 608 vincitur
1685 569 1786 608 au·

218 649 335 696 tem
361 654 395 694 a
430 637 616 694 tantis.
648 637 919 706 Quantum
944 637 1090 691 enim
1131 637 1201 691 ad
1229 637 1499 692 diabolum
1524 636 1781 706 pertinet,

218 745 295 786 ne
326 730 540 800 quidem
562 744 702 785 unus
727 729 988 785 salvatur.
1015 729 1086 783 Δι
1127 729 1327 800 nuptiae
1364 730 1606 786 honestae
1633 737 1779 798 sunt,

216 830 282 878 et
301 822 542 877 diabolus
577 821 807 882 a,tantis
849 830 932 876 est
963 820 1211 877 obrutus.
1240 821 1513 890 Quantum
1541 821 1687 878 enim
1715 822 1781 876 ad

217 912 498 970 diabolum
520 912 773 983 pertinet,
803 912 980 968 nullus
1004 927 1221 969 sursum
1247 912 1475 983 aspiciat
1505 928 1738 983 unquam
1762 931 1778 969 ε

216 1004 582 1076 disrumpitur
605 1013 786 1059 autem
809 1013 992 1060 tantos
1023 1004 1237 1060 videns.
1267 1004 1540 1072 Quantum
1576 1005 1642 1059 ad
1665 1003 1784 1059 dia-

218 1093 433 1155 bolum.
458 1108 528 1148 ne
556 1093 776 1163 quidem
806 1095 1090 1165 vestigium
1134 1094 1404 1167 pudicitia
1432 1095 1550 1149 vult
1574 1109 1696 1151 esse
1726 1095 1779 1150 in

220 1193 394 1243 terra.
429 1184 654 1242 Feriunt
693 1193 870 1242 autem
902 1187 993 1256 qui
1038 1186 1347 1256 percutiunt
1383 1202 1481 1243 cor
1526 1189 1780 1245 errantis.

224 1277 502 1346 Quantum
552 1277 619 1332 ad
663 1275 934 1333 diabolum
958 1318 975 1343 ,
1013 1292 1115 1334 nee
1156 1292 1351 1335 nomen
1397 1279 1622 1348 justitiae
1661 1294 1785 1340 esee

221 1369 401 1439 cupit.
434 1366 534 1435 Qui
570 1377 751 1424 autem
790 1369 978 1424 dicunt
1003 1370 1244 1438 peccavi,
1269 1370 1412 1426 illius
1432 1386 1593 1429 aures
1621 1376 1786 1432 casti·

219 1466 376 1530 gant.
399 1455 514 1511 Non
540 1456 655 1511 νιιΙι
689 1457 1061 1526 poeniteutiam
1091 1472 1234 1522 esse,
1271 1469 1327 1513 et
1349 1458 1575 1517 efficitur
1606 1466 1780 1532 poeni·

221 1549 419 1606 tentia.
464 1547 643 1603 Movet
686 1549 1143 1617 persecutionem,
1198 1555 1257 1604 et
1301 1551 1435 1605 liunt
1488 1562 1779 1626 martyres.

218 1640 438 1710 Quanta
466 1638 581 1707 eius
608 1639 779 1709 capita
813 1639 981 1695 incisa
1015 1639 1186 1695 sunt?
1226 1639 1328 1697 boe
1352 1650 1438 1698 est
1459 1641 1628 1712 ipsius
1663 1643 1782 1700 diu·

218 1732 356 1789 boli.
380 1730 512 1801 Quae
531 1732 678 1788 enim
701 1732 1009 1787 inciduntur
1032 1747 1129 1803 pro
1150 1733 1367 1791 Christo
1392 1737 1590 1806 capita,
1611 1736 1779 1807 ipsius

1886 552 2041 619 tiam,
2072 555 2260 610 videns
2278 557 2405 626 quia
2431 570 2563 613 oves
2591 573 2727 629 quas
2766 557 3026 628 orphanis
3052 560 3354 625 occidebat.
3384 576 3441 619 et

1888 650 2071 698 tauros
2110 656 2338 712 quorum
2370 659 2564 700 carnes
2590 645 2764 700 viduae
2789 654 2845 702 et
2884 647 3114 716 orphani
3150 651 3441 707 manduea-

1884 731 2040 800 bant.
2073 744 2131 791 et
2162 736 2340 791 omnis
2372 738 2644 806 possessio
2671 738 2822 807 cuius
2852 749 2970 794 erat
2998 741 3341 812 dispensator
3368 746 3438 800 ad

1882 836 1979 878 eos
2018 823 2110 893 qni
2143 824 2415 880 habebant
2446 826 2603 892 ninii,
2632 827 2685 882 in
2726 842 2834 883 uno
2874 841 3150 885 momento
3185 840 3437 902 tanquam

1885 925 1916 966 a
1942 910 2052 966 Deo
2077 912 2279 980 ablata,
2297 927 2476 970 nonne
2491 915 2778 972 doluisset?
2809 917 2914 973 Sed
2937 914 3038 973 lob
3073 919 3275 990 gratias
3305 921 3435 990 egit,

1883 1010 2009 1072 puta
2038 1004 2166 1073 quia
2197 1005 2383 1059 omnia
2412 1005 2590 1061 subito
2609 1008 2829 1078 abrepta
2856 1017 2980 1063 sunt
3005 1008 3142 1077 ejus.
3171 1011 3437 1081 siquidem

1882 1100 1937 1148 et
1960 1092 2078 1149 illii.
2106 1093 2162 1148 Si
2194 1103 2373 1150 autem
2396 1105 2452 1152 et
2477 1095 2597 1163 mii,
2632 1107 2690 1152 ut
2718 1100 2847 1168 quid
2884 1098 2973 1153 tali
3016 1099 3223 1156 morte?
3250 1101 3359 1157 Cur
3382 1102 3438 1157 in

1883 1184 2012 1252 ipsis
2050 1185 2253 1240 mensis
2275 1187 2434 1241 simul
2456 1201 2643 1244 omnes
2670 1189 2858 1244 decem
2887 1192 3131 1259 oppressi
3170 1191 3339 1246 sunt?
3368 1189 3439 1247 Et

1884 1274 1985 1330 boc
2013 1276 2206 1331 iterum
2243 1277 2534 1347 putabatur
2565 1280 2703 1334 Deus
2751 1279 2968 1335 secisse.
3003 1280 3133 1336 Puta
3158 1284 3286 1352 quia
3317 1299 3435 1338 om-

1883 1365 1968 1419 nis
1993 1364 2222 1420 facultas
2247 1374 2301 1421 et
2337 1368 2607 1435 possessio
2655 1376 2709 1423 et
2753 1368 2875 1424 tilii.
2920 1370 3056 1436 Quid
3100 1382 3277 1427 autem
3307 1376 3435 1443 quia

1881 1463 1939 1510 et
1986 1469 2116 1524 earo
2145 1454 2313 1526 ipsius
2350 1453 2450 1510 «loli
2490 1456 2861 1529 expugnaturi
2885 1459 2950 1514 Et
2983 1462 3097 1516 liaee
3124 1461 3303 1517 omnia
3334 1477 3435 1532 pu-

1881 1553 1995 1600 tata
2031 1557 2162 1602 sunt
2203 1561 2323 1603 esse
2356 1563 2387 1603 a
2409 1548 2539 1614 Deo,
2563 1559 2618 1604 et
2653 1563 2750 1618 per
2769 1551 2881 1604 liu-e
2904 1550 3149 1605 universa
3175 1548 3276 1606 lob
3312 1568 3437 1621 gra·

1886 1637 1989 1692 tias
2019 1639 2130 1708 egit
2177 1637 2309 1695 Deo.
2348 1637 2462 1694 Non
2512 1639 2676 1711 igitur
2701 1648 2754 1693 ιε
2778 1646 2978 1694 terreat
3016 1641 3298 1696 diabolusz
3325 1656 3433 1697 non

1882 1729 1956 1784 sit
1977 1726 2173 1785 deuius
2214 1744 2403 1796 vacua,
2433 1744 2606 1801 neque
2630 1729 2704 1784 illi
2723 1738 2937 1801 parata,
2967 1738 3020 1784 et
3044 1743 3146 1784 non
3178 1731 3337 1787 babet
3361 1731 3433 1786 ln·

216 1825 406 1894 apua
439 1823 702 1887 incidunt,
727 1822 1007 1892 quotient..
1041 1821 1260 1880 aalma
1299 1833 1387 1881 est
1418 1827 1618 1883 miuus
1649 1837 1779 1885 anoe
1808 1810 1855 1867 B
1883 1832 2027 1872 cum·
2074 1818 2158 1873 Sit
2187 1820 2284 1874 tibi
2336 1821 2667 1889 comparatio
2714 1816 2818 1874 tob
2862 1820 2930 1875 ad
2963 1819 3238 1874 victoriam
3266 1836 3281 1875 =
3308 1833 3439 1875 con-

218 1914 524 1987 ssebennam
576 1915 630 1970 in
666 1915 939 1986 gebenna!
965 1915 1284 1985 Quicunque
1322 1916 1467 1972 enim
1502 1916 1628 1974 faeti
1653 1929 1782 1976 sunt

222 2005 597 2063 holocaustum
624 2006 859 2071 Christo,
886 2007 976 2063 isti
1023 2007 1292 2064 diabolum
1330 2021 1782 2079 consumpserunt

221 2095 359 2168 igni,
390 2096 560 2151 etalii
584 2110 707 2152 eum
738 2098 1167 2169 praalocaverunt
1202 2099 1258 2155 in
1289 2100 1450 2166 mari,
1475 2101 1565 2157 alii
1597 2111 1778 2160 autern

220 2186 494 2242 dederunt
534 2187 652 2257 ejus
679 2201 877 2259 corpus
921 2191 1189 2246 meatibus
1230 2188 1536 2248 fluviorum.
1582 2193 1778 2261 Quanti

216 2292 348 2333 eum
397 2279 712 2335 torserunt?
738 2279 913 2335 sstiam
946 2280 982 2335 ii
1013 2281 1105 2352 qui
1138 2281 1241 2338 visi
1283 2291 1409 2339 sunt
1431 2285 1690 2354 superati.
1719 2285 1778 2342 Si

216 2368 373 2428 enim
397 2379 453 2424 et
473 2370 601 2424 vicit
623 2373 977 2442 quorumdam
1020 2387 1266 2443 corpora,
1294 2375 1387 2430 sed
1415 2390 1520 2432 non
1544 2378 1780 2446 pruden-

218 2466 354 2520 tiam
387 2476 445 2521 et
462 2463 816 2521 intellectum.
854 2463 1116 2534 Malignus
1142 2465 1346 2520 atbleta
1375 2475 1478 2533 εει.
1502 2475 1558 2522 ει
1591 2466 1771 2523 incon·

215 2558 492 2615 sideratus
521 2570 780 2615 certator.
805 2557 939 2615 Cum
964 2556 1108 2612 enim
1137 2559 1354 2614 videtur
1390 2557 1553 2615 ferire
1582 2559 1774 2626 alium,

216 2651 573 2721 setnetipsum
627 2651 911 2721 percussit.
969 2647 1121 2716 Quod
1176 2649 1344 2704 babes
1396 2650 1667 2722 negotium
1712 2651 1779 2707 ad

212 2739 343 2807 lob,
381 2756 417 2796 o
444 2742 687 2797 diabole?
719 2741 786 2799 Ut
824 2742 951 2812 quid
993 2748 1168 2796 vtetus
1203 2740 1304 2795 es?
1327 2741 1584 2809 peccasti,
1615 2751 1776 2810 tace3

213 2832 401 2886 vietus
432 2845 516 2897 es,
541 2832 778 2896 quiesce.
806 2831 912 2888 Sed
944 2829 1200 2894 secundo,
1231 2831 1426 2900 inquit,
1456 2843 1669 2901 oportet
1694 2848 1780 2890 me

126 2923 371 3005 =myiuei
403 2943 418 2980 ε
451 2937 559 2978 non
590 2924 714 2993 quia
749 2925 862 2981 baec
892 2925 1078 2991 voluit,
1124 2925 1220 2980 sed
1257 2927 1385 2993 quia
1422 2925 1541 2981 boc
1584 2940 1780 2997 passus

216 3023 333 3073 est.
382 3014 523 3083 Quid
575 3012 1126 3083 iiitretniscis2·Quid
1175 3014 1377 3071 times?
1410 3012 1513 3074 iob
1559 3030 1664 3072 uon
1696 3028 1784 3073 est

214 3106 477 3175 angelus,
507 3108 604 3162 sed
635 3107 799 3162 bomo
845 3104 1106 3171 mortalis,
1133 3104 1221 3159 cui
1251 3105 1640 3161 colluctabatur
1662 3106 1780 3162 dia-

224 3198 394 3252 bolus
421 3196 777 3261 invisibiliter.
809 3197 980 3252 vietus
1020 3205 1197 3252 autem
1236 3206 1320 3251 εει
1372 3195 1675 3252 visibiliter.
1704 3195 1776 3252 Ει

226 3302 307 3343 ne
347 3286 504 3344 lateat
552 3298 604 3344 te
650 3288 793 3344 illius
833 3289 1115 3359 paxiditas.
1147 3287 1470 3344 certabatur
1498 3287 1645 3342 euim
1675 3302 1781 3342 non

224 3392 499 3448 apparea
523 3396 540 3434 ε
567 3387 624 3435 ει
648 3394 754 3434 uam
782 3380 923 3435 sicut
949 3380 1001 3435 in
1024 3377 1212 3435 stadiis
1234 3387 1291 3434 et
1316 3377 1784 3436 colluctationibus

224 3468 366 3526 nudi
400 3469 468 3525 ad
505 3471 677 3525 nudos
716 3478 1015 3536 certantur,
1051 3471 1145 3526 sed
1194 3471 1367 3525 latens
1414 3471 1690 3534 mittebat,
1727 3481 1784 3526 et

220 3574 343 3617 mn
370 3573 634 3630 apparens
651 3558 900 3626 feriebat,
930 3568 986 3616 et
1010 3559 1320 3629 percutiens
1347 3559 1522 3615 victus
1549 3571 1650 3616 est.
1681 3557 1782 3616 lob

216 3650 377 3707 enim
427 3649 689 3722 ignoravit
739 3652 860 3721 quis
906 3659 1050 3706 esset
1091 3652 1183 3721 qui
1207 3650 1506 3708 luctaretur
1534 3652 1601 3706 ad
1632 3664 1776 3718 eum,

220 3740 329 3798 sed
368 3749 426 3797 et
464 3743 670 3812 putavit
699 3753 754 3798 et
785 3742 944 3811 dixit,
974 3744 1101 3815 quia
1131 3757 1162 3797 a
1211 3742 1322 3798 Deo
1366 3741 1531 3797 babet
1576 3739 1780 3813 plagas.

221 3834 386 3891 Atius
433 3842 561 3890 erat‘
605 3835 697 3904 qni
747 3837 1034 3905 pugnabat,
1086 3843 1142 3891 et
1182 3834 1320 3890 alius
1350 3832 1442 3904 qui
1492 3831 1787 3903 putabatur

222 3924 541 3981 emendare.
568 3923 680 3981 lice
703 3926 901 3979 furtum
930 3925 1099 3997 magis
1129 3940 1287 3995 quam
1309 3925 1455 3980 lueta
1481 3931 1584 3979 est.
1611 3924 1780 3978 Adam

221 4014 444 4070 seducit
468 4029 486 4067 ε
514 4016 583 4070 ab
611 4014 710 4070 «lob
737 4016 1055 4071 occultatur.
1077 4015 1181 4072 «lob
1208 4016 1353 4071 enim
1386 4016 1674 4071 admiratio
1695 4025 1783 4072 est

222 4107 365 4171 ieta.
412 4107 539 4178 quia
586 4119 780 4178 putans
830 4125 860 4163 a
903 4109 1012 4164 Deo
1051 4109 1155 4165 sibi
1193 4109 1382 4165 venire
1432 4108 1637 4178 plagas,
1673 4122 1783 4162 non

222 4200 488 4256 conscius
512 4211 691 4256 autem
722 4201 824 4256 sibi
855 4212 1152 4271 peccatum,
1191 4200 1527 4256 convertitur
1560 4200 1629 4253 ad
1668 4199 1786 4254 dia-

223 4291 419 4348 bolum
459 4295 681 4364 sagittas
708 4308 828 4363 quse
865 4293 1031 4363 ipsius
1068 4301 1248 4349 erant.
1278 4289 1380 4348 lob
1415 4291 1559 4346 enim
1589 4300 1786 4360 putans

227 4382 408 4439 Deum
432 4398 554 4440 esse
577 4385 667 4455 qui
704 4383 913 4449 feritet,
939 4391 995 4438 et
1041 4383 1344 4454 suspicatus
1368 4392 1453 4439 est
1482 4395 1602 4438 esse
1624 4397 1655 4436 a
1677 4381 1786 4436 Deo

1882 1909 2032 1965 disce
2070 1924 2166 1980 per
2196 1925 2319 1964 eum
2351 1910 2555 1966 inimici
2585 1910 2974 1967 infirmitatem.
2998 1911 3104 1967 Sed
3133 1912 3305 1967 dicis:
3333 1925 3439 1967 nen

1882 2001 2027 2055 enim
2056 2000 2275 2055 abducit
2300 2009 2356 2055 et
2384 1999 2760 2062 adducitloca.
2787 2010 2997 2070 gentes,
3027 2000 3253 2069 populos
3273 2015 3443 2072 quian-

1885 2101 1969 2148 tos
2005 2100 2061 2146 et
2108 2089 2391 2146 videmus?
2415 2090 2650 2144 Adducit
2678 2107 2693 2144 ε
2723 2091 2815 2144 secl
2856 2097 2913 2144 et
2945 2101 3193 2159 apportat
3222 2105 3318 2146 eos
3343 2091 3435 2160 qui

1884 2181 2088 2246 volunt,
2122 2178 2257 2249 sugit
2296 2187 2478 2233 autem
2519 2192 2613 2232 eos
2642 2177 2730 2245 qui
2772 2177 3067 2245 increpant.
3118 2177 3251 2231 Cum
3286 2181 3433 2231 enim

1883 2272 2027 2328 dedit
2053 2271 2103 2326 ei
2142 2271 2317 2324 locum
2358 2267 2551 2336 ludas,
2587 2267 2859 2336 ingressus
2903 2275 2986 2320 εει
3020 2267 3072 2320 in
3102 2267 3218 2337 ejus
3245 2271 3431 2334 corde,

1880 2362 2092 2418 furatus
2116 2370 2221 2428 est,
2254 2361 2454 2430 prodiit
2480 2357 2612 2431 (10).
2637 2355 2829 2412 Petrus
2859 2356 2907 2410 ci
2937 2356 3109 2411 lactus
3131 2366 3216 2412 est
3238 2367 3387 2426 petra
3417 2379 3429 2414 ε

1882 2455 2054 2524 magis
2074 2453 2216 2507 enim
2249 2450 2477 2521 plagavit
2506 2462 2664 2518 quain
2694 2447 2938 2516 plagatus
2965 2455 3071 2503 εει.
3112 2445 3217 2500 Sed
3250 2447 3386 2502 dicis
3414 2468 3428 2503 :

1879 2560 1985 2601 non
2007 2543 2218 2616 negavit
2241 2542 2457 2598 Petrus?
2474 2538 2675 2608 Quare?
2693 2547 2906 2608 quando
2928 2539 3150 2593 necdum
3168 2549 3286 2593 erat
3306 2552 3430 2591 cru-

1879 2635 1961 2691 cis
2001 2645 2256 2705 tropaeum
2293 2643 2551 2687 erectum.
2587 2628 2764 2684 Nolite
2790 2640 2911 2685 esse
2946 2628 3136 2693 timidi,
3158 2629 3321 2684 nolite
3349 2629 3433 2682 in·

1880 2726 2026 2798 digni
2060 2741 2090 2780 a
2123 2729 2357 2794 proavis,
2392 2725 2592 2777 Aurum
2631 2718 2847 2791 quidem
2894 2717 2988 2775 Dei
3018 2730 3096 2774 εει
3127 2735 3141 2772 2
3170 2719 3434 2784 dicamus,

1881 2818 2044 2877 aliem
2067 2818 2272 2891 ignem,
2299 2814 2460 2871 affers
2492 2812 2750 2886 gladium,
2780 2811 3055 2877 addentes,
3100 2812 3277 2866 omnia
3314 2827 3438 2882 pos-

1881 2923 2005 2965 sum
2059 2917 2280 2980 propter
2336 2919 2460 2961 eum
2495 2901 2589 2975 qui
2616 2902 2871 2957 misertus
2915 2909 2998 2955 est
3034 2900 3187 2955 mibi.
3217 2901 3438 2959 Gladius

1882 3001 2066 3059 lesum
2101 3013 2207 3055 uon
2244 2995 2455 3063 incidit,
2490 3009 2660 3065 neque
2689 2993 2831 3064 ignis
2867 3006 2990 3048 eum
3026 2995 3312 3060 consumit,
3342 2995 3436 3048 sed

1886 3093 2089 3149 incisus
2142 3088 2429 3160 aliquando
2476 3095 2560 3143 εει
2605 3101 2704 3157 per
2745 3083 2976 3141 clavum.
3003 3082 3140 3151 Quid
3172 3094 3257 3140 εει
3294 3087 3440 3154 quod

1886 3186 2113 3241 incisum
2157 3180 2285 3238 est?
2319 3178 2437 3236 Noli
2491 3178 2755 3248 ignorare,
2801 3177 2926 3247 quia
2957 3191 3056 3232 uec
3107 3177 3160 3232 in
3198 3177 3434 3233 animam

1885 3276 2181 3347 ium-editur
2211 3274 2413 3328 clarus.
2446 3270 2727 3326 Passiones
2771 3269 2914 3324 euim
2969 3268 3275 3338 corporales
3316 3284 3438 3326 cor·

1883 3369 2103 3439 poribus
2123 3373 2251 3422 sunt
2274 3360 2654 3421 conducibiles.
2674 3359 2882 3429 Corpus
2898 3374 2928 3413 a
2950 3373 3175 3428 corpore
3189 3358 3390 3428 patitur
3416 3375 3433 3414 ι

1885 3455 2218 3528 incorporale
2260 3469 2365 3509 oon
2407 3453 2578 3516 ardet,
2601 3466 2706 3505 non
2757 3449 3024 3505 inciditur.
3066 3445 3214 3503 Talis
3249 3456 3437 3505 natura

1889 3562 1997 3603 non
2033 3546 2307 3614 dividitur,
2337 3559 2441 3600 non
2485 3540 2825 3613 praeiocatur.
2867 3538 2923 3595 Si
2953 3539 3093 3595 enim
3117 3540 3436 3595 translatum

1886 3638 2051 3695 suerit
2076 3651 2293 3708 corpus,
2320 3650 2426 3691 non
2461 3643 2545 3690 est
2574 3633 2661 3688 ubi
2687 3634 2888 3703 capiat.
2930 3632 3036 3688 Sed
3085 3631 3209 3687 nolo
3256 3633 3438 3686 dicere

1884 3731 2027 3802 quod
2074 3729 2335 3799 sequitur,
2356 3725 2480 3798 quia
2538 3737 2638 3779 nec
2664 3723 2887 3778 rationis
2916 3733 3000 3776 est
3050 3720 3436 3791 blasphemiam

1886 3820 2030 3892 loqui
2060 3820 2113 3876 in
2137 3818 2399 3874 Ecclesia.
2437 3815 2512 3871 Ea
2539 3814 2704 3886 igitur
2731 3827 2849 3882 (γεω
2874 3811 2941 3867 de
2970 3810 3180 3867 diabolo
3207 3825 3311 3866 oon
3334 3812 3436 3867 im-

1887 3949 2114 4014 portune
2164 3942 2537 4001 occurrerunt,
2565 3934 2640 3988 ita
2685 3930 3079 4000 quodammodo
3122 3929 3262 3986 saeta
3310 3935 3440 3986 suut

1889 4030 2195 4087 manifesta.
2246 4028 2355 4084 Nos
2415 4037 2595 4082 autem
2649 4023 2983 4078 conlidainus
3037 4022 3090 4077 in
3130 4022 3441 4084 cbristo.et

1888 4121 2579 4189 conlidentesincrepemus
2598 4123 2669 4186 ei,
2692 4129 2747 4175 et
2806 4118 3138 4185 increpantes
3181 4128 3439 4167 nie-mores

1879 4215 2057 4272 'simus
2083 4217 2201 4284 eius
2253 4213 2343 4282 qui
2380 4212 2499 4267 ait:
2530 4210 2685 4266 Exite
2717 4210 2781 4264 ab
2821 4212 2896 4263 eis
2942 4219 2989 4262 et
3028 4205 3364 4274 separamini.
3388 4211 3438 4254 et

1887 4307 2210 4362 immundum
2250 4319 2313 4358 ne
2356 4305 2627 4375 tetigeritis
2646 4304 2713 4360 ⁸¹.
2748 4301 2883 4370 Quid
2921 4299 3063 4355 enim
3098 4296 3181 4352 eis
3219 4304 3273 4349 et
3301 4292 3437 4349 dini·

1889 4396 2020 4453 ciies
2040 4395 2260 4451 sumus?
2283 4394 2410 4464 quid
2435 4397 2513 4449 eis
2540 4404 2595 4449 et
2626 4390 2950 4448 irascimur?
2972 4402 3089 4458 quae
3112 4386 3256 4441 euim
3282 4399 3438 4454 poena

224 4475 463 4549 9¹²8²⁵²
490 4486 547 4530 ⁰²
590 4486 784 4544 l)utam
832 4476 999 4531 Deum
1041 4490 1161 4531 ⁸⁸⁸²
1200 4476 1292 4547 (1⁰3
1338 4474 1545 4538 Ῐθῐὶῑθῑ·
1583 4474 1786 4543 8ΐὸῑῖθὸ
1816 4505 1862 4561 1)
1891 4489 1996 4544 alia
2025 4489 2106 4545 eis
2133 4485 2471 4544 debeturiSi
2512 4487 2635 4556 quis
2666 4485 2747 4540 eis
2775 4484 3121 4546 irasceretur,
3147 4479 3329 4549 utique
3355 4477 3438 4534 di·

220 4570 351 4640 egit
378 4569 432 4624 iu
464 4568 650 4640 plagis.
688 4568 998 4641 Magnitudo
1036 4579 1217 4624 autem
1269 4568 1617 4639 malignitatis
1673 4566 1787 4620 ‹lia-

224 4658 352 4716 boli
371 4672 628 4714 conversa
649 4669 733 4714 est
766 4662 834 4715 ad
871 4660 1289 4730 magnitudinem
1314 4673 1637 4715 coronarum
1659 4656 1783 4713 «iob.

228 4750 299 4807 Si
326 4752 470 4806 enim
501 4753 668 4807 sciret
685 4753 810 4822 quia
832 4752 1116 4807 adversum
1147 4751 1224 4822 (9)
1256 4749 1495 4805 invidum
1525 4757 1581 4804 et
1613 4747 1792 4803 inimi-

225 4859 366 4901 cum
383 4842 627 4910 baberet,
652 4845 792 4901 sorte
811 4843 1197 4900 contentiosius
1223 4842 1427 4914 egisset
1457 4849 1514 4895 et
1535 4839 1788 4905 alacrius,

223 4945 335 4992 aut
365 4945 420 4991 et
441 4936 918 5007 contemptibilius.
961 4933 1113 4990 Nunc
1141 4945 1318 4990 autem
1350 4931 1525 4988 malus
1554 4933 1706 4987 canis
1736 4939 1792 4986 et

226 5025 541 5085 malitiosus
575 5028 730 5099 lupus
763 5029 1109 5098 semetipsum
1138 5027 1399 5092 occultat,
1434 5034 1492 5082 et
1515 5035 1788 5097 pastorem

226 5118 507 5190 producit,
561 5128 616 5177 et
665 5119 766 5177 «lob
808 5121 1221 5177 admirationem
1272 5119 1517 5175 adauxit.
1574 5117 1679 5173 Per
1725 5131 1791 5174 ea
1835 5117 1862 5171 .'

225 5211 384 5267 euim
413 5227 532 5282 qun
562 5213 769 5282 putavit
791 5213 1024 5268 maxime
1043 5226 1104 5268 se
1126 5210 1408 5282 instigare,
1440 5223 1539 5280 per
1563 5213 1679 5264 baec
1703 5208 1789 5262 in-

230 5302 467 5373 stigatus
482 5314 538 5359 et
565 5305 758 5370 victus.
786 5314 843 5361 et
875 5319 1039 5376 supra
1070 5317 1285 5361 omnem
1321 5316 1472 5373 spem
1502 5309 1789 5371 superatus

126 5413 129 5439 ³
230 5400 474 5456 ostendit
502 5402 785 5455 victorem.
827 5398 959 5467 Quis
1004 5399 1148 5453 enim
1177 5403 1233 5451 et
1259 5393 1485 5450 suflerre
1525 5393 1789 5464 potuisset

125 5509 135 5548 i
232 5494 419 5550 sciens
449 5507 601 5547 suam
629 5492 793 5545 vitam
821 5487 1256 5546 immaculatam?
1283 5484 1471 5543 Sciens
1497 5484 1784 5542 eonscien-

308 5603 356 5637 ⁸⁸
389 5601 471 5658 isa
523 5618 614 5670 ιιι,
641 5604 724 5659 ιι.

304 5694 391 5827 ἕθ)
417 5695 718 5776 Aeli-ereum.
738 5693 849 5779 =Pro
877 5693 1252 5773 adversarium.

340 5767 423 5828 to)
456 5767 678 5821 Prodere.
711 5765 871 5821 forte
895 5764 1144 5818 eredidit.

1891 4589 2038 4636 ceret
2075 4597 2091 4635 ε
2123 4577 2365 4650 Spoliare
2387 4621 2403 4646 ‚
2436 4578 2704 4633 denudare
2727 4613 2744 4639 ,
2770 4575 3071 4642 deturpare,
3108 4569 3439 4642 infrigidare.

1894 4676 2084 4730 Statue
2115 4689 2236 4729 eum
2267 4673 2465 4728 nudum
2513 4671 2566 4727 in
2622 4671 2841 4741 frigore,
2868 4668 3032 4723 facito
3074 4680 3197 4722 eum
3222 4677 3442 4721 currere

1895 4773 2020 4819 ante
2045 4778 2283 4820 currum.
2304 4760 2535 4817 Laboret
2566 4760 2850 4816 ambulans
2869 4798 2886 4823 ,
2926 4759 3237 4827 deturpetur
3277 4755 3444 4809 denu-

1897 4854 2072 4917 datus,
2094 4854 2239 4908 dicat
2270 4852 2465 4922 turpia.
2520 4850 2658 4918 Quid
2704 4848 2900 4920 quaeris
2937 4848 3131 4917 punire
3172 4859 3295 4901 eum
3350 4842 3443 4913 qui

1893 4943 2238 5014 semetipsum
2272 4941 2523 4997 damnati
2550 4939 2745 4996 suffieit
2782 4939 2863 4995 eis
2889 4938 3015 5009 quia
3059 4950 3165 4992 non
3205 4941 3331 4990 sunt
3353 4947 3446 4987 no·

1893 5034 2099 5090 biscum
2136 5032 2374 5092 :sufficit
2408 5031 2565 5089 nobis
2595 5031 2719 5099 quia
2748 5043 2853 5085 non
2902 5041 3090 5083 sumus
3121 5039 3244 5081 cum
3290 5023 3440 5092 ipsis.

1894 5124 2141 5181 Habeant
2163 5126 2306 5195 quod
2330 5124 2551 5189 babent,
2581 5123 2706 5192 quia
2736 5133 2792 5177 et
2824 5118 3027 5176 volunt.
3059 5116 3177 5173 Non
3200 5114 3311 5187 (ιι)
3344 5113 3442 5168 ba-

1893 5216 2082 5273 bemus
2107 5231 2269 5289 quem
2296 5217 2574 5279 liabemu8‚
2598 5217 2724 5284 quia
2755 5222 2810 5268 et
2835 5211 3100 5268 volumus.
3146 5208 3252 5263 Sed
3280 5205 3442 5275 fugiat

1892 5315 1951 5362 ct
1984 5321 2135 5363 meus
2157 5308 2397 5373 insanos,
2427 5315 2482 5362 et
2499 5305 2656 5361 sileat
2687 5305 2865 5375 lingua
2891 5320 2906 5370 3
2934 5303 3055 5358 inde
3081 5310 3136 5356 et
3165 5307 3428 5354 converta-

1894 5405 1984 5452 tur
2003 5398 2070 5452 ad
2103 5411 2293 5466 purum
2318 5408 2372 5452 et
2416 5395 2807 5466 incorporalem
2844 5394 3033 5456 ῡειιιιι,
3058 5390 3126 5444 ad
3173 5395 3442 5449 sanctum.

1893 5500 1949 5544 et
1973 5488 2126 5544 istius
2153 5487 2301 5544 chori
2338 5485 2643 5544 Dominum.
2674 5483 2790 5543 Non
2820 5499 2944 5542 eum
2989 5482 3297 5552 operiamus
3320 5489 3441 5532 eur·

1964 5683 2075 5757 (ti)
2106 5683 2248 5741 Non.
2280 5685 2358 5741 An
2388 5701 2481 5740 nes
2502 5685 2528 5738 2
