3692 6134
1168 355 1674 422 commmunia
1709 364 1780 422 ΙΝ
1816 366 2070 427 isaiam
2109 401 2181 412 —
2212 370 2363 429 CAP.
2402 370 2594 429 Lxut:

3358 378 3467 436 502

210 470 380 528 δαίων
404 470 541 527 λαοῦ
561 470 732 528 ταῦτα
752 474 1031 548 εἰρῆσθαι·
1057 479 1359 556 ἐπειδήπερ
1381 484 1559 540 πάντα
1580 485 1648 541 τὰ
1665 485 1793 559 ἔθνη
1821 490 1874 552 A
1896 492 2150 561 quoniam
2180 509 2369 552 omnes
2399 503 2590 567 gentes
2611 493 2826 566 signum
2851 493 3033 552 levare
3053 494 3238 566 jubet,
3262 503 3322 562 ,et
3341 477 3462 553 om*-

210 562 275 618 τθ
330 565 559 637 σημεῖον
597 567 847 640 αἴρεσθαι
883 572 1230 642 προστάττει,
1291 576 1388 631 καὶ
1431 577 1643 643 πάντας
1688 578 1794 644 ἕως

210 650 467 724 ἐσχάτου·
505 652 609 725 τῆς
657 656 762 728 γῆς
826 658 1238 730 εὐαγγελίζεται
1291 664 1362 721 τὰ
1405 665 1790 740 προλεχθέντα.

211 741 391 799 Πάλαι
425 741 649 816 μὲν-οὗν
684 747 827 803 κατὰ
853 750 953 823 τὴν
976 752 1198 827 πρώτην
1224 756 1391 813 αὐτοῦ
1434 761 1736 833 παρουσίαν
1764 760 1795 813 ό

210 832 378 899 αὐτὸς
422 831 493 909 ἥν
530 837 721 912 Σωτὴρ
761 840 830 894 δι’
877 836 954 897 ὧν
999 842 1204 919 ἔπραξε
1241 850 1336 903 καὶ
1360 848 1627 905 πέπονθεν
1652 851 1794 924 ὑπὲρ

206 925 305 982 τοῦ
368 927 479 985 τῶν
537 929 840 1004 ἀνθρώπων
897 934 1088 1005 γένους
1137 939 1238 1013 τὴν
1296 939 1449 1016 παρὰ
1496 942 1594 999 τοῦ
1655 941 1792 998 Θεοῦ

211 1020 489 1093 σωτηρίαν
510 1024 625 1087 τοῖς
646 1025 728 1089 είς
747 1024 911 1081 αὑτὸν
941 1029 1255 1086 πιστεύουσι
1277 1034 1575 1107 προξενῶν,
1598 1034 1730 1109 παρ’
1748 1028 1795 1106 ᾧ

209 1112 545 1187 καἎἾησοῦς
564 1113 881 1189 ὠνομάσθη,
917 1120 1061 1175 κατὰ
1078 1121 1180 1196 τὴν
1198 1123 1294 1180 τοῦ
1321 1125 1553 1197 ἀγγέλου
1588 1141 1794 1199 μαρτυ-

212 1205 356 1277 ρίαν.

715 1302 1115 1362 ΚΕΦΔΛΔῙΟΝ
1159 1306 1279 1365 31⁹:

283 1430 308 1469 s
340 1412 438 1478 Τίς
470 1408 624 1482 οὗτος
665 1417 695 1472 ό
727 1420 1168 1496 παραγενόμενος
1192 1422 1255 1492 ἐξ
1294 1423 1509 1498 Ἐδὼμ,
1539 1424 1791 1500 ἐρύθημα

207 1504 442 1579 δμαῑιίων
480 1507 548 1564 ἐκ
595 1509 800 1585 Βοσόρ;
836 1512 1009 1581 οὔτως
1049 1516 1250 1590 ὡραῖος
1295 1518 1355 1575 ἐν
1389 1519 1550 1595 στολῇ
1585 1520 1750 1577 αύτοῦ
1771 1540 1788 1556 ·

1895 585 2055 643 nibus
2089 601 2266 658 usque
2300 588 2368 644 ad
2417 595 2719 645 extremum
2753 596 2914 645 tcrrae
2943 587 3201 658 praedicta
3252 602 3447 647 annun.

1897 676 2015 733 tiat.
2051 677 2194 734 Olim
2224 678 2443 750 quidem
2486 679 2548 735 in
2588 678 2765 751 primo
2791 693 2890 735 suo
2928 677 3315 749 adventu-ipse
3343 677 3467 735 Sal-

1894 777 2073 837 vator,
2097 785 2197 842 per
2238 786 2301 829 ea
2328 786 2450 844 quae
2475 786 2574 842 pro
2605 771 2842 829 humano
2865 785 3072 842 genere
3101 768 3232 828 tecit
3262 779 3318 828 et
3339 784 3465 841 per-

1894 877 2081 934 pessus
2109 872 2214 931 est,
2246 879 2366 920 eam
2402 879 2522 935 quae
2546 879 2579 920 a
2609 864 2721 921 Deo
2750 872 2841 921 est
2886 864 3120 922 salutem
3154 863 3210 920 ln
3243 876 3306 921 se
3344 876 3465 919 cre·

1894 952 2147 1011 dentibus
2174 954 2519 1021 conciliabat,
2540 955 2685 1011 unde
2712 953 2870 1014 «lesus
2906 953 3212 1028 appellatus
3241 961 3348 1024 est,
3383 969 3467 1012 se-

1895 1044 2134 1102 cundum
2176 1043 2356 1117 angeli
2387 1043 2780 1102 testimonium.

2456 1306 2900 1368 capusum.
2955 1305 2962 1312 '

1963 1395 2134 1460 wis.
2159 1400 2215 1458 ¹⁸.
2249 1419 2272 1455 ι
2299 1399 2434 1470 Quis
2458 1403 2673 1460 est-iste
2695 1401 2790 1475 qui
2814 1400 3060 1462 venitm
3083 1401 3277 1468 Edon.
3301 1401 3470 1463 rubor

1892 1494 2344 1554 vestimentorum
2378 1494 2449 1554 de
2469 1495 2675 1553 Bosor?
2695 1495 2778 1554 sic
2803 1493 3075 1554 formosus
3095 1495 3152 1552 in
3170 1494 3309 1554 stola
3335 1509 3462 1563 aua,

208 1596 303 1670 βία
334 1599 473 1672 μετὰ
515 1600 718 1673 ἰσχύος,
764 1604 904 1675 Ἐγὼ
946 1606 1268 1683 διαλέγομαι
1304 1609 1654 1685 δικαιοσύνην
1696 1614 1791 1668 καὶ
1890 1589 2155 1646 violentia
2203 1602 2328 1645 cum
2355 1588 2706 1647 fortitudine.
2731 1587 2849 1664 Ego
2870 1589 3070 1662 loquor
3100 1587 3374 1660 justitiam
3414 1597 3473 1645 et

205 1687 708 1762 χρισινιωτηριου,
742 1710 762 1746 ‚
793 1694 1222 1767 Προωποποιεῑ-
1245 1701 1275 1754 ὁ
1303 1700 1790 1775 Minci-muesz<
1888 1678 2158 1752 judicium
2208 1679 2542 1740 Salutaris.»
2589 1679 3001 1755 interrogantes
3042 1679 3251 1740 inducit
3277 1694 3473 1753 perso·

203 1777 366 1833 τινῶν
400 1778 651 1852 δρώντων
676 1779 768 1836 τὸν
793 1780 1026 1856 Χριστὸν
1058 1788 1339 1861 πολεμικῷ
1373 1792 1614 1861 σχήματι
1658 1790 1792 1844 esu>-
1894 1786 1994 1828 nas
2025 1769 2288 1842 quasdam
2325 1769 2611 1831 Christum
2661 1773 2861 1832 bellico
2902 1772 3097 1831 habitu
3145 1778 3205 1829 et
3235 1778 3471 1830 cruento
3519 1851 3524 1856 θ

206 1867 472 1941 ρούμενον
501 1871 598 1924 καὶ
618 1870 716 1943 τὴν
748 1874 1039 1946 περιδολὴν
1067 1879 1387 1950 ᾑμαγμένον
1411 1898 1425 1911 ·
1449 1882 1510 1933 οῖ
1526 1880 1622 1938 χαι
1652 1880 1787 1951 πρὸς
1820 1842 1869 1903 Β
1897 1863 2099 1920 amictu
2144 1861 2389 1919 videntes
2417 1878 2432 1914 ι
2457 1878 2581 1934 quae
2626 1867 2893 1938 stupendo
2945 1868 3144 1925 vestitu
3178 1866 3469 1939 perculsae,

202 1957 463 2031 ἀλλήλους
487 1961 619 2030 φασὶ
641 1960 703 2014 τὸ
732 1960 881 2027 ξένον
899 1962 1001 2017 τοῦ
1017 1968 1299 2037 σχήματος
1322 1965 1753 2037 ἐκπληττόμενοι
1769 1983 1782 1998 ·

210 2065 230 2101 ι
270 2048 369 2113 Τίς
406 2042 559 2113 οὗτος
599 2051 629 2104 ό
676 2051 1121 2122 παραγενόμενος
1160 2050 1222 2116 ἐξ
1283 2051 1482 2123 Ἐδὼμ,
1534 2050 1790 2123 ἐρύθημα

204 2139 440 2211 ἱματίων
471 2143 534 2195 ἐκ
564 2140 771 2214 Βοσόρ;
821 2160 840 2193 ι
897 2141 1114 2214 Ἐπειδὴ
1158 2141 1269 2215 γὰρ
1304 2144 1339 2215 ὴ
1397 2139 1577 2213 Έδὼμ
1622 2142 1717 2195 καὶ
1755 2142 1788 2213 ἡ

203 2229 378 2303 Βοσὸρ
404 2230 505 2301 τῆς
542 2230 650 2286 τῶν
678 2231 990 2303 ἀλλοφύλων
1017 2231 1203 2306 χώρας
1231 2233 1328 2289 καὶ
1358 2232 1446 2287 ἀεὶ
1482 2231 1593 2287 τῶν
1634 2230 1791 2286 πολε-

208 2320 347 2393 μίων
386 2322 481 2376 τοῦ
531 2321 749 2396 Ἰσραὴλ
774 2325 1151 2397 τυγχάνουσιν,
1192 2325 1416 2391 εἰκότως
1456 2325 1547 2380 διὰ
1586 2323 1791 2380 τούτων

205 2410 316 2465 τῶν
345 2411 624 2483 ὀνομάτων
648 2413 747 2479 τὰς
776 2414 1159 2489 ἀντικειμένας
1185 2416 1448 2489 δυνάμεις
1469 2416 1786 2481 αἰνίττεται,

207 2501 305 2558 καὶ
339 2502 448 2557 τῶν
492 2505 877 2578 ἀνῃρημένων,
925 2508 1019 2563 καὶ
1050 2508 1293 2580 ὡσπερείΙ
1324 2508 1788 2580 κατεσφαγμένων

206 2589 297 2648 ὢν
338 2594 634 2668 ἱματισμὸν
676 2598 843 2652 αὑτοῦ
890 2615 1023 2671 φησι
1070 2600 1438 2671 πεφοινίσθαι.
1485 2599 1700 2676 Σφόδρα
1731 2601 1788 2655 δὲ

205 2684 368 2742 αὑτὸν
398 2686 606 2744 ἀλλοῖον
631 2690 868 2761 όρῶντες
901 2693 966 2746 ἐκ
1004 2692 1106 2765 τῆς
1135 2692 1277 2747 κατὰ
1306 2691 1418 2747 τῶν
1448 2693 1661 2749 άσεὸῶν
1705 2712 1789 2748 τι-

207 2777 441 2851 μωρίας,
467 2779 589 2836 οὐδὲ
608 2779 910 2855 ’γνωρίζειν
939 2783 1178 2840 ἐοίκασιν
1213 2785 1400 2853 αὐτὸν,
1436 2786 1660 2860 φαιδρὸν
1692 2787 1788 2843 καὶ

203 2870 437 2943 γαληνὸν
473 2873 570 2929 καὶ
607 2873 817 2947 ἥμερον
851 2873 1017 2932 αὐτὸν
1047 2876 1422 2948 ἐπιστάμενοι·
1457 2878 1539 2933 διὸ
1578 2878 1786 2934 πυνθά-

202 2978 384 3018 νονται
436 2961 722 3034 λέγοντεςς
763 2984 783 3019 ι
820 2967 917 3033 Τίς
947 2957 1103 3033 οὗτος
1166 2969 1195 3022 ὁ
1237 2970 1682 3043 παραγενόμενος
1726 2971 1787 3040 ἐξ

193 3052 414 3126 ;Ἐδὼμ,
433 3054 685 3128 ἐρύθημα
702 3056 929 3129 ἱματίων
945 3058 1009 3113 ἐκ
1020 3057 1219 3130 Βοσόρ;
1244 3076 1367 3112 ι-ι
1388 3059 1783 3134 ’Υπερμαχῶνο

204 3141 336 3216 γάρ,
366 3143 508 3198 κατὰ
537 3144 628 3200 τὸν
655 3145 975 3219 Σύμμαχον,
1007 3147 1116 3202 τῶν
1143 3148 1345 3216 ἀδίκως
1369 3150 1474 3204 ὑπὸ
1502 3149 1612 3205 τῶν
1641 3152 1791 3208 ἀντι-

203 3234 477 3308 κειμένων
508 3237 791 3311 δυνάμεων
837 3241 1362 3314 καταπονουμένων,
1394 3242 1522 3307 τοὺς
1568 3242 1668 3315 μὲν
1712 3245 1791 3312 ὡς

205 3327 436 3401 ἐχθροὺς
471 3331 805 3404 μετήρχετο,
836 3331 965 3397 τοὺς
994 3332 1051 3388 δὲ
1102 3333 1304 3399 ἔσωζεν
1344 3333 1646 3409 ἐλευθερῶν
1691 3339 1792 3411 τῆς

208 3419 315 3475 ὑπὸ
341 3422 454 3485 τοῖς
476 3422 692 3495 ἐχθροῖς
711 3424 1050 3489 δυναστείας.

191 3527 198 3557 ¹-
280 3529 302 3564 ι
335 3510 436 3566 Διὰ
464 3512 519 3566 τί
554 3531 645 3568 σου
687 3515 894 3588 ἐρυθρὰ
919 3515 987 3570 τά
1031 3516 1241 3589 ἱμάτια,
1275 3518 1371 3573 καίΙ
1410 3518 1482 3573 τά
1517 3518 1792 3593 ἐνδύματά

208 3622 305 3660 σου
334 3605 411 3670 ὡς
438 3606 546 3661 ἀπὸ
573 3607 812 3679 πατητοῦ
837 3607 1030 3681 ληνοῦ;
1064 3611 1284 3687 Πλήρης
1316 3611 1724 3685 πεπατημένης.
1763 3635 1786 3669 a

208 3696 354 3768 Ὅρα
385 3695 444 3751 δὲ
474 3696 595 3762 πῶς
623 3698 834 3771 εἴρηται
865 3699 1026 3772 ληνὸν
1054 3704 1431 3774 πεπατηκέναι
1462 3703 1786 3776 μονώτατος.

205 3786 376 3859 Μόνῳ
403 3788 511 3860 γάρ
538 3789 689 3862 αὐτῷ
713 3790 812 3861 τὴν
839 3791 1023 3858 κρίσιν
1044 3792 1275 3848 δέδωκεν
1300 3795 1330 3848 ό
1360 3794 1573 3868 Πατὴρ,
1606 3796 1707 3867 τὴν
1731 3793 1790 3849 δὲ

208 3878 321 3934 τῶν
357 3880 768 3955 ἁμαρτημάτων
795 3882 1061 3956 ἔκπραξιν
1086 3882 1247 3956 ληνὸν
1275 3883 1433 3941 εἴωθε
1467 3886 1650 3941 καλεῖν
1666 3902 1681 3916 ·
1706 3883 1791 3940 διδ

208 3974 273 4026 ὲν
315 3973 428 4037 τοῖς
464 3972 691 4047 Θρήνοις
756 3974 1025 4047 Ἱερεμίας
1068 3975 1240 4048 φησί·
1277 3994 1312 4033 ι.
1338 3976 1512 4048 Ληνδν
1550 3977 1790 4049 ἐπάτησε

208 4060 417 4133 Κύριος
455 4064 708 4136 παρθένῳ
750 4063 983 4136 θυγατρὶ
1034 4064 1238 4120 Ἰούδα·
1296 4064 1391 4119 ἐπὶ
1428 4065 1637 4131 τούτοις
1679 4065 1791 4136 ἐγὼ

209 4154 402 4208 κλαίω.
435 4173 455 4209 ι
487 4156 697 4228 Ὥσπερ
716 4155 772 4208 δὲ
800 4158 833 4227 ὴ
870 4156 964 4210 ἐπὶ
993 4156 1054 4210 τὸ
1085 4156 1217 4210 αὐτὸ
1237 4154 1348 4212 τῶν
1374 4157 1791 4230 ἀμαρτημάτων

210 4245 432 4318 εύθύνη,
466 4248 563 4302 καὶ
591 4250 620 4303 ὁ
647 4247 866 4319 ἔλεγχος
897 4248 985 4301 ἐπ’
1012 4248 1215 4315 αὐτοῖς,
1248 4247 1284 4320 ἦ
1318 4264 1378 4302 τε
1411 4247 1673 4321 ἔκπραξις
1696 4248 1792 4304 καὶ

211 4337 248 4409 ἡ
274 4338 515 4412 τιμωρία
540 4337 700 4410 ληνὸς
726 4338 1038 4411 ὠνόμασται
1058 4355 1074 4370 ·
1107 4338 1249 4393 οὕτω
1285 4340 1380 4394 καὶ
1417 4339 1529 4394 τῶν
1570 4340 1789 4409 ἀγαθῶν

209 4429 440 4503 καρπῶν
480 4431 544 4484 ἐκ
574 4430 675 4501 τῆς
712 4429 925 4501 ἀγαθῆς
966 4429 1213 4501 ἀμπέλου
1241 4429 1607 4503 τρυγωμένων
1639 4430 1802 4505 ληνοὶ·

1898 1954 1973 2009 ita
2001 1962 2188 2008 mutuo
2216 1954 2605 2023 colloquuntur
2638 1971 2651 2009 :
2691 1975 2711 2010 ι
2739 1957 2872 2023 Quis
2914 1968 3002 2015 est
3040 1960 3166 2029 iste,
3192 1960 3286 2032 qui
3319 1958 3471 2017 veuit

1899 2043 1965 2097 de
2001 2042 2194 2107 Edom‚
2243 2042 2412 2097 rubor
2448 2042 2892 2101 vestimentorum
2932 2061 2999 2104 ex
3048 2047 3259 2106 Bosori
3286 2049 3492 2105 issam.

1898 2122 2024 2205 quia
2054 2131 2224 2189 Edom
2269 2141 2327 2189 et
2362 2132 2536 2188 Bosor
2558 2133 2988 2208 alienigenarum
3012 2139 3262 2212 regiones
3290 2150 3476 2210 erant„

1898 2226 2086 2283 israeli
2124 2240 2341 2299 semper
2381 2223 2619 2294 insestae;
2655 2225 2745 2284 hls
2785 2226 3102 2286 nominibus
3128 2229 3470 2290 adversarias

1898 2325 2198 2388 potestates
2248 2325 2615 2389 congruenter
2666 2316 2877 2396 indicat
2898 2359 2914 2387 ,
2966 2335 3032 2378 ac
3084 2319 3478 2380 vestimentum

1898 2423 2056 2465 suum
2081 2423 2345 2466 caesorum
2376 2424 2442 2466 ac
2470 2410 2846 2484 iugulatorum
2874 2425 3070 2470 cruore
3096 2412 3250 2486 quasi
3274 2429 3469 2486 purpu-

1897 2510 2076 2556 ratum
2105 2513 2227 2558 esse
2255 2499 2412 2558 dicit.
2445 2500 2578 2558 Cum
2620 2512 2802 2560 autem
2843 2503 3020 2576 ipsum
3062 2519 3095 2562 a
3133 2515 3354 2579 sumpto
3401 2508 3470 2566 de

1895 2593 2077 2666 impiis
2111 2594 2375 2667 supplicio
2399 2594 2558 2652 valde
2590 2595 2934 2653 immutatum
2963 2606 3213 2667 cernant,
3246 2613 3318 2656 ue
3341 2600 3469 2671 qul-

1896 2686 2017 2742 dem
2034 2699 2195 2744 nosse
2217 2686 2490 2758 videntur,
2515 2701 2678 2759 quem
2702 2687 2905 2755 laetum.
2938 2687 3290 2763 tranquillum
3317 2704 3479 2748 mana

1894 2787 2219 2851 auctumque
2251 2793 2374 2837 esse
2408 2779 2659 2839 sciebant
2688 2796 2704 2834 ε
2737 2781 3090 2854 quamobrem
3115 2782 3467 2840 sciscitantur

1892 2870 1982 2930 bis
2007 2871 2189 2931 verbis
2213 2887 2228 2925 ε
2253 2890 2274 2926 ι
2302 2872 2434 2942 Quis
2468 2880 2553 2930 est
2572 2873 2675 2930 iste
2700 2874 2793 2945 qui
2825 2873 2974 2932 venit
2998 2875 3066 2932 de
3087 2873 3281 2944 Edem,
3297 2875 3465 2932 rubor

1895 2964 2341 3022 vestimentorum
2364 2965 2433 3022 de
2466 2965 2682 3023 Bosor?
2713 2983 2836 3020 ι-ι
2860 2963 3214 3038 Propuguaus
3240 2985 3261 3021 ι
3292 2967 3468 3033 enim,

1895 3057 2194 3114 secundum
2230 3058 2639 3131 Symmachum,
2665 3072 2763 3130 pro
2791 3057 2883 3125 iia,
2913 3058 3006 3130 qui
3037 3056 3106 3114 ab
3137 3057 3466 3114 adversaris

1893 3151 2253 3221 potestatibus
2297 3149 2699 3224 affligebantur,
2755 3150 2876 3207 illos
2917 3150 3136 3223 quidem
3187 3150 3465 3207 ut.hostes

1893 3238 2205 3308 invadebat,
2238 3239 2344 3299 bos
2371 3248 2556 3298 autem
2595 3241 2770 3299 salute
2802 3241 3062 3311 donabat,
3097 3239 3482 3304 antnimico„

1892 3347 2011 3389 rum
2039 3332 2280 3406 potentia
2318 3341 2556 3407 ereptos.

1966 3491 2131 3550 Vsus.
2154 3491 2217 3548 4Ξ.
2260 3510 2281 3546 ι
2301 3491 2483 3563 Quare
2510 3493 2681 3551 rubra
2714 3494 3041 3573 vestimenta
3065 3500 3177 3560 tua,
3213 3501 3271 3550 et
3301 3492 3470 3551 indu·

1892 3593 2076 3641 menta
2108 3595 2201 3642 tua
2249 3590 2408 3659 quasi
2452 3603 2483 3643 a
2530 3588 2737 3646 calcato
2772 3587 3077 3646 torculari!
3105 3585 3308 3645 Plenus
3332 3602 3464 3644 con-

1890 3676 2125 3738 culcata.
2153 3698 2175 3734 ι
2199 3679 2335 3738 Vide
2373 3682 2644 3754 quomodo
2674 3681 2821 3739 solus
2850 3678 3093 3737 torcular
3113 3678 3492 3737 conculcasse-0

1891 3775 2121 3833 dicatur.
2164 3774 2275 3849 Ipsi
2325 3787 2568 3846 namque
2611 3774 2715 3831 soli
2759 3774 3021 3846 judicium
3068 3776 3221 3837 dedit
3252 3779 3415 3836 Pater
3442 3793 3472 3834 r

1889 3877 2238 3941 peccatorum
2267 3881 2398 3925 vero
2425 3866 2687 3925 ultionem
2714 3868 2951 3925 torcular
2970 3870 3247 3943 appellare
3273 3872 3414 3931 solet
3443 3889 3462 3931 ι

1890 3976 2064 4044 quare
2095 3961 2150 4017 in
2185 3960 2421 4018 'threnis
2450 3959 2526 4016 ait
2548 3958 2854 4018 ieremias:
2887 3980 2909 4015 ι
2935 3961 3200 4021 Torcular
3232 3963 3464 4022 calcavit

1891 4054 2151 4110 Dominus
2171 4053 2368 4125 virgini
2400 4054 2526 4111 miae
2547 4053 2686 4111 iuda
2714 4072 2729 4110 ι
2753 4071 2918 4129 super
2951 4054 3039 4112 his
3059 4071 3159 4130 ego
3177 4056 3332 4131 ploro
3353 4055 3421 4116 ¹⁴.
3435 4075 3457 4111 ι
3481 4093 3492 4118 2

1890 4147 2359 4215 Quemadmodum
2411 4156 2591 4204 autem
2642 4147 2926 4204 confertim
2977 4148 3180 4205 habitae
3209 4157 3463 4220 peccato·

1890 4255 2008 4296 rum
2042 4254 2238 4313 poenae,
2276 4240 2604 4312 redargutio,
2626 4239 2760 4296 ultio
2809 4252 2866 4297 et
2895 4240 3218 4313 supplicium
3277 4250 3464 4298 torcu-

1888 4329 1972 4385 lar
1996 4341 2306 4399 vocantur;
2336 4329 2414 4386 ita
2442 4337 2498 4385 et
2526 4330 2791 4386 bonorum
2819 4330 3090 4386 l'ructuum
3118 4345 3187 4386 ex
3206 4330 3348 4386 bona
3378 4331 3462 4385 vi-

1889 4435 1993 4477 nea
2015 4420 2413 4492 decen-piorum,
2445 4419 2555 4476 Deo
2580 4419 2833 4475 amabilia
2858 4428 2914 4475 et
2939 4419 3134 4490 placita
3164 4418 3461 4477 torcularia

208 4519 473 4591 θεοφιλεῖς
522 4522 615 4576 καὶ
665 4520 784 4594 Θεῷ
826 4521 1056 4595 ἀρεσταὶ
1107 4521 1380 4592 γίνονται·
1427 4522 1515 4594 ἐφ’
1561 4518 1649 4589 αἷς
1693 4524 1790 4579 καὶ
1819 4549 1867 4607 D
1890 4520 2192 4585 parantur:
2219 4526 2321 4582 qua
2351 4512 2417 4567 de
2440 4524 2604 4568 causa
2634 4508 2818 4580 hymni
2848 4528 2867 4561 ι
2907 4511 3015 4566 Pro
3043 4509 3408 4569 torcularibus
3434 4530 3458 4565 a

213 4633 236 4666 ι
258 4611 558 4686 Ἐπιλήνιοι
600 4632 619 4665 ι
655 4613 813 4684 ὕμνοι
845 4614 1087 4685 εἴρηνται
1111 4614 1170 4668 ἐν
1198 4614 1312 4678 τοῖς
1334 4613 1603 4688 Ψαλμοῖς.
1633 4635 1652 4668 ι
1687 4615 1785 4670 Διά

203 4701 263 4756 τί
301 4719 396 4757 σου
436 4702 645 4776 ἐρυθρὰ
687 4702 756 4757 τὰ
789 4702 1000 4774 ἱμάτια,
1036 4703 1131 4757 καὶ
1172 4702 1244 4757 τὰ
1273 4703 1548 4777 ὲνδύματά
1581 4722 1676 4760 σου
1709 4704 1784 4770 ὡς

204 4792 319 4850 ἀπὸ
352 4794 591 4867 πατητοῦ
625 4794 821 4867 ληνούς
852 4794 1072 4868 Πλήρης
1106 4796 1511 4870 πεπατημένης.
1555 4815 1575 4851 ι
1607 4796 1786 4853 Μολύ-

204 4902 291 4945 vet
321 4885 382 4941 δὲ
416 4885 486 4941 τὰ
529 4886 799 4958 ἐνδύματα
835 4886 999 4941 αὐτοῦ
1019 4927 1034 4953 ,
1071 4886 1260 4961 ῶσπερ
1292 4888 1497 4962 ἐρυθρὰ
1530 4890 1783 4960 γενέσθαι

203 4976 349 5033 αὐτὰ
372 4977 585 5046 λέγεται
609 4977 1022 5050 προσωποποιίᾳ
1050 4979 1357 5051 ἐμφατικῇ·
1384 4979 1573 5055 ὥσπερ
1603 4982 1696 5035 καὶ
1719 4980 1783 5035 τὸ

204 5063 350 5140 αἷμα
378 5066 489 5122 τῶν
520 5066 751 5140 ἐχθρῶν,
785 5068 913 5140 περὶ
941 5059 1002 5120 οὗ
1050 5083 1181 5139 φησι
1200 5084 1214 5098 ·
1266 5088 1285 5121 ι
1330 5070 1441 5124 Καὶ
1471 5072 1780 5143 κατήγαγον

202 5157 270 5212 τὸ
306 5150 448 5230 αἷμα
485 5155 666 5211 αὐτῶν
699 5157 779 5220 είς
798 5156 921 5228 γῆν.
960 5173 979 5207 ι
1008 5155 1082 5208 oo
1110 5156 1217 5226 γὰρ
1245 5157 1310 5229 δὴ
1357 5157 1611 5230 αἰσθητὸν
1644 5155 1781 5234 αἷμα

202 5250 428 5324 νοητέον
467 5244 607 5303 εἶναι
642 5248 771 5321 περὶ
799 5247 898 5312 τὰς
925 5248 1306 5319 ἀντικειμένας
1330 5249 1610 5323 δυνάμεις.

282 5359 305 5394 ι
351 5342 463 5396 Kal
500 5341 609 5395 τῶν
639 5340 810 5395 ἐθνῶν
832 5341 934 5394 οὐκ
967 5338 1111 5393 ἔστιν
1142 5339 1281 5413 ἀνὴρ
1318 5343 1436 5413 μετ’
1473 5341 1629 5414 ἐμοῦ.
1671 5346 1783 5399 Καὶ

200 5433 565 5506 κατεπάτησα
591 5433 790 5496 αὐτοὺς
814 5433 870 5485 ἐν
898 5428 1054 5503 θυμῷ
1085 5446 1209 5502 μου,
1236 5433 1331 5485 καὶ
1354 5433 1658 5488 κατέθλασα
1686 5437 1784 5490 αύ-

200 5525 335 5591 «robe
358 5525 436 5590 ὡς
451 5526 575 5597 γῆν,
600 5525 696 5580 καὶΙ
722 5525 1030 5597 κατήγαγον
1057 5524 1119 5578 τὸ
1151 5518 1288 5597 αἷμα
1304 5525 1482 5580 αὐτῶν
1500 5528 1580 5592 εἰς
1599 5528 1722 5600 γῆν.
1749 5549 1768 5582 ι

216 5616 441 5689 Ἐπειδὴ
471 5616 581 5690 γάρ
608 5616 826 5672 ἐδόκουν
856 5615 918 5671 τὸ
947 5614 1208 5690 πρότερον
1239 5615 1601 5684 ἀνυπότακτοί
1634 5638 1776 5689 τινες

281 5793 331 5829 ¹⁸
360 5792 629 5862 Thremt,
669 5798 744 5860 ιδ,
784 5795 856 5845 16.

1890 4603 2145 4659 dicuntur
2188 4604 2243 4659 in
2291 4601 2545 4659 Psalmis.
2573 4619 2593 4655 ι
2622 4602 2801 4669 Quare
2831 4601 2994 4657 rubra
3033 4600 3376 4669 vestimenta,
3406 4611 3494 4669 et,

1888 4696 2205 4755 indumenta
2257 4706 2346 4753 tua
2398 4696 2553 4769 quasi
2597 4712 2626 4752 a
2673 4695 2885 4754 calcato
2934 4694 3231 4752 torculari?
3261 4694 3476 4759 Plenus.

1887 4788 2222 4846 conculcata.
2250 4809 2271 4843 ι
2314 4789 2657 4848 Vestimenta
2685 4805 2850 4861 porro
2872 4777 3138 4858 inquinat,
3172 4788 3248 4844 ita
3273 4799 3332 4844 ut
3357 4805 3453 4843 rn-

1887 4883 2019 4939 bore
2071 4882 2366 4956 tingantur,
2424 4898 2783 4956 prosopopoea
2832 4898 2964 4942 usus
3018 4883 3339 4951 aptissima3
3397 4891 3457 4937 ut

1886 4975 2054 5031 etiam
2109 4989 2229 5030 cum
2262 4975 2332 5032 de
2382 4976 2648 5048 sanguine
2686 4977 3032 5036 inimicorum
3063 4978 3138 5035 ita
3168 4976 3450 5048 loquitur:

1890 5083 1913 5119 ι
1941 5064 2009 5120 Et
2037 5064 2236 5123 deduxi
2272 5070 2593 5138 sanguinem
2634 5083 2829 5126 eorum
2861 5069 2915 5125 in
2961 5079 3182 5127 terram.
3212 5088 3231 5122 ι
3266 5066 3454 5137 Neque

1884 5158 2027 5213 enim
2072 5158 2126 5214 in
2172 5158 2500 5216 adversariis
2554 5160 2915 5232 potestatibus
2966 5161 3282 5234 sanguinem
3332 5172 3457 5214 esse

1883 5253 2228 5324 cogitandum
2253 5262 2357 5310 est.

1955 5345 2119 5402 Vens.
2149 5345 2202 5401 3.
2244 5364 2264 5400 ι
2292 5346 2360 5403 Et
2387 5346 2453 5403 de
2484 5345 2733 5415 gentibus
2765 5361 2873 5403 non
2906 5355 2989 5403 est
3021 5346 3105 5403 vir
3126 5357 3358 5404 mecum.
3390 5342 3455 5399 Et

1884 5436 2195 5494 conculcavi
2238 5451 2334 5493 eos
2385 5437 2439 5493 in
2492 5438 2677 5495 surore
2717 5453 2856 5502 meo,
2884 5447 2940 5494 et
2977 5436 3214 5509 confregi
3261 5449 3360 5491 eos
3397 5434 3463 5494 in.

1886 5537 2110 5595 terram,
2137 5536 2193 5586 et
2240 5529 2441 5587 deduxi
2477 5531 2796 5602 sanguinem
2849 5544 3035 5587 eorum
3073 5528 3128 5584 ln
3170 5536 3390 5584 terrani.
3426 5544 3472 5584 s.

1886 5621 2020 5680 Nam
2063 5621 2188 5694 quia
2242 5620 2391 5694 priua
2449 5637 2554 5680 non
2601 5622 2792 5681 domiti
2840 5635 2982 5690 esse,
3016 5632 3117 5676 nec
3158 5617 3476 5679 victoriam:
