3692 6134
326 351 419 409 60¹1
1031 350 1298 409 Eusssssu
1333 350 1806 409 CAESARIENSIS
1841 350 1995 408 OPP.
2034 348 2217 405 PARS
2255 347 2420 405 W.-
2455 344 2880 405 noGMATICA.
3473 349 3582 407 ⁶⁰8

408 710 1264 895 EUSEBII
1326 706 2052 893 OPERA
2105 702 3470 891 DOGMATICA.

1246 1184 1452 1314 DE
1537 1180 2615 1312 THEOPHANIA.

1051 1419 1278 1493 (Angelo
1311 1420 1440 1490 Mu,
1475 1418 1803 1475 Bibliotheca
1839 1435 1972 1475 nova
2006 1418 2253 1487 Petrum,
2294 1417 2385 1487 W,
2425 1420 2530 1476 110
2566 1432 2621 1476 et
2658 1420 2809 1492 5104

1629 1721 2257 1817 MONITUM.

390 1946 546 2005 inter
588 1954 782 2003 coetera
822 1941 1035 2002 Eusebii
1066 1941 1409 1998 Coesariensis
1441 1957 1601 2013 opera
1639 1942 1791 1998 divus
1828 1940 2203 2014 Hieronymus,
2234 1946 2315 2002 De
2346 1946 2478 2001 viris
2517 1946 2593 2001 ili.
2627 1963 2742 2016 cap.
2768 1947 2857 2015 81,
2887 1948 3054 2004 libros
3094 1951 3325 2022 quinque
3359 1953 3561 2023 Θεοφα-

316 2038 501 2110 νεζας,
544 2039 604 2095 id
641 2046 722 2095 est
771 2037 847 2092 Do
884 2037 974 2091 Dei
1025 2032 1494 2099 manifestatione,
1536 2034 1924 2099 nominaverat.
1951 2032 2086 2089 Item
2130 2035 2297 2107 Syrus
2344 2035 2633 2094 Ebediesus
2680 2039 2733 2094 in
2775 2049 3048 2095 auctorum
3093 2045 3359 2114 catalogo,
3406 2062 3562 2114 quem

319 2130 646 2190 Schellensis
674 2132 867 2204 priano,
895 2129 1084 2185 deinde
1109 2128 1428 2184 Assemanus
1463 2128 1772 2196 ediderunt,
1816 2129 1956 2183 idem
1995 2126 2209 2185 Eusebii
2239 2146 2368 2201 opus
2400 2143 2891 2188 commemoraverat
2926 2134 2991 2188 de
3034 2130 3226 2190 Groeca
3255 2137 3325 2191 ad
3358 2137 3560 2208 Syria·

313 2239 431 2280 eam
480 2225 719 2296 lnquam
756 2221 1094 2277 translatum.
1141 2218 1316 2276 Graeci
1354 2220 1630 2291 oriqinalis
1667 2220 1927 2290 deperditi
1972 2221 2153 2290 viqinti
2193 2240 2286 2293 eqo
2326 2222 2622 2293 {raqmenta
2659 2225 2716 2279 in
2757 2222 3027 2281 Vaticanis
3066 2226 3335 2283 codicibus
3374 2230 3566 2284 obser-

316 2324 457 2379 vata,
481 2316 620 2371 inter
642 2311 868 2371 'Veleoes
894 2329 1031 2367 meos
1061 2312 1363 2380 Scriptores
1390 2319 1429 2364 t.
1455 2309 1507 2376 1,
1531 2311 1615 2365 ed.
1643 2328 1770 2377 sec„
1796 2327 1935 2366 anno
1958 2311 2115 2377 1851,
2139 2322 2187 2366 et
2217 2323 2257 2367 t.
2297 2311 2461 2377 VIII,
2488 2331 2578 2369 an.
2603 2315 2760 2383 ¹835,
2784 2316 3196 2387 divulqaveram.
3221 2321 3360 2376 Ecce
3387 2333 3565 2377 autem

316 2406 672 2480 gignificaiam
703 2405 851 2462 nobis
885 2406 948 2459 ab
979 2405 1239 2459 Ebediesu
1275 2403 1557 2475 Syriacam
1598 2403 1886 2460 Eusebiani
1922 2406 2091 2474 operis
2131 2406 2555 2472 translationem,
2602 2407 2707 2461 duo
2738 2410 2973 2478 perdocti
3002 2421 3050 2465 et
3091 2412 3324 2469 illustres
3372 2426 3570 2472 nostrae

315 2499 490 2560 atatis
527 2498 685 2569 Anqii
715 2513 744 2554 e
774 2498 995 2552 tenebris
1040 2497 1262 2566 denique
1288 2505 1558 2565 eruerunt,
1585 2495 1838 2551 Tatamus
1869 2506 2023 2568 atque
2067 2495 2238 2562 Leus5
2270 2513 2493 2568 quorum
2534 2498 2626 2553 ille
2673 2514 2738 2553 ex
2774 2498 3095 2571 AE'qyptiaco
3143 2504 3197 2560 in
3228 2505 3414 2562 Nitria
3452 2527 3570 2563 mo-

314 2591 548 2648 nasterio
586 2588 826 2647 Scetensi
860 2586 1091 2641 codicem
1132 2602 1270 2640 anno
1301 2586 1437 2643 1839
1481 2587 1537 2641 in
1570 2586 1812 2657 Angliam
1853 2587 2076 2652 detulit,·
2116 2586 2251 2641 alter
2290 2596 2465 2641 autem
2513 2586 2793 2657 Syriacum
2830 2590 2969 2645 hunc
3009 2602 3214 2649 textum-
3243 2614 3386 2652 enno
3423 2600 3573 2655 1842

316 2679 583 2749 Londini,
619 2685 669 2732 et
717 2685 962 2748 “queue
1007 2691 1147 2730 anno
1187 2674 1465 2746 Anglicam
1507 2676 1741 2746 ejusdem
1792 2676 2281 2745 interpretationem
2340 2675 2699 2749 Cantabriqioe
2739 2697 2855 2735 cum
2909 2684 3131 2741 eruditis
3177 2688 3569 2758 prolegomenis

317 2774 635 2845 scholiisque
668 2770 952 2844 impressit.
973 2769 1044 2826 Et
1078 2770 1335 2841 Syriacus
1363 2772 1570 2842 quidem
1603 2780 1773 2825 textus
1808 2772 2047 2825 nondum
2068 2772 2138 2825 ad
2173 2787 2277 2839 me,
2316 2775 2456 2843 quod
2484 2774 2657 2841 doleo,
2698 2777 2959 2846 pervenit3
2995 2796 3110 2835 cum
3148 2791 3323 2837 tannen
3365 2786 3569 2855 Anyti-

317 2885 437 2928 cum
474 2867 742 2924 desinente
778 2879 920 2920 anno
951 2861 1093 2921 1846
1117 2863 1393 2919 commode
1417 2864 1625 2918 demum
1671 2875 1855 2916 nactus
1893 2862 2109 2933 fuerim,
2147 2880 2362 2935 eumque
2411 2867 2644 2922 studiose
2682 2867 2913 2938 leqerim,
2957 2870 3131 2924 statim
3171 2879 3386 2942 cognovi
3424 2879 3557 2944 [ra-

318 2973 527 3037 amente
556 2960 744 3021 Groeca
772 2976 890 3033 quoe
922 2976 1016 3031 eqo
1039 2958 1235 3015 multos
1264 2968 1386 3015 ante
1411 2975 1581 3015 annos
1606 2959 1898 3026 edideram,
1934 2975 2115 3029 reapse
2145 2961 2213 3014 ad
2242 2959 2460 3016 Eusebii
2490 2961 2908 3032 Theoplnaniam‚
2936 2974 3083 3032 prout
3117 2965 3349 3030 ipsorum
3386 2970 3538 3025 tituli

319 3061 577 3130 ferebant,
612 3058 869 3131 pertinere
898 3038 1045 3129 (nam
1073 3055 1240 3111 sicubi
1273 3055 1475 3111 codices
1500 3055 1605 3110 mei
1633 3070 1751 3108 cum
1787 3053 2011 3126 Syriaco
2041 3072 2144 3110 non
2170 3056 2301 3111 satis
2331 3067 2652 3127 conqruunt,
2691 3059 2745 3113 id
2785 3058 2890 3114 suis
2916 3058 3037 3114 locis
3066 3070 3243 3128 postea
3277 3062 3531 3137 dicetur).

321 3154 431 3220 Sed
462 3163 512 3211 et
556 3155 769 3226 insuper
801 3152 1062 3223 comperi,
1095 3150 1391 3221 fragmenta
1432 3149 1574 3220 aiio,
1610 3165 1704 3205 nec
1732 3150 1908 3206 breuia
1950 3167 2041 3205 nec
2077 3151 2415 3221 paenitenda,
2445 3167 2562 3222 quae
2594 3168 2687 3221 eqo
2725 3154 2778 3208 in
2838 3151 3096 3209 Vaticanis
3137 3162 3439 3210 catenarum
3464 3159 3537 3211 ad

322 3250 522 3308 Lucam
563 3249 832 3306 codicibus
870 3249 969 3304 sub.
1011 3246 1230 3311 Eusebii
1271 3255 1476 3301 tantum
1528 3245 1736 3300 nomine
1780 3261 2120 3314 aspexeram,
2163 3246 2383 3317 ideoque
2426 3255 2677 3316 tanquam
2719 3247 3006 3303 Eusebiani
3043 3248 3114 3303 ud
3163 3245 3359 3303 bucam
3406 3266 3556 3304 com-

320 3344 567 3401 mentarii
604 3352 866 3415 segmenta
898 3344 957 3397 in
993 3342 1242 3411 proedicto
1272 3340 1473 3412 Script.
1494 3348 1605 3396 vot.
1635 3349 1777 3396 tomo
1807 3341 1977 3411 primo
2009 3350 2371 3408 attexueramg
2395 3342 2648 3411 comperi,
2685 3345 2925 3412 inquam,
2966 3344 3078 3399 lioec
3118 3360 3319 3416 quoque
3362 3348 3562 3415 partim

320 3456 386 3496 esc
413 3439 759 3511 Theophanis
804 3438 968 3509 [uisse
1006 3438 1261 3505 detracta,
1296 3437 1353 3492 id
1391 3437 1531 3507 quod
1575 3434 1824 3507 Syriacus
1877 3447 2050 3494 textus
2089 3436 2168 3493 vel
2215 3436 2386 3509 potius
2433 3435 2755 3507 Anqlicanus
2799 3453 2880 3493 me
2932 3438 3106 3494 docet.
3146 3437 3280 3505 Quoe
3312 3456 3392 3494 res
3439 3457 3562 3494 cum

322 3550 404 3589 ms
435 3549 748 3606 magnopere
789 3533 1179 3604 delectaoisset,
1213 3532 1459 3587 constitui
1503 3532 1746 3601 protinus
1788 3530 1975 3587 Groeca
2019 3532 2200 3589 omnia
2232 3530 2599 3603 'theophaniae
2640 3548 2673 3587 a
2710 3548 2792 3588 me
2830 3534 2956 3588 olim
3015 3534 3217 3591 detecta
3265 3535 3561 3606 [rnamenta

321 3642 460 3683 nunc
499 3642 832 3698 conpreqare,
864 3624 1053 3680 latina
1082 3627 1237 3681 etiam
1269 3625 1463 3696 facere,
1490 3635 1645 3696 atque
1678 3633 1734 3678 ut
1767 3625 2014 3679 monebat
2051 3624 2287 3695 impressi
2315 3623 2535 3696 Anqlice
2578 3625 2748 3696 operis
2777 3626 2970 3692 series,
3013 3625 3144 3681 locis
3176 3629 3415 3699 quodque
3447 3630 3560 3683 suis

319 3721 596 3779 collocare.
621 3720 760 3776 Nam
801 3718 1174 3776 Vaticanarum
1211 3728 1514 3775 catenarum
1544 3728 1785 3776 auctores
1815 3715 2032 3774 Eusebia·
2069 3718 2471 3788 Theophaniam
2501 3728 2649 3773 extra
2698 3718 2817 3773 libri
2862 3720 3099 3775 ordinem
3124 3735 3223 3789 pro
3261 3736 3359 3774 suo
3403 3722 3556 3776 libito

319 3822 707 3883 excerpserant,
740 3814 816 3867 vel
856 3815 1027 3884 potius
1060 3822 1213 3882 prout
1256 3810 1587 3881 evangelicae,
1623 3827 1779 3882 quam
1823 3811 1925 3879 ipsi
1967 3811 2334 3882 sequebantur,
2367 3809 2600 3865 historiar
2640 3826 2824 3866 cursus
2867 3810 3129 3881 poscebat.
3164 3810 3426 3881 Exemplo
3485 3816 3559 3870 sit

322 3906 560 3961 narratio
587 3905 651 3959 de
677 3905 874 3959 Christi
905 3905 1119 3959 Domini
1150 3912 1340 3970 morte,
1376 3918 1534 3973 quam
1567 3900 1824 3956 Eusebius
1846 3901 1994 3971 {libro
2041 3902 2196 3956 tertio
2230 3899 2399 3954 medio
2441 3903 2651 3970 scribit,
2693 3902 2909 3959 Nicetas
2949 3910 3155 3966 autem,
3202 3903 3421 3975 uniusge
3465 3925 3558 3963 ca-

321 3998 460 4052 tenis
505 4007 714 4061 auctor,
760 3997 855 4051 sub
889 3997 1046 4067 finem
1082 4012 1192 4051 suoe
1241 3994 1625 4050 lucubrationis
1652 4003 1709 4048 ut
1752 4009 1851 4062 par
1893 4002 2009 4049 erat
2039 3992 2246 4063 posuit,
2290 4008 2469 4064 nempe
2501 3996 2556 4050 in
2598 3998 2793 4066 pagina
2834 3994 3030 4049 codicis
3075 3997 3437 4050 trecentesima
3472 4016 3557 4055 se-

320 4093 514 4162 ptima,
555 4104 672 4160 quoe
707 4104 738 4140 a
774 4088 879 4159 fine
909 4089 991 4143 sui
1030 4086 1307 4144 voluminis
1348 4101 1535 4157 parum
1570 4085 1734 4139 abest.
1783 4080 1985 4140 Nicetoe
2018 4084 2247 4140 codicem
2300 4086 2417 4143 Vat.
2449 4087 2579 4143 1611
2624 4088 2799 4141 littera
2826 4085 2873 4141 A
2910 4086 3138 4157 desiqno.
3163 4083 3401 4141 Macarii
3434 4105 3553 4144 vero

320 4182 761 4257 Chrysoeepltali,
805 4183 1022 4237 diversoe
1072 4191 1269 4235 catenoe
1320 4180 1584 4247 auctoris,
1627 4179 1717 4249 qui
1759 4178 1886 4233 item
1925 4178 2329 4250 'theophaniam
2369 4180 2681 4236 nominatim
2736 4179 3024 4249 aliquando
3054 4177 3281 4247 expilat,
3317 4181 3555 4236 codicem

332 4273 453 4331 Vat.
491 4272 633 4331 1610
662 4274 849 4330 denoto
884 4272 1062 4327 littera
1103 4271 1165 4329 E.
1191 4270 1339 4327 Alias
1381 4272 1587 4327 demum
1619 4279 1830 4325 catenas
1868 4270 2022 4336 duas,
2064 4268 2182 4325 Vat.
2225 4268 2345 4326 Pal.
2379 4269 2501 4327 ναι.
2538 4271 2607 4325 20
2639 4279 2688 4325 et
2721 4271 2899 4327 Ottob.
2937 4268 3059 4324 Vat.
3099 4268 3224 4335 100,
3256 4286 3375 4339 quoe
3416 4273 3551 4327 milii

320 4367 608 4440 symbolam
644 4367 1055 4438 fragmentorum
1089 4365 1272 4421 horum
1306 4365 1664 4434 contulerunt,
1695 4365 1884 4420 litteris
1915 4365 1956 4420 B
1980 4374 2029 4420 rt
2053 4363 2096 4421 1.
2122 4367 2441 4422 demonstro.
2486 4366 2709 4422 Unicum
2756 4366 2977 4436 denique
3018 4366 3244 4435 primum
3285 4364 3558 4435 fragmen-

321 4474 433 4523 tum
469 4479 536 4519 ex
559 4464 714 4519 codd.
753 4462 1137 4518 Mediolanensi
1169 4474 1218 4517 et
1261 4461 1539 4518 Parisiaco
1570 4462 1727 4517 simul
1765 4463 1961 4535 adfuit.
2001 4462 2155 4520 Hanc
2184 4463 2357 4535 itaque
2392 4463 2694 4520 Groecorum
2740 4462 3087 4532 Theoplianioe
3130 4460 3555 4532 [momentorum

323 4559 674 4629 tempestivam
699 4559 874 4614 liercle
908 4559 1188 4615 editionem
1224 4575 1362 4613 nunc
1382 4574 1538 4626 curo,
1568 4568 1678 4613 tum
1715 4570 1775 4613 ut
1806 4557 2025 4613 Eusebii
2053 4560 2282 4614 nativum
2310 4568 2531 4625 textum,
2564 4570 2819 4627 quantum
2859 4559 2944 4629 [as
2970 4562 3070 4622 est,
3116 4562 3181 4613 ab
3212 4560 3428 4614 interitu
3468 4575 3558 4615 re·

322 4664 492 4708 vocem
504 4666 525 4715 ,·
547 4660 661 4706 tum
686 4660 741 4705 ut
780 4648 945 4721 Syrus
981 4651 1238 4720 interpres
1279 4648 1458 4722 sicubi}
1483 4659 1704 4705 mentem
1735 4650 1972 4705 auctoris
2009 4666 2114 4705 non
2143 4657 2221 4704 est
2258 4658 2528 4706 assecutus
2560 4649 2717 4719 (quod
2744 4650 2793 4705 ei
2833 4651 3115 4707 identidem
3156 4650 3412 4705 accidisse
3437 4650 3558 4706 sine

292 4737 485 4798 ,dubio
529 4739 1044 4812 animadvertimus),
1093 4739 1394 4796 authentico
1436 4738 1745 4794 documento
1789 4738 2111 4793 emendetur.
2150 4736 2266 4794 Nec
2310 4754 2437 4793 sane
2483 4738 2663 4793 dubito
2708 4738 2837 4810 quin
2887 4739 3108 4810 opellam
3151 4755 3318 4794 meam
3368 4740 3448 4795 vir
3479 4741 3555 4795 cl·

282 4830 289 4838 ’
324 4834 462 4890 Leus
491 4833 613 4890 boni
641 4836 908 4905 consulat,
949 4851 1130 4907 meque
1169 4836 1219 4891 ei
1254 4849 1568 4905 maqnopere
1613 4834 1807 4905 favere,
1846 4842 2047 4888 certum
2087 4832 2295 4888 lrabeat.
2333 4832 2465 4889 IIoec
2504 4834 2748 4900 interim3
2785 4849 3008 4905 namque
3051 4845 3099 4891 et
3145 4834 3275 4889 alios
3313 4844 3427 4888 tum
3457 4836 3557 4890 abs

293 4923 454 4990 «Leo,
504 4934 615 4980 tum
657 4929 723 4982 ab
758 4927 990 4998 ejusdem
1041 4926 1226 5000 qlorioe
1263 4928 1405 4982 socio
1446 4926 1515 4984 cl.
1555 4925 1646 4983 W.
1684 4925 1966 4993 Curetono,
2001 4942 2181 4981 sacros
2222 4935 2499 4996 auctores,
2540 4928 2828 4998 praesertim
2880 4943 3125 4999 magnum
3160 4927 3556 4993 Athanasium,

325 5018 578 5090 cyrillum
622 5032 778 5090 atque
823 5023 1641 5098 Ephroemium„ea:spectamus,·
1667 5039 1797 5097 quos
1825 5039 1964 5080 nunc
2009 5023 2220 5096 quidem
2256 5024 2464 5096 cupidis
2510 5026 2997 5098 votis-expetimuu
3028 5024 3205 5081 statim
3248 5040 3307 5077 ac
3339 5039 3459 5081 uero
3497 5025 3559 5080 in

326 5122 653 5185 conspectum
688 5116 941 5186 venerint,
969 5119 1411 5175 exosculabimur.
