3692 6134
394 323 495 384 ³83

1022 321 1290 380 Eusssutt
1328 315 1806 377 CAESAmENSts
1844 314 1995 374 ΟΡΡ.
2037 311 2217 370 PARS
2253 311 2343 370 lv.
2384 344 2455 354 —
2492 311 2919 371 nonnanes.

3573 318 3671 377 est

392 449 662 510 invisibile
687 455 712 510 r
778 449 870 515 rit,
897 458 948 505 et
979 462 1091 518 prae
1117 445 1365 503 doctrina
1405 443 1646 513 qualibet
1676 456 1804 496 vere
1853 439 1956 495 mi·
1983 444 2031 502 Α
2063 453 2222 510 μενος
2244 437 2341 509 μὲν
2373 437 2432 489 ὲν
2452 437 2649 508 ἀρχαῖς
2684 434 2894 509 ἀφανὴς
2914 432 3004 509 ἦν,
3036 438 3140 491 καὶ
3180 435 3425 493 πάντων
3447 439 3526 504 ὡς
3555 442 3671 513 ἀλῃ-

389 545 594 601 nimum
632 417 1289 694 etgontemptissimum.
1341 535 1546 593 Deinde
1580 547 1710 590 vero
1740 541 1955 587 tantum

385 639 531 707 cepit
566 639 684 694 incr
777 642 986 699 entutn,
1006 640 1067 689 ut
1091 632 1405 686 universum
1429 631 1618 684 orbem
1641 622 1955 696 repleverit.

384 725 512 784 Fuit
535 742 666 800 ergo
711 739 904 783 revera
952 737 1049 794 per
1094 728 1320 777 cunctas
1369 726 1562 789 gentes
1613 729 1803 773 semen
1851 713 1957 771 hoc

383 820 559 891 majus
609 832 775 893 quam
827 815 1141 889 Graecorum
1190 821 1244 869 et
1272 810 1627 868 barbarorum
1661 807 1953 879 sapientia,

379 923 541 978 quam
576 909 861 966 Matthaeus
888 904 1131 962 oleribus
1167 898 1529 974 comparavit,
1577 895 1951 954 infirmitatem

378 1000 454 1055 ita
496 1009 552 1056 et
596 997 1116 1067 corruptibilitatem
1159 994 1519 1051 humanarum
1574 989 1948 1047 doctrinarum

372 1090 707 1162 significans.
736 1087 986 1158 Namque
1032 1094 1087 1142 et
1125 1083 1269 1156 apud
1304 1079 1600 1154 propbetas
1645 1081 1848 1138 dictum
1880 1079 1951 1137 de

371 1185 505 1255 ipsis
552 1194 688 1242 est:
745 1179 1023 1251 Ταιιᾳιιαηι
1072 1179 1253 1249 [ertum
1304 1178 1548 1235 velociter
1598 1183 1861 1241 arescent,
1898 1185 1948 1229 et

365 1275 806 1346 quemadmodum
833 1273 981 1329 olera
1008 1273 1291 1329 herbarum
1341 1272 1448 1326 cito
1472 1268 1714 1324 decident
1739 1266 1809 1320 ⁸⁸.
1836 1265 1950 1321 Hu-

364 1365 661 1434 iuscemodi
684 1373 814 1420 sunt
859 1361 1227 1436 sophistarum
1258 1375 1322 1416 ac
1347 1358 1797 1431 philosophorum
1828 1356 1931 1412 de·

365 1458 563 1514 ctrina}
596 1456 1027 1527 disciplinaeque.
1050 1469 1170 1526 quoe
1216 1450 1532 1522 aliquandiu
1577 1448 1937 1510 herbescunt,

362 1550 629 1619 brevique
671 1556 919 1619 tempore
967 1545 1187 1608 florent,
1227 1543 1326 1600 sed
1377 1556 1483 1599 non
1511 1540 1603 1596 diu
1634 1548 1758 1612 post
1785 1539 1941 1596 exci-

363 1644 498 1698 dunt
531 1655 628 1712 per
650 1656 710 1697 se
730 1642 865 1714 ipsae
888 1647 1198 1709 corruptae:
1230 1637 1303 1692 ita
1332 1644 1391 1692 ut
1416 1632 1551 1691 alibi
1600 1632 1732 1690 feno
1779 1642 1945 1690 tecto-

361 1747 486 1792 rum
508 1742 787 1803 comparet
832 1745 927 1787 eas
947 1730 1117 1787 David
1145 1730 1212 1795 ⁸⁸,
1242 1726 1410 1800 quod,
1439 1726 1759 1797 priusquam
1787 1723 1942 1781 evel-

359 1822 528 1888 latur,
549 1821 663 1894 jam
689 1822 922 1878 exaruit.

427 1911 569 1970 Sunt
630 1911 749 1969 istae
797 1912 965 1984 igitur
1022 1908 1349 1981 sapientium
1404 1905 1566 1978 hujus
1605 1903 1789 1962 saeculi
1835 1903 1935 1961 do·

369 2005 588 2073 stt-iun,
620 2005 851 2062 inlirmae
894 2004 1145 2060 nimirum
1197 2011 1255 2058 et
1299 2001 1584 2065 oleraceae,
1621 1998 1747 2056 feno
1776 1997 1935 2055 flore·

353 2095 528 2153 scentl
574 2096 806 2152 similes.
838 2095 1007 2153 Secus
1028 2108 1160 2150 vero
1192 2094 1435 2150 omnium
1463 2092 1746 2148 minimum
1776 2101 1834 2146 et
1863 2099 1937 2147 te·

353 2187 679 2247 nuissimum
716 2190 861 2245 inter
885 2188 1119 2254 semina,
1168 2187 1322 2257 regni
1367 2186 1630 2241 nimirum
1664 2185 1929 2240 coelornm

350 2279 725 2352 evangelicum
759 2280 1007 2345 verbum,
1055 2294 1181 2335 acre
1231 2278 1598 2349 mordensque
1641 2277 1810 2332 veluti
1855 2275 1934 2332 si-

352 2373 506 2444 napi,
536 2371 681 2443 quod
710 2382 888 2427 tamen
933 2371 1091 2443 longe
1131 2370 1397 2434 excrevit,
1439 2379 1496 2426 et
1550 2369 1806 2425 humanae
1835 2384 1927 2424 sa·

349 2463 572 2533 pientiae
598 2462 854 2534 superius
889 2463 1094 2518 evasit:
1133 2470 1295 2531 atque
1337 2460 1394 2516 in
1439 2461 1610 2517 altum
1649 2460 1927 2516 sublatum

347 2551 531 2608 omnia
576 2550 695 2607 loca
734 2550 1045 2621 occupavit,
1097 2551 1171 2605 ita
1208 2561 1269 2606 ut
1309 2563 1508 2622 magna
1552 2549 1720 2605 arbor
1750 2565 1819 2605 ex
1860 2564 1927 2605 eo

348 2643 422 2696 sit
463 2650 609 2708 orta,
648 2637 773 2696 coeli
811 2639 1092 2697 volucrum
1138 2654 1312 2711 capax
1356 2641 1450 2711 qui
1486 2640 1539 2696 in
1590 2640 1711 2713 ejus
1754 2640 1925 2698 ramis

346 2733 674 2790 consistunt.
708 2732 849 2789 Olim
877 2731 933 2789 id
968 2733 1185 2804 quidem
1217 2732 1560 2803 simplicibus
1588 2734 1771 2789 verbis
1797 2732 1922 2789 Ser-

345 2823 552 2881 vatorl's
597 2839 728 2882 voce
774 2823 1025 2897 prolatis,
1078 2824 1265 2880 divina
1321 2824 1782 2896 prognosticaque
1811 2826 1924 2881 vir-

345 2926 468 2974 tute
497 2917 914 2989 praedicebatur.
948 2916 1068 2974 Jam
1095 2931 1228 2973 vero
1262 2918 1315 2972 in
1346 2917 1507 2987 quale
1542 2929 1920 2988 quantumque

343 3024 483 3083 opus
530 3010 810 3082 praedictio
842 3009 1198 3081 processerit.
1255 3018 1629 3082 quantumque
1679 3013 1920 3068 creverit

343 3102 609 3161 doctrinae
639 3117 769 3168 vox,
817 3103 925 3160 dici
959 3117 1062 3174 pro
1105 3102 1371 3175 dignitate
1398 3117 1507 3159 non
1534 3112 1732 3173 potest.
1772 3104 1917 3160 Tan·
1941 3149 1984 3209 C

340 3207 457 3254 turn
489 3198 673 3270 itaque
709 3210 999 3268 progressu
1033 3195 1297 3265 temporis
1320 3194 1564 3253 salutare
1594 3209 1783 3253 semen
1810 3198 1917 3253 vir·

339 3296 509 3347 tutem
542 3290 805 3354 exseruit,
848 3296 909 3344 ut
930 3288 1232 3359 germinata
1264 3303 1335 3345 ex
1371 3288 1467 3344 illo
1504 3286 1690 3355 arbor,
1722 3289 1777 3345 id
1806 3299 1915 3358 est,

339 3380 566 3439 lundata
598 3395 628 3435 a
659 3381 953 3438 Servatore
975 3395 1074 3451 per
1114 3382 1428 3437 universam
1481 3388 1687 3436 terram
1732 3380 1918 3437 Eccle-

337 3476 442 3540 sia,
478 3484 677 3532 cuncta
705 3473 825 3530 loca
855 3473 1197 3546 oppleverit3
1234 3474 1291 3530 in
1323 3472 1442 3544 ejus
1473 3474 1642 3530 ramis
1664 3474 1789 3531 coeli
1815 3489 1916 3531 νο·

337 3567 517 3624 lucres
563 3566 832 3634 habitent,
887 3565 1070 3637 angeli
1123 3566 1234 3622 diri
1300 3566 1514 3624 scilicet
1558 3577 1617 3623 et
1656 3565 1914 3622 coelestes

335 3659 608 3729 potentiae,
667 3674 790 3730 quae
841 3666 1043 3714 terram
1114 3657 1470 3716 invisibiliter
1537 3657 1856 3715 discurrunt
1893 3673 1909 3724 ;

337 3752 576 3820 itemque
611 3751 808 3804 animae
836 3758 1042 3805 sanctae
1071 3747 1184 3803 alte
1207 3746 1539 3820 gradientes,
1572 3740 1624 3802 id
1652 3754 1758 3809 est,
1795 3745 1908 3799 vita

331 3856 608 3911 sensuque
635 3841 855 3896 sublimi
892 3856 957 3897 ac
988 3840 1200 3896 coelesti
1228 3838 1489 3911 praeditae.
1520 3838 1768 3909 Namque
1809 3838 1911 3895 has

333 3947 392 3989 ct
422 3949 531 3989 non
561 3931 712 3988 aliud
737 3931 1009 4003 quidlibet
1037 3932 1287 3989 denotari
1314 3947 1346 3988 a
1373 3931 1498 3989 coeli
1534 3931 1752 3997 avibus,
1780 3930 1909 3988 Ser-

339 4028 552 4083 vatoris
573 4027 694 4083 haec
736 4026 995 4098 parabola
1051 4026 1346 4096 significat.
1395 4024 1549 4082 Sicut
1595 4027 1908 4081 econtrario

331 4119 388 4173 in
411 4117 672 4188 parabola
693 4118 1039 4174 seminatoris
1070 4117 1332 4174 vocabulo
1361 4119 1566 4182 avium,
1586 4117 1907 4174 insidiantes

329 4211 648 4267 hominibus
668 4209 939 4279 potentias
986 4209 1302 4277 denotabat,
1352 4210 1470 4281 pari
1519 4208 1783 4266 vocabulo
1829 4210 1909 4265 di·

325 4318 459 4360 cens
521 4317 652 4359 aves
689 4302 811 4358 roeli
864 4301 1160 4372 diripuisse
1209 4316 1395 4359 semen
1437 4302 1644 4375 jactum
1692 4304 1762 4360 iis
1807 4304 1901 4375 qui

326 4394 479 4464 iuxta
520 4396 665 4449 viam
700 4393 831 4450 illud
863 4404 1248 4465 susceperant.

1043 4483 1187 4541 xxt.

392 4577 574 4645 Atque
618 4576 735 4631 baec
773 4575 1087 4632 necessario
1146 4573 1410 4632 Servator
1459 4575 1740 4648 discipulis
1784 4576 1894 4633 suis

325 4665 702 4733 mandabat⁸⁵,
732 4667 980 4722 morbum
1004 4666 1387 4736 gravissimum
1412 4666 1657 4738 ipsorum
1681 4667 1898 4733 animae,

325 4766 592 4811 tumorem
622 4766 788 4827 atque
797 4758 1122 4826 iactantiam
1140 4772 1363 4826 sanans,
1388 4766 1685 4828 vetansque
1714 4771 1901 4814 osten-

327 4848 624 4913 tationem,
675 4861 744 4903 ne
779 4848 1049 4904 ullatenus
1102 4848 1518 4915 extollerentur,
1566 4862 1704 4904 neve
1767 4849 1900 4920 quid

324 4951 580 5006 magnum
609 4947 706 4992 aut
744 4939 1041 5008 superbum
1072 4940 1140 4994 tle
1184 4954 1244 4996 se
1287 4941 1692 4997 existimarent.
1724 4943 1896 5001 Docet

322 5036 536 5095 contra,
569 5029 739 5084 nostri
768 5043 891 5085 esse
916 5028 1129 5085 arbitrii
1158 5031 1214 5085 in
1248 5045 1476 5103 regnum
1503 5033 1758 5103 introire,
1802 5045 1898 5091 aut

321 5137 502 5178 secus.
529 5120 663 5176 Nam
695 5122 764 5190 si,
794 5130 852 5178 ut
871 5122 1071 5178 dicitur
1092 5122 1235 5193 apud
1263 5121 1602 5191 Matthaeum,
1643 5129 1896 5186 conversi

320 5215 519 5268 fiamus
565 5211 712 5267 sicut
745 5212 979 5281 parvuli,
1026 5213 1238 5269 malitia
1290 5216 1506 5271 scilicet
1547 5219 1781 5288 parvuli,
1836 5232 1898 5277 ut

316 5303 395 5358 ait
437 5301 732 5374 Apostolus
774 5303 863 5370 ⁸⁸3
909 5312 965 5358 et
1006 5304 1052 5359 si
1105 5306 1210 5361 boc
1266 5321 1496 5376 regnum
1544 5311 1896 5371 admittemus

317 5409 472 5451 more
506 5396 773 5466 simplicis
793 5407 851 5451 et
874 5396 1006 5453 nulli
1046 5399 1224 5455 adbuc
1258 5401 1391 5455 vitio
1417 5404 1584 5460 dediti
1636 5405 1887 5475 infantiS,

317 5486 442 5540 etsi
475 5488 769 5556 puritatem
818 5498 982 5560 atque
1019 5490 1384 5549 innocentiam
1433 5496 1658 5566 puerilis
1709 5503 1890 5555 aetatis

2059 530 2168 596 θῶς
2189 528 2571 593 εὐτελέστατος
2594 529 2689 582 καὶ
2722 529 3085 602 σμικρότατος
3128 530 3349 602 λόγων·
3393 531 3600 605 προῖὼν
3621 537 3670 590 δέ

2057 620 2311 676 τοσοῦτον
2351 618 2678 674 ἐπιδέδωκεν
2707 618 2877 692 αὔξης
2900 637 2962 673 τε
2996 619 3095 674 καὶ
3131 619 3452 692 μεγέθους,
3485 622 3560 687 ὡς
3583 624 3668 697 τὴν

2058 713 2349 787 σύμπασαν
2372 712 2698 785 οἰκουμένην
2719 712 3026 787 πληρῶσαι.
3055 713 3318 783 Γέγονεν
3340 709 3444 769 οῦν
3473 714 3666 786 ἀληθῶς

2059 808 2260 880 μείζων
2300 805 2402 877 τῆς
2432 806 2586 879 παρὰ
2611 807 2745 861 πᾶσι
2776 809 2891 871 τοῖς
2920 806 3147 861 ἔθνεσιν
3180 805 3436 878 Ἕλλησί
3477 825 3537 862 τε
3584 811 3662 863 καὶ

2056 897 2351 973 βαρδάροις
2383 898 2596 969 σοφίας,
2626 898 2695 971 ἦν
2724 898 2977 971 λαχάνοις
2996 896 3156 953 κατὰ
3183 899 3490 954 Ματθαῖον
3509 917 3658 973 πειρα-

2053 990 2305 1063 6έ6ληκε,
2335 992 2397 1046 τὸ
2425 992 2649 1056 ἀσθενὲς
2674 992 2769 1047 καὶ
2799 992 3140 1064 φθοριμαῖον
3156 990 3284 1046 τῶν
3311 992 3451 1065 παρ’
3476 992 3654 1066 ἀνθρὼ-

2051 1102 2174 1151 ποις
2214 1085 2555 1158 μαθημάτων
2574 1078 2678 1140 ὧδε
2710 1083 3083 1157 αἰνιξάμενος.
3133 1084 3314 1139 Ἐπεὶ
3340 1087 3445 1140 καὶΙ
3471 1087 3525 1140 ὲν
3546 1102 3649 1157 τρο-

2050 1183 2249 1253 φήταις
2271 1179 2489 1249 ἐλέγετο
2527 1180 2658 1252 περὶ
2702 1179 2901 1234 αὐτῶν·
2940 1178 3037 1245 Ὠς
3082 1179 3334 1249 χόρτος
3357 1179 3645 1249 faxisti-to-

2049 1270 2558 1342 ξηρανθήσονται,
2587 1269 2786 1338 καλῶς
2813 1269 3061 1341 λάχανα
3095 1271 3320 1341 χλόης
3350 1271 3502 1342 ταχὺ
3524 1273 3633 1326 ἀπο-

2046 1364 2396 1419 πεσοῦνται.
2427 1361 2664 1417 Τοιαῦτα
2696 1361 2754 1416 δὲ
2781 1361 2850 1417 τὰ
2897 1362 3197 1432 σοφιστῶν
3235 1363 3350 1417 καὶ
3383 1363 3621 1433 φιλοσόφων

2050 1455 2349 1529 μαθήματα
2372 1456 2469 1511 καὶ
2492 1454 2853 1526 παιδεύματα,
2888 1453 3031 1528 πρὸς
3052 1455 3283 1529 καιρὸν
3303 1456 3412 1529 μὲν
3434 1458 3611 1528 χλοάζει*-

2044 1565 2132 1609 τα.
2151 1549 2248 1604 καὶ
2274 1549 2411 1623 πρὸς
2438 1548 2619 1617 ὀλίγον
2654 1547 2942 1611 ἀνθοῦντα,
2972 1548 3084 1603 οὐκ
3120 1552 3218 1615 εἰς
3253 1552 3472 1624 μακρὸν
3491 1551 3535 1604 ἃ
3552 1552 3618 1603 ὲκ-

2044 1643 2331 1707 πίπτοντα,
2360 1641 2455 1697 καὶ
2478 1638 2540 1708 ἐξ
2572 1640 2781 1696 ἑαυτῶν
2814 1640 3202 1714 φθειρόμενα·
3248 1642 3333 1707 ὡς
3367 1646 3429 1698 ὲν
3465 1644 3630 1715 ἑτέροις

2044 1736 2220 1807 χόρτῳ
2248 1734 2497 1807 δομάτων
2522 1734 2821 1806 ἀφομοιοῦν
2849 1733 3015 1800 αὐτὰ,
3053 1734 3127 1801 ὃς
3163 1737 3286 1809 πρὸ
3333 1737 3433 1792 τοῦ
3461 1738 3638 1791 ἐκστα-

1967 1801 2016 1862 B
2044 1826 2232 1898 σθῆναι
2256 1825 2550 1900 ἐξηράνθη.

2122 1919 2284 1975 Ἀλλὰ
2324 1919 2394 1975 τά
2429 1919 2528 1991 μὲν
2551 1918 2702 1992 παρὰ
2729 1921 2841 1984 τοῖς
2869 1918 3032 1994 παρὰ
3063 1919 3182 1976 τοῦ
3210 1922 3407 1986 αἰῶνος
3455 1921 3638 1974 τούτου

2033 2012 2281 2079 τοιαῦτα,
2334 2012 2536 2085 ἀσθενῆ
2580 2012 2676 2067 καὶ
2715 2009 3024 2085 λαχανώδη,
3074 2014 3189 2068 καὶ
3216 2015 3388 2090 χόρτῳ
3429 2012 3640 2067 εὐθαλεῖ

2033 2107 2455 2181 παρεικασμένα
2488 2106 2807 2180 μαθήματα·
2834 2108 2864 2160 ό
2898 2106 2960 2160 δὲ
2994 2106 3356 2181 βραχύτατος
3381 2108 3474 2163 καὶ
3504 2107 3638 2162 πάν-

2031 2216 2140 2253 των
2190 2198 2300 2253 τῶν
2332 2198 2662 2271 σπερμάτων
2717 2201 3075 2273 μικρότατος,
3133 2204 3242 2275 τῆς,
3273 2202 3378 2257 τῶν
3401 2202 3637 2275 οὐρανῶν

2033 2291 2307 2362 βασιλείας
2343 2290 2771 2363 καταγγελτικὸς
2816 2292 3001 2361 λόγος,
3038 2292 3266 2366 δριμὺς
3321 2294 3423 2368 μὲν
3449 2295 3544 2348 καὶ
3571 2294 3640 2347 δε-

2029 2384 2215 2447 κτικὸς
2262 2383 2515 2455 καθάπερ
2560 2383 2623 2439 τὸ
2655 2384 2863 2457 σίνηπι,
2897 2385 3058 2457 ὅμως
3087 2386 3156 2441 δὲ
3207 2387 3532 2460 ὑπερανέδη
3557 2387 3640 2439 καὶ

2028 2474 2397 2548 ὑπερηύξησε,
2430 2476 2693 2549 κρείττων
2719 2477 2820 2547 τῆς
2850 2478 2911 2531 ἐν
2943 2477 3279 2549 ἀνθρώποις
3311 2478 3642 2550 ἀποδειχθεὶς

2029 2568 2238 2637 σοφίας·
2263 2568 2359 2621 καὶ
2405 2567 2482 2632 ὡς
2510 2566 2744 2639 ὑψωθεὶς
2771 2566 2957 2622 πάντα
3007 2567 3189 2624 τόπον
3234 2570 3543 2640 ἐκάλυψεν,
3576 2572 3643 2635 ὡς

2025 2660 2120 2713 καὶ
2150 2660 2362 2732 δένδρον
2398 2659 2827 2730 ἀποτελεσθῆναι
2851 2660 2999 2732 μέγα
3025 2660 3089 2727 ἐξ
3107 2663 3314 2725 αὐτοῦ.
3331 2667 3643 2736 χωρητικὸν

2023 2750 2287 2804 πετεινῶν
2335 2749 2568 2822 οὐρανοῦ
2616 2748 3114 2820 κατασκηνούντων
3157 2752 3222 2803 ὲν
3254 2754 3373 2814 τοῖς
3425 2752 3643 2816 κλάδοις

2022 2842 2207 2896 αὑτοῦ·
2234 2842 2401 2897 πάλαι
2427 2842 2528 2914 μὲν
2555 2841 2661 2896 ὑπὸ
2683 2841 2784 2912 τῆς
2821 2840 3084 2913 σωτηρίου
3101 2841 3212 2912 γῆς
3233 2841 3421 2911 ψιλοῖς
3449 2845 3644 2914 ῥήμα-

2022 2951 2125 2998 σιν,
2152 2934 2319 3005 ὲνθέῳ
2347 2951 2409 3002 γε
2440 2935 2546 3006 μὴν
2568 2934 2663 2988 καὶ
2697 2930 3078 3006 προγνωστικῷ
3107 2931 3340 3001 δυνάμει
3377 2949 3636 3002 προανε-

2019 3031 2267 3096 φωνεῖτο.
2309 3029 2395 3093 Ὡς
2416 3029 2459 3082 δ’
2492 3031 2570 3092 είς
2596 3028 2733 3100 ἔργα
2760 3024 3162 3101 προκεχώρηκεν
3197 3024 3230 3094 ἡ
3254 3023 3612 3095 πρόγνωσις,

2017 3123 2098 3184 εἰς
2147 3120 2317 3191 αὔξην
2342 3139 2402 3174 τε
2430 3120 2697 3193 προῆλθεν
2728 3122 2764 3193 ἡ
2802 3115 2938 3192 φωνὴ
2971 3114 3063 3170 τοῦ
3105 3114 3299 3183 λόγου,
3337 3114 3453 3169 οῦκ
3486 3114 3621 3172 ἐστι

2020 3212 2139 3265 κατ’
2172 3212 2327 3279 ἀξίαν
2366 3213 2559 3264 εἰπεῖν·
2592 3210 2862 3282 τοσαύτην
2893 3203 3013 3278 γοῖη
3039 3204 3074 3260 ὁ
3097 3203 3380 3277 σωτήριος
3406 3203 3628 3275 σπόρος

2018 3304 2077 3358 ὲν
2105 3306 2220 3368 τοίς
2245 3301 2383 3374 μετὰ
2432 3301 2608 3356 ταῦτα
2642 3300 2860 3373 χρόνοις
2892 3287 3255 3354 ὶὲιδέδεικται
3286 3295 3529 3369 ἀρετὴν,
3551 3297 3627 3362 ὡς

2016 3394 2077 3449 τὸ
2103 3397 2164 3462 ἐξ
2191 3394 2356 3451 αὑτοῦ
2378 3395 2513 3466 φυὲν
2533 3394 2768 3466 δένδρον,
2796 3391 2960 3448 τοῦτο
2978 3390 3019 3446 δ’
3045 3388 3118 3445 ἂν
3147 3389 3238 3461 εἴη
3264 3390 3302 3462 ὴ
3343 3389 3625 3462 πανταχοῦ

2014 3487 2119 3559 γῆς
2148 3485 2404 3558 ἱδρυμένη
2427 3484 2592 3540 αὑτοῦ
2623 3483 2952 3558 Ἐκκλησία,
2983 3481 3054 3538 τὰ
3087 3480 3277 3536 πάντα
3303 3480 3618 3554 πληρῶσαι·

2013 3579 2155 3634 ὥστε
2184 3581 2242 3633 ὲν
2258 3583 2370 3644 τοῖς
2387 3578 2782 3651 κλάδοιςαύτῆς
2812 3575 3253 3650 κατασκηνῶσαι
3288 3574 3367 3630 τὰ
3401 3576 3617 3630 πετεινὰ

2011 3673 2108 3728 τοῦ
2163 3672 2417 3747 ούρανοῦ.
2463 3670 2728 3741 ἀγγέλους
2754 3669 2962 3743 δηλαδὴ
2989 3667 3175 3733 θείους
3206 3668 3312 3725 καὶ
3362 3669 3614 3741 οὐρανίας

2011 3766 2288 3839 δυνάμεις,
2325 3764 2425 3829 τὰς
2453 3765 2583 3837 περὶ
2610 3763 2714 3835 γῆν
2743 3762 2972 3834 ἀφανῶς
3001 3760 3414 3833 διιπταμένας,
3446 3761 3610 3833 ψυχάς

2008 3873 2071 3911 τε
2099 3856 2258 3925 ἀγίας
2285 3855 2379 3911 καὶ
2406 3853 2874 3928 μετεωροπόρους,
2899 3852 3002 3925 βίῳ
3020 3851 3118 3908 καὶ
3132 3854 3476 3927 φρονήματι
3495 3870 3607 3926 μετ-

2009 3946 2232 4018 αρσίους
2263 3943 2360 4000 καὶ
2401 3944 2701 4017 οὐρανίους·
2736 3944 2945 4009 ταύτας
3007 3941 3121 4016 γὰρ
3167 3939 3326 3997 εἶναι
3365 3947 3468 4000 καὶ
3499 3944 3603 3999 οὐδὲ

2007 4039 2170 4103 ἄλλας
2188 4038 2258 4093 τά
2278 4039 2499 4093 πετεινὰ
2530 4039 2624 4094 τοῦ
2655 4037 2888 4112 οὐρανοῦ
2924 4037 3252 4110 ησοηήριος
3281 4038 3354 4094 ὲν
3410 4041 3602 4105 τούτοις

2006 4130 2227 4203 ᾐνίξατο
2276 4131 2576 4204 παραδολή·
2627 4129 2705 4196 ὡς
2756 4129 2992 4203 ἔμπαλιν
3028 4129 3243 4202 διὰτῆς
3273 4130 3388 4186 τοῦ
3417 4135 3601 4207 σπόρου

2005 4221 2108 4287 τάς
2136 4221 2456 4287 ἑπιδούλους
2476 4222 2585 4278 τῶν
2603 4221 2909 4296 ἀνθρώπων
2935 4222 3130 4295 ἐδήλου
3143 4222 3451 4296 δυνάμεις,
3476 4231 3604 4300 eps·-

2004 4313 2185 4385 νύμως
2216 4314 2437 4368 πετεινά
2467 4314 2697 4387 οὐρανοῦ
2730 4316 2912 4388 φήσας
2949 4314 3338 4388 διηρπακέναι
3370 4320 3466 4374 τὸν
3485 4321 3595 4375 σπό-

2009 4422 2098 4477 ρον
2119 4405 2227 4460 τῶν
2245 4406 2396 4479 παρὰ
2429 4405 2527 4477 τὴν
2560 4406 2677 4460 ὁδὸν
2700 4404 3122 4477 ὑποδεξαμένων
3153 4408 3360 4463 αὐτόν.

2654 4489 2766 4549 KA'
2795 4494 2931 4567 (17).

2076 4588 2187 4642 Καὶ
2210 4587 2383 4643 ταῦτα
2426 4590 2485 4644 δὲ
2522 4589 2837 4660 ἀναγκαίως
2862 4591 2893 4644 ὁ
2923 4587 3124 4665 Σωτὴρ
3154 4594 3284 4659 τοῖς
3313 4592 3488 4649 αὐτοῦ
3513 4610 3600 4665 μα·

2005 4678 2197 4752 θηταῖς
2231 4680 2552 4754 παρεδίδου,
2600 4680 2754 4735 νόσον
2794 4679 3244 4755 άργαλεωτὰτην
3291 4685 3401 4758 τῆς
3430 4683 3598 4739 αὐτῶν

2003 4770 2201 4843 ψυχῆς,
2237 4772 2542 4844 χαυνότητά
2585 4790 2645 4827 τε
2695 4771 2791 4827 καὶ
2830 4770 3164 4837 ἀλαζονείαν
3211 4774 3478 4849 ἰώμενος,
3519 4775 3594 4830 καῖ

2003 4864 2229 4918 κωλύων
2256 4864 2315 4918 τὸ
2349 4865 2707 4937 μεγάλαυχον,
2763 4864 2838 4930 ὡς
2889 4864 2958 4920 ἀν
3016 4868 3248 4940 μήποτε
3300 4870 3596 4943 ὲπαρθεῖεν,

2007 4957 2145 5029 μηδέ
2176 4975 2228 5010 τι
2253 4958 2398 5029 μέγα
2433 4958 2568 5029 μηδὲ
2597 4958 2943 5028 ὑπερήφανον
2978 4959 3117 5032 περὶ
3148 4961 3382 5017 ἑαυτῶν
3417 4963 3588 5036 φρονή-

2005 5066 2178 5104 σαιεν.
2208 5050 2458 5104 Διδάσκει
2483 5050 2539 5103 δὲ
2560 5050 2815 5120 ἄντικρυς
2834 5049 2920 5119 ἐφ’
2937 5050 3077 5121 ἡμῖν
3095 5053 3337 5109 κεῖσθαι
3357 5056 3423 5111 τὸ
3449 5053 3594 5109 eissi-

2006 5141 2137 5208 θεῖν,
2167 5141 2200 5213 ἢ
2235 5141 2331 5215 μὴ,
2366 5144 2447 5205 είς
2472 5142 2569 5214 τὴν
2598 5140 2869 5214 βασιλείαν
2900 5142 2998 5195 τοῦ
3036 5143 3212 5200 Θεοῦ.
3241 5150 3312 5204 El
3337 5150 3449 5223 γὰρ
3477 5146 3592 5203 κατὰ

1999 5229 2092 5284 τὸν
2118 5230 2396 5285 Ματθαίον
2414 5230 2745 5304 στραφέντες
2783 5230 3089 5302 γενοίμεθα
3114 5234 3206 5302 ὡς
3220 5240 3299 5295 τὰ
3338 5226 3508 5312 suff-1:2⁸
3535 5240 3588 5308 τῇ

2001 5322 2169 5395 κακίᾳ
2198 5324 2556 5395 νηπιάζοντες
2582 5323 2725 5378 κατὰ
2764 5325 2856 5378 τὸν
2900 5325 3280 5398 ’Δπόστολον,
3318 5336 3416 5390 καὶ
3447 5338 3494 5389 εἰ
3518 5334 3584 5387 δε-

1995 5413 2226 5484 χοίμεθα
2258 5414 2357 5486 τὴν
2394 5413 2673 5485 βασιλείαν
2717 5413 2794 5479 ὡς
2844 5414 3063 5470 ἁπλοῦν
3103 5423 3218 5476 καὶ
3245 5425 3588 5498 ἀπειρόκακον

1999 5503 2229 5571 παιδίον,
2260 5506 2357 5561 καὶ
2386 5509 2434 5560 εί
2452 5507 2513 5561 τὸ
2537 5506 2775 5579 καθαρὸν
2802 5505 2898 5561 καὶ
2923 5507 3217 5580 ἀμίαν-τον
3243 5519 3351 5593 τῆς
3365 5515 3585 5587 παιδικῆς

384 5576 434 5609 ⁸⁸
452 5575 544 5635 1²⁸.
569 5591 758 5646 xxxvi,
792 5580 849 5635 2.
923 5581 973 5615 ⁸⁸
1003 5582 1092 5639 Ps.
1129 5591 1360 5653 cxxviu,
1401 5589 1457 5642 6.
1529 5590 1577 5622 ⁸⁸
1594 5590 1789 5648 Mattb.
1817 5609 1978 5664 xvnt,
2001 5596 2055 5652 5.
2134 5597 2181 5629 ⁸·
2206 5599 2223 5653 Ι
2253 5599 2380 5656 Cor.
2410 5616 2525 5668 xiv,
2547 5600 2639 5657 20.

387 5669 496 5751 (¹⁷)
536 5668 593 5725 ln
645 5673 835 5729 codice
880 5675 948 5729 Α.
1000 5672 1040 5727 l'.
1087 5674 1213 5731 2⁴3.
1274 5677 1326 5731 b.
1382 5678 1569 5737 titulus
1620 5684 1882 5742 mendose

301 5754 545 5813 smptus
567 5742 871 5805 Ebceccov
896 5743 1179 5819 δευτέρας
1205 5746 1558 5821 (lacydi-ove.
1583 5753 1703 5813 siue
1722 5755 1889 5815 dubio

1988 5692 2345 5774 corrigendus
2360 5693 2623 5750 Εὑσεθίου
2642 5693 2685 5749 δ’
2706 5690 3074 5776 Θεοφανςίας,
3093 5695 3338 5763 Emori
3361 5707 3582 5782 inq-m

1996 5757 2371 5825 Theophanem
3133 5817 3140 5828 .
3161 5819 3168 5828 .
3207 5803 3224 5818 ·
