3692 6134
883 324 1153 399 mist-:Bu
1188 336 1668 399 cAEsammvsts
1703 335 1858 397 oPP.
1897 337 2082 395 rans
2112 334 2205 393 111.
2243 366 2312 378 -
2347 332 2754 393 exscertus.

221 442 656 544 combustionis..
672 458 740 515 Et
762 458 962 526 veniet,
989 469 1047 515 et
1071 459 1180 515 erit
1207 470 1353 515 totus
1391 460 1551 516 locus
1581 458 1785 515 montis
1812 463 1859 519 Α
1886 456 2152 520 καύσεως.
2187 454 2298 509 Καὶ
2324 453 2463 526 ἥξει,
2516 452 2613 506 καὶ
2647 450 2802 504 ἔσται
2837 448 2961 513 πᾶς
3014 446 3204 512 τόπος
3234 465 3247 483 ·

224 546 454 615 Sion‚et
486 551 672 626 omnia
698 561 820 619 quae
850 546 904 601 in
949 546 1177 602 circuitu
1222 546 1341 617 ejus
1391 554 1541 614 sunt,
1587 548 1784 602 nebuta

221 640 331 697 diei
358 641 730 707 obumbrabit.
773 640 1006 711 etquasi
1051 639 1222 705 sumo,
1281 649 1338 696 et
1388 641 1540 712 qussi
1582 640 1788 695 lumine

225 743 388 788 noctu
417 733 660 797 ardente,
689 732 840 788 omni
883 731 1056 800 gloria
1105 731 1410 802 obtegetur.
1474 730 1538 787 Et
1587 731 1700 787 erit
1735 732 1789 786 in

223 823 473 880 umbram
506 823 575 880 ab
601 833 758 889 aestu,
795 822 930 880 etin
956 823 1348 894 protectionem
1397 831 1452 877 et
1475 820 1795 879 absconsio·

225 929 348 971 nem
390 928 420 968 a
447 913 645 970 duritie
675 925 731 969 et
754 913 955 985 pluvia.
985 931 1006 965 ι
1049 911 1351 967 lavacrum
1408 912 1792 983 regeneratio-

229 1005 338 1071 nis,
380 1005 525 1074 quod
574 1004 725 1074 prius
754 1003 1085 1059 ‘declarabat
1144 1002 1231 1058 bis
1291 1001 1497 1068 verbis,
1547 1018 1569 1054 ι
1619 999 1794 1057 Lava·

226 1093 387 1160 mini,
411 1094 596 1149 mundi
624 1102 821 1159 estote,
848 1111 869 1145 ι
900 1092 1067 1148 etiam
1099 1107 1240 1148 nunc
1267 1101 1453 1163 aperte
1480 1092 1790 1165 pollicetur.

229 1184 355 1242 llaec
381 1200 544 1257 porro
571 1186 703 1241 dicit
730 1186 796 1241 de
823 1186 912 1251 iis,
944 1185 1037 1255 qui
1075 1200 1200 1241 cum
1224 1186 1392 1243 caedis
1421 1186 1624 1242 Christi
1665 1201 1793 1258 par-

230 1278 426 1348 ticipes
453 1276 708 1342 ruissent,
761 1292 863 1332 nec
897 1276 1128 1331 multum
1192 1287 1382 1348 postea
1432 1278 1794 1347 resipuerunt,

228 1378 288 1425 et
312 1368 663 1441 Evangelium
699 1368 873 1439 ipsius
906 1378 1263 1437 agnoverunt.
1307 1368 1446 1424 Hinc
1477 1370 1544 1425 de
1583 1367 1796 1424 filiabus

230 1462 358 1520 Sion
395 1463 525 1534 agit.
553 1476 672 1533 quae
694 1462 770 1539 ,in
802 1460 1070 1530 superiori
1124 1461 1364 1517 clausula
1407 1462 1798 1517 incusabantur

229 1553 317 1610 bis
340 1553 522 1609 verbis
548 1574 562 1610 ι
595 1570 615 1604 ι
647 1552 782 1619 Quia
809 1553 1058 1613 exaltata*
1083 1553 1342 1609 suntllliae
1354 1552 1509 1617 Sion,
1534 1561 1590 1607 et
1612 1562 1795 1608 erecta

230 1645 444 1701 cervice
492 1644 833 1709 incedebam,
858 1662 878 1696 ι
922 1654 978 1699 et
1025 1654 1242 1701 oetera.
1279 1645 1614 1713 Sanguinem
1669 1657 1798 1698 vero

1893 546 2054 610 Σιὼν,
2078 545 2171 598 καὶ
2201 544 2379 598 πάντα
2406 543 2475 598 τὰ
2501 539 2817 613 περικύκλῳ
2846 538 3048 609 αὐτῆς
3078 538 3247 593 σκιάει

1892 637 2124 711 ἡμέρας,
2144 636 2241 689 καὶ
2269 634 2343 699 ὡς
2382 632 2612 697 καπνοῦ,
2636 630 2728 685 καὶ
2758 631 2846 694 ὡς
2868 630 3079 699 φωτὸς
3102 646 3246 684 καιο

1893 729 2040 795 κτδς,
2058 731 2205 801 πάσῃ
2218 731 2285 799 τῇ
2301 727 2428 800 δόξῃ
2442 723 2926 795 σκεπασθήσεται.
2945 723 3083 777 Καὶ
3100 722 3244 777 ἔστα

1892 823 2001 878 ἀπὸ
2018 819 2315 892 καύματος,
2346 819 2443 873 καὶ
2472 820 2530 871 ὲν
2566 816 2742 887 σκέπῃ
2783 815 2899 869 καὶ
2936 816 3009 868 ὲν
3055 816 3247 888 ἀποκρ

1896 897 2261 986 σκληρότητος
2287 911 2381 965 καὶ
2409 907 2588 963 ὑετοῦ.
2623 926 2643 960 ι
2675 905 2889 976 Σαφῶς
2922 907 3058 981 γὰρ
3090 908 3162 962 τὸ
3189 908 3247 963 le

1898 1003 2342 1075 παλιγγενεσίας,
2364 1003 2393 1055 ὃ
2408 1003 2504 1055 καὶ
2518 1000 2606 1054 διὰ
2619 998 2731 1052 τῶν
2748 998 3120 1071 ἔμπροσθεν
3137 1001 3246 1073 tm

1902 1115 1923 1151 ι
1961 1095 2262 1159 Δούσασθε,
2287 1095 2381 1148 καὶ
2405 1092 2633 1164 καθαροὶ
2653 1090 2926 1160 γένεσθε,
2961 1112 2985 1145 ι
3020 1096 3137 1149 καὶ
3158 1094 3239 1149 νῦν

1896 1187 2066 1242 λεται.
2096 1187 2256 1254 Λέγει
2280 1186 2338 1240 δὲ
2370 1183 2545 1239 ταῦτα
2570 1184 2699 1255 περὶ
2722 1181 2844 1236 τῶν
2885 1201 3247 1259 nexorum?

1894 1284 1963 1353 τῇ
1994 1280 2136 1336 κατὰ
2165 1278 2260 1333 τοῦ
2288 1278 2540 1349 Σωτῆρος
2575 1273 2899 1347 μιαιφονίᾳ,
2954 1280 3182 1351 μικρὸν
3217 1280 3246 1334 δ

1901 1370 2312 1444 μεταόαλόντων
2334 1368 2430 1422 καὶ
2451 1366 2846 1438 γνωρισάντων
2873 1369 3075 1424 αὑτοῦ
3096 1371 3167 1425 τὸ
3187 1371 3247 1425 Εἰ.

1898 1465 2011 1518 Καὶ
2038 1461 2342 1532 θυγατέρας
2368 1458 2506 1513 Σιὼν
2534 1458 2812 1529 ἐπιφέρει,
2854 1458 2982 1525 τὰς
3012 1464 3084 1516 ἐν
3112 1468 3186 1537 τῇ
3228 1465 3247 1518 l

1898 1556 2171 1628 περικοπῇ
2198 1551 2689 1624 κατηγορηθείσας,
2723 1552 2787 1605 ὲν
2829 1552 2929 1624 τῷ
2970 1554 3245 1625 λέγεσθαι

1897 1641 1973 1701 ὧν
2004 1645 2296 1716 ύψώθησαν
2335 1646 2390 1697 αἱ
2431 1642 2731 1714 θυγατέρες
2778 1642 2971 1711 Σιὼν,
3019 1649 3126 1702 καὶ
3162 1652 3247 1703 ἐπι

231 1734 535 1792 Jerusalem
583 1736 724 1790 miro
773 1750 923 1797 sane,
953 1736 1114 1791 modo
1155 1744 1313 1790 vocat
1364 1735 1571 1791 caedem
1625 1735 1694 1789 ibi
1741 1734 1793 1789 in
1900 1738 2090 1810 ὑψηλῷ
2114 1737 2392 1811 τραχήλῳ,
2432 1756 2449 1788 ι
2498 1735 2692 1790 καὶτὰ
2721 1736 2970 1804 τούτοις
3002 1742 3247 1813 ἑπόμενα

235 1824 524 1879 Servatore
543 1833 906 1894 perpetratam
933 1840 949 1878 ι
980 1825 1109 1895 quia
1144 1825 1334 1879 isthaec
1378 1838 1540 1879 causa
1571 1821 1672 1877 l'uit
1699 1838 1795 1877 cx·
1825 1800 1870 1856 Β
1908 1827 2265 1898 Ἰερουσαλὴμ
2292 1826 2619 1897 θαυμαστῶς
2647 1827 2950 1884 ἀποκαλεῖ
2982 1834 3099 1906 τὴν
3134 1853 3247 1888 κατ.

243 1933 430 1975 tremae
455 1920 554 1975 loci
587 1920 730 1974 illius
779 1920 1122 1975 vastationis.
1163 1918 1232 1974 Et
1263 1920 1578 1975 consideres
1621 1918 1782 1973 velim

234 2028 415 2068 annon
449 2013 537 2068 hic
565 2026 743 2069 sermo
773 2012 1018 2083 apprime
1061 2011 1351 2069 conveniat
1393 2026 1516 2067 curn
1563 2024 1799 2081 evange·

234 2105 345 2161 lico
385 2104 476 2160 illo
519 2103 829 2160 testimonio
876 2104 943 2159 de
988 2101 1279 2159 Servatore
1317 2110 1530 2166 nostro,
1565 2100 1660 2157 ubi
1714 2100 1798 2157 sic

231 2198 479 2263 babetur,
512 2196 674 2268 «lpse
706 2211 806 2253 vus
833 2196 1136 2267 baptizabit
1173 2198 1228 2252 in
1269 2195 1476 2265 Spiritu
1519 2205 1708 2252 sancto
1743 2206 1800 2251 et

233 2288 358 2359 igne
381 2288 449 2342 ¹⁸.
479 2306 500 2342 ι
538 2287 668 2343 illud
700 2286 867 2354 enim,
907 2305 927 2340 ι
952 2286 1009 2341 in
1050 2286 1246 2356 spiritu
1290 2284 1479 2354 ludicii
1510 2294 1564 2341 et
1601 2287 1657 2340 in
1686 2286 1801 2356 spi·

232 2383 341 2438 ritu
363 2379 782 2446 combustionis,
816 2400 836 2434 ι
872 2380 1011 2436 nibil
1047 2376 1231 2436 differt
1270 2378 1338 2434 sb
1381 2377 1495 2446 illo,
1544 2396 1563 2431 ι
1593 2378 1650 2433 in
1680 2377 1803 2445 Spi-

235 2473 342 2527 ritu
371 2478 561 2527 sancto
581 2480 635 2526 et
656 2471 801 2543 igne.
838 2488 860 2524 ι
895 2469 1041 2541 lgnei
1071 2482 1200 2524 vero
1233 2480 1515 2524 sermones
1560 2466 1669 2521 illis
1708 2467 1803 2521 ad·

236 2562 392 2628 moti,
423 2569 770 2632 peccatorum
798 2557 1234 2615 emundationem
1258 2558 1611 2629 peragebant.
1645 2556 1803 2612 item·

239 2668 345 2723 que
376 2652 626 2709 Salvator
655 2661 842 2707 noster
869 2651 926 2707 in
959 2650 1254 2723 Evangelio
1278 2651 1480 2706 dicitur
1525 2650 1806 2721 baptisare

239 2758 347 2799 non
382 2746 435 2799 in
474 2759 613 2814 aqua
641 2783 657 2808 ,
696 2744 789 2798 sed
839 2743 893 2799 in
952 2742 1156 2813 Spiritu
1223 2751 1278 2796 et
1324 2742 1466 2811 igne.
1519 2739 1631 2796 lloc
1657 2740 1803 2795 enim

240 2838 432 2891 edocet
469 2834 728 2900 «loannes,
771 2834 840 2890 de
876 2848 935 2891 se
972 2835 1188 2903 quidem
1246 2833 1454 2897 dicens,
1501 2850 1520 2884 ι
1549 2832 1660 2903 Ego
1708 2846 1806 2887 vos

241 2926 457 2995 baptizo
486 2925 539 2980 in
567 2941 704 2997 aqua
724 2925 806 2992 ⁸⁸3
839 2943 858 2978 ι
886 2925 951 2980 de
967 2924 1247 2981 salvatore
1275 2933 1478 2988 autem,
1509 2941 1528 2975 t
1569 2920 1688 2993 lpse
1708 2936 1809 2979 vos

241 3014 537 3086 baptizabit
565 3015 617 3070 in
651 3012 855 3084 Spiritu
883 3021 1074 3071 sancto
1107 3020 1164 3069 et
1202 3012 1410 3083 igne¹⁸.
1438 3030 1458 3064 ι

863 3288 1091 3348 CAPUT
1130 3288 1195 3344 V.

299 3377 480 3437 Vns.
516 3382 571 3435 1.
610 3399 630 3434 ι
657 3380 900 3437 cantabo
923 3381 1121 3437 dilecto
1152 3381 1427 3437 canticum
1457 3381 1647 3438 Dilecti
1682 3382 1813 3448 mei.

245 3474 420 3529 vineae
446 3486 598 3528 mcae.
628 3473 798 3528 Vinea
827 3470 963 3527 lacta
987 3482 1067 3527 est
1089 3472 1286 3529 dilecto
1311 3474 1364 3528 in
1395 3487 1586 3541 cornu,
1606 3474 1660 3529 in
1697 3474 1816 3529 loco

248 3565 455 3636 pingui.
485 3582 506 3616 ι
541 3562 654 3620 lloc
683 3563 846 3634 iff'tur
877 3563 1110 3631 cantico,
1139 3579 1260 3634 qua».
1285 3565 1338 3620 in
1374 3565 1531 3621 vinea
1560 3581 1659 3622 sua
1686 3581 1816 3635 ope-

246 3670 400 3714 ratus
435 3666 520 3715 est
543 3666 847 3723 enumerat,
873 3657 1146 3728 vineaeque
1197 3656 1603 3729 improbitatem
1655 3674 1813 3714 cuar-

245 3752 392 3822 ssuit:
424 3766 490 3806 ac
521 3764 584 3804 ea
612 3764 734 3819 quae
760 3748 861 3819 ipsi
893 3760 1152 3805 eventura
1175 3758 1304 3806 sunt
1324 3748 1674 3805 vaticinatur.
1729 3748 1818 3803 Di·-

247 3846 391 3898 citur
413 3856 544 3912 ergo
575 3842 630 3897 in
658 3856 823 3897 cornu
851 3854 994 3908 esse,
1034 3842 1159 3911 quia
1202 3842 1254 3896 in
1288 3856 1403 3911 ipsa
1443 3839 1815 3911 Hierosolyma

249 3935 398 4003 regia
433 3933 744 4004 metropolis
793 3933 1076 3990 consistit:
1125 3933 1264 3989 solet
1305 3943 1484 3989 autem
1534 3931 1817 4001 Scriptura

252 4041 456 4083 cornua
486 4026 640 4098 regni
667 4039 991 4081 memorare.

321 4206 485 4263 Vens.
517 4206 572 4262 2.
620 4225 640 4259 ι
687 4206 751 4261 Et
797 4220 977 4276 sepem
1023 4205 1386 4275 circumposui
1416 4215 1474 4260 et
1504 4204 1729 4270 vallari,
1757 4215 1820 4263 et

249 4301 493 4372 plantavi
521 4300 734 4356 vineam
769 4297 970 4353 Sorec:
1003 4305 1057 4369 et
1083 4296 1344 4352 aediilcavi
1375 4296 1566 4351 turrim
1619 4298 1671 4353 in
1715 4315 1822 4355 me-

1897 1920 2061 1993 τῆρος
2096 1917 2463 1991 προαχθεῖσαν
2496 1919 2554 1970 ὲν
2585 1918 2722 1989 αὐτῇ
2775 1926 3166 1993 μιαιφονίαν,
3204 1926 3247 1979 δ’.

1897 2032 1999 2088 την
2024 2014 2203 2069 αἰτίαν
2224 2011 2508 2081 γεγονέναι
2528 2011 2627 2082 τῆς
2652 2014 2916 2087 ἐσχάτης
2941 2018 3209 2090 ἐρημίας
3234 2038 3247 2070 ·.

1899 2109 2013 2162 Καὶ
2044 2106 2143 2160 θέα
2171 2106 2220 2158 εἰ
2262 2103 2339 2178 μὴ
2381 2102 2586 2175 σφόδρα
2613 2103 2940 2174 σύμφωνός
2981 2111 3151 2166 ἐστιν
3178 2114 3247 2165 δε

1901 2217 1998 2270 γος
2016 2201 2085 2270 τῇ
2101 2197 2433 2269 εὐαγγελικῇ
2462 2196 2740 2269 μαρτυρίᾳ
2759 2202 2922 2272 περὶ
2950 2204 3062 2257 τοῦ
3092 2206 3247 2278 Σιιιτῆ

1901 2292 1938 2365 ἡ
1968 2290 2212 2345 ἐδίδασκε
2245 2290 2480 2358 λέγουσα
2502 2305 2517 2321 ·
2552 2306 2570 2339 t
2599 2288 2779 2352 Αὐτὸς
2810 2291 2988 2363 ὑμᾶς
3021 2295 3247 2366 pamla-1

1909 2399 2039 2453 ματι
2079 2383 2220 2454 ἁγίῳ
2264 2382 2359 2435 καὶ
2387 2381 2542 2452 πυρί.
2576 2399 2595 2432 ι
2632 2379 2710 2433 Τὸ
2742 2379 2905 2454 γὰρ,
2951 2406 2975 2439 ι
3030 2390 3098 2443 ὲν
3132 2391 3247 2444 mg*

1905 2490 2045 2537 σεως
2096 2472 2189 2527 καὶ
2242 2469 2514 2541 πνεύματι
2571 2468 2838 2534 καύσεως
2885 2492 2909 2525 s
2941 2474 3083 2542 τοῦ,
3131 2495 3151 2529 ι
3186 2479 3237 2530 ὲν

1906 2566 2047 2636 ἁγίῳ
2069 2565 2163 2618 καὶ
2192 2563 2345 2634 πυρὶ,
2375 2581 2393 2613 ι
2427 2561 2579 2614 οὐδὲν
2606 2560 2906 2633 διαφέρει.
2930 2567 3068 2623 Καὶ
3095 2572 3149 2623 οἱ
3175 2587 3247 2639 tuf

1905 2657 2075 2727 λόγοι,
2107 2655 2514 2726 καθαπτόμενοι
2544 2651 2750 2717 αὐτῶν,
2792 2656 3121 2731 κάθαρσιν
3148 2663 3247 2713 sven

1906 2747 2342 2821 ἁμαρτημάτων.
2384 2744 2496 2799 Καὶ
2531 2746 2560 2798 ὁ
2588 2743 2790 2815 Σωτὴρ
2831 2748 3090 2819 ὁμοίως
3118 2747 3228 2816 ἐντῷ

1906 2839 2007 2912 λίῳ
2054 2838 2337 2910 βαπτίσειν
2369 2836 2587 2904 λέγεται
2612 2835 2739 2905 οὐχὶ
2781 2835 3001 2907 ῦδατι,
3035 2844 3197 2898 &Hit
3219 2836 3247 2891 11

1910 2933 2004 2986 καὶ
2048 2932 2107 2985 ὲν
2151 2929 2305 3001 πυρί.
2340 2928 2512 2982 Τοῦτο
2542 2927 2651 2997 γὰρ
2686 2927 2981 2999 ἐδίδαξεν
3032 2939 3066 2990 6
3123 2933 3247 2991 tucn

1914 3024 2015 3096 μὲν
2059 3021 2255 3076 ἑαυτοῦ
2299 3019 2491 3086 εἰπὼν,
2544 3036 2563 3072 t
2624 3019 2775 3087 Ἐγὼ
2824 3025 2951 3093 μὲν
3010 3031 3168 3102 ὑμᾶς
3201 3027 3247 3098 βα

1833 3130 1877 3189 c
1911 3116 2084 3169 ῦδατι·
2130 3134 2148 3166 ι
2181 3115 2311 3185 περὶ
2334 3114 2391 3167 δὲ
2422 3112 2517 3166 τοῦ
2558 3112 2849 3184 Σωτῆρος·
2894 3138 2920 3170 e
2973 3123 3166 3187 Αὐτὸς
3188 3122 3247 3191 ὑμ

1916 3222 1998 3261 σει
2027 3207 2085 3258 ὲν
2118 3203 2393 3275 Πνεύματι
2421 3203 2560 3273 ἁγίῳ
2592 3202 2687 3255 καὶ
2708 3207 2886 3277 πυρί.
2937 3229 2964 3261 s

2429 3295 2841 3351 ΚΕΦΑΛΑΙΟΝ
2893 3302 2988 3357 E'.

1992 3387 2200 3460 «ᾊσω
2230 3388 2297 3460 δὴ
2340 3386 2420 3458 τῷ
2462 3385 2819 3458 ἠγαπημένῳ
2863 3387 3054 3465 ᾆσμα
3096 3394 3192 3449 ...³
3234 3394 3247 3412 ⁹

1920 3499 2043 3554 μου,
2076 3481 2155 3553 τῷ
2182 3479 2466 3552 ἀμπελῶνί
2498 3496 2618 3551 μου.
2666 3480 2996 3549 ’Δμπελὼν
3028 3486 3247 3559 ὲγενήθτ

1917 3573 2146 3645 πημένῳ
2186 3574 2245 3626 ὲν
2274 3564 2487 3643 κέρατι,
2520 3572 2578 3624 ὲν
2612 3570 2766 3641 τόπῳ
2798 3574 2999 3634 πίονι.
3050 3600 3074 3633 s
3106 3582 3209 3634 Διὰ
3236 3596 3247 3614 ·

1917 3665 2061 3737 ᾠδῆς
2082 3664 2287 3735 ταύτης
2321 3662 2420 3727 τὰς
2446 3665 2526 3727 είς
2564 3662 2656 3716 τὸν
2684 3662 3030 3732 ἀμπελῶνα
3063 3670 3247 3726 ἑαυτοῦ

1919 3758 2357 3831 καταριθμεῖται,
2411 3757 2505 3809 καὶ
2548 3753 2642 3808 τοῦ
2688 3756 3058 3826 ἀμπελῶνος
3098 3762 3203 3835 τὴν
3239 3779 3247 3833 1

1917 3850 2154 3919 ἐλέγχει·
2199 3846 2443 3911 θεσπίζει
2476 3845 2533 3898 δὲ
2572 3844 2667 3898 καὶ
2691 3842 2762 3897 τὰ
2804 3847 3108 3917 μέλλοντα
3149 3853 3247 3906 αὐτ

1919 3939 2127 3994 σεσθαι.
2160 3938 2390 4007 Λέγεται
2419 3936 2550 4005 γοῦν
2579 3936 2637 3988 ὲν
2672 3935 2882 4005 κέρατι
2912 3934 3101 4007 εἶναι,
3145 3942 3232 3997 διὰ

1920 4051 2007 4087 ναι
2035 4031 2317 4102 βασιλικὴν
2359 4027 2688 4101 μητρόπολιν
2728 4029 2791 4080 ὲν
2837 4032 2992 4105 αὐτῇ
3037 4039 3113 4107 τῇ
3156 4037 3247 4107 ‘¹⁸6

1919 4121 2077 4176 εἴωθε
2105 4119 2214 4192 γὰρ
2240 4122 2275 4191 ὴ
2303 4120 2341 4171 Γ
2348 4118 2491 4190 ραφὴ
2518 4118 2729 4189 κέρατα
2748 4117 2862 4188 τῆς
2897 4120 3206 4190 βασιλείας
3233 4124 3247 4175 ἐ

1999 4233 2018 4267 t
2047 4214 2156 4267 Καὶ
2181 4210 2433 4283 φραγμὸν
2449 4208 2751 4279 περιέθηκα
2770 4211 2879 4263 καὶ
2903 4213 3247 4286 ἐχαράκωσε

1920 4321 2088 4359 τευσα
2133 4303 2373 4374 ἄμπελον
2415 4301 2629 4372 Σορήκ·
2668 4300 2766 4354 καὶ
2805 4300 3176 4380 ᾠκοδόμησα
3222 4323 3247 4357 ⁴.-

252 4393 344 4448 dio
371 4389 510 4459 ejus,
557 4400 610 4445 et
654 4390 997 4459 protorcular
1028 4387 1139 4443 sodi
1187 4389 1238 4442 in
1286 4403 1371 4443 ea.
1402 4405 1423 4439 ι
1460 4386 1654 4457 Sepem
1689 4403 1821 4444 vero
1928 4397 2078 4470 μέσῳ
2107 4395 2293 4460 αὑτοῦ,
2327 4395 2420 4448 καὶ
2449 4394 2736 4466 προλήνιον
2760 4390 2967 4464 ὠρυξα
2995 4398 3064 4454 ὲν
3112 4397 3247 4469 αὐτῇ

254 4485 638 4554 circumposuit
657 4484 730 4547 ei,
754 4481 1001 4537 videlicet
1019 4478 1166 4535 omni
1193 4478 1407 4549 populo,
1427 4494 1585 4548 quem
1615 4480 1821 4547 angelis
1851 4470 1901 4530 1)
1928 4489 2123 4559 έθηκεν
2172 4483 2265 4542 οὖν
2309 4485 2456 4556 αὐτῷ
2499 4485 2771 4556 φραγμὸν,
2818 4484 3046 4561 δηλαδὴ
3091 4490 3175 4561 τῷ
3200 4509 3247 4544 π.

253 4578 680 4645 circumquaque
739 4574 987 4629 munivit.
1036 4570 1159 4626 Atio
1208 4571 1334 4626 item
1386 4570 1548 4626 modo
1599 4571 1822 4626 vallavit
1927 4580 2142 4643 πάντως
2164 4596 2265 4634 που
2286 4579 2537 4649 ἀγγέλοις
2558 4577 2722 4631 αὐτὸν
2744 4581 3144 4652 περιφράξας,
3186 4583 3246 4649 ¹13:¹

253 4683 399 4734 eam,
439 4666 716 4736 prophetis
758 4675 812 4720 et
853 4663 1056 4720 sanctis
1091 4661 1222 4717 viris
1273 4662 1443 4732 ipsam
1485 4661 1717 4718 fulciens
1765 4673 1823 4718 et
1925 4672 1983 4727 δὲ
2012 4672 2104 4725 καὶ
2145 4670 2317 4734 άλλως
2344 4669 2524 4734 αὑτὸν,
2576 4666 2897 4737 προφήταις
2927 4673 3034 4725 καὶ
3068 4673 3247 4742 ἁγίοις

253 4771 586 4818 sustentatis.
611 4757 752 4825 Quin
795 4756 958 4811 etiam
1006 4753 1269 4824 plantavit
1297 4768 1418 4809 eam
1462 4755 1674 4810 vineam
1717 4754 1816 4811 So·
1928 4760 2311 4832 ὑποστηρίξας.
2362 4756 2522 4811 Ἀλλὰ
2563 4756 2658 4809 καὶ
2684 4756 3118 4824 κατεφύτευσεν
3147 4760 3247 4815 uin

258 4869 377 4920 rec,
435 4866 597 4923 quam
657 4851 1017 4921 Symmachus
1083 4848 1493 4918 interpretatur,
1569 4848 1822 4904 electam.
1923 4853 2013 4908 λον
2034 4854 2215 4926 Σορήκ
2234 4869 2247 4882 ·
2275 4852 2387 4922 ῆνὸ
2412 4850 2704 4921 Σύμμαχος
2732 4849 3108 4921 ἡρμήνευσεν
3130 4852 3247 4906 ὲκλι

253 4944 388 5012 Quae
415 4952 594 4997 autem
629 4941 817 4999 isthaec
837 4941 996 4995 vinea
1028 4947 1166 5005 erat,
1211 4937 1315 4992 nisi
1351 4937 1508 5008 plane
1537 4936 1820 5009 Scriptura
1921 4944 1979 4998 δὲ
2004 4938 2071 5015 ἦν
2102 4942 2240 5014 αὕτη
2274 4944 2309 5014 ἡ
2335 4940 2578 5013 ἄμπελος
2608 4938 2643 5012 ἡ
2692 4938 2923 5005 πάντως
2960 4959 3074 4997 που
3104 4947 3140 5015 ὴ
3182 4944 3246 4997 θεγ

261 5037 524 5093 divinitus
576 5034 860 5104 inspirata,
911 5041 965 5088 et
1015 5031 1119 5103 piae
1169 5030 1447 5101 religionis
1491 5044 1694 5096 sermo,
1740 5030 1826 5086 vel

258 5131 424 5190 etiam
451 5129 629 5201 ipsum
654 5126 746 5181 Dei
773 5123 1032 5189 Verbum,
1062 5124 1204 5194 quod
1259 5124 1315 5178 in
1359 5122 1670 5194 Evangeliis
1709 5123 1824 5179 baec

260 5230 328 5285 de
352 5243 412 5285 se
437 5229 595 5283 docet
625 5238 689 5282 ac
726 5223 986 5293 loquitur.
1033 5240 1053 5274 ι
1081 5222 1193 5293 Ego
1230 5236 1347 5276 sum
1399 5220 1528 5276 vitis
1574 5235 1724 5284 vera,
1765 5231 1821 5277 et

255 5317 422 5373 Pater
449 5332 601 5373 meus
639 5314 875 5386 agricola
904 5323 988 5370 est
1009 5314 1096 5367 ¹⁷?
1129 5332 1148 5365 ι
1194 5310 1273 5367 Ex
1301 5313 1420 5383 ipso
1452 5312 1649 5384 quippe
1674 5313 1822 5383 prior

258 5411 388 5466 item
415 5408 638 5480 populus
667 5408 969 5464 divinarum
1003 5405 1410 5475 disciplinarum
1434 5402 1823 5473 plantationem

257 5498 486 5570 accepit.
513 5498 858 5554 Protorcular
888 5507 1077 5552 autem
1108 5494 1245 5550 fodit
1280 5493 1334 5548 in
1371 5506 1459 5559 ea,
1492 5492 1666 5549 altare
1713 5494 1822 5549 sci-

259 5588 391 5648 licet
423 5588 659 5660 positum
686 5599 812 5646 ante
839 5588 1115 5660 templum.

1925 5035 2136 5107 Γραφὴ,
2165 5035 2257 5088 καὶ
2279 5035 2308 5087 ὁ
2337 5033 2434 5104 τῆς
2456 5029 2764 5095 θεοσεὸείας
2789 5029 2985 5100 λόγος,
3011 5034 3049 5107 ἢ
3074 5036 3176 5090 καὶ
3200 5036 3247 5089 αι

1926 5126 2062 5181 Θεοῦ
2089 5125 2283 5194 Λόγος,
2319 5125 2349 5177 ό
2390 5125 2448 5177 ὲν
2492 5122 2851 5193 Εύαγγελίοις
2896 5128 3044 5200 περὶ
3077 5128 3245 5181 έαυτο

1930 5218 2025 5271 καὶ
2056 5217 2247 5283 εἰπὼν,
2278 5237 2297 5271 ι
2351 5216 2493 5285 Ἐγώ
2527 5218 2644 5287 εἰμι
2670 5217 2705 5287 ἡ
2736 5215 3001 5287 ἄμπελος
3040 5221 3076 5292 ἡ
3099 5218 3241 5292 ἀληθ

1928 5310 2119 5383 Πατήρ
2151 5327 2251 5380 μου
2281 5312 2311 5364 ὀ
2334 5310 2615 5381 γεωργός;
2658 5326 2679 5362 ι
2730 5307 2826 5376 Ἐξ
2850 5310 3032 5365 αὑτοῦ
3062 5312 3176 5383 γὰρ
3202 5327 3247 5363 κε

1926 5419 2018 5466 τος
2048 5401 2177 5466 λαὸς
2216 5401 2312 5473 τὴν
2352 5400 2463 5455 τῶν
2495 5402 2657 5458 θείων
2690 5401 2962 5477 μαθητῶν
3008 5404 3247 5480 [μαθημα

1929 5492 2080 5546 τείαν
2137 5492 2345 5563 εἴληφε.
2388 5491 2689 5564 Προλήνιον
2732 5490 2832 5553 οὖν
2880 5496 3110 5571 ὀρύττει
3154 5496 3247 5550 ἐν·

1931 5583 2037 5654 πρὸ
2062 5582 2155 5637 τοῦ
2195 5582 2324 5638 ναοῦ
2365 5581 2772 5659 θυσιαστήριον.

331 5769 380 5803 ¹⁶
414 5768 605 5827 ttatth.
629 5783 714 5837 tn,
741 5769 826 5826 11.
901 5768 946 5804 ¹⁸
977 5764 1134 5826 Joau.
1178 5782 1221 5836 t,
1251 5766 1341 5825 26.
1418 5767 1461 5799 ¹⁸
1490 5763 1626 5824 ibid.
1666 5747 1763 5824 35?
1834 5766 1877 5797 ¹'
1908 5762 2061 5819 loan.
2090 5778 2178 5829 xv,
2212 5764 2259 5819 1.
