3692 6134
850 340 991 396 ¹¹33
1554 319 1827 379 eust-:nu
1865 310 2344 374 cAEsammx’sts
2379 309 2531 368 OPP.
2575 307 2760 366 PARS
2793 306 2886 366 Ν.
2923 337 3000 352 -
3035 299 3546 362 nocturnes.

852 467 1005 523 pore.
1035 446 1159 517 quia
1184 456 1283 499 nec
1308 440 1513 512 patitur
1546 455 1563 494 t
1594 453 1701 494 nou
1740 450 1864 491 eum
1921 431 2226 487 vestiamus
2286 429 2450 484 vesti·
2480 433 2528 489 Α
2555 437 2698 481 terra
2749 438 2808 481 ut
2863 422 3188 480 scabellum
3259 427 3516 476 tactum
3565 416 3692 486 pedu

854 551 1062 603 mento,
1082 537 1204 608 quia
1240 550 1343 591 nec
1368 533 1575 603 indiget
1612 548 1627 585 t
1664 545 1771 585 uon
1794 527 1844 582 ei
1904 522 2204 581 offeramus
2229 521 2441 578 sacrili·

856 632 966 695 cia,
988 629 1112 700 quia
1151 642 1253 682 ncc
1284 624 1440 695 petit.
1469 622 1706 678 AEstima
1738 619 1869 688 quid
1904 618 2059 672 dicis.
2110 615 2168 670 Si
2222 613 2438 669 dederis

860 721 909 786 ei
936 732 1156 787 corpus,
1181 711 1445 784 separasti
1469 713 1517 765 ei
1539 712 1715 765 locum
1737 731 1753 776 ;
1778 705 2130 775 composuisti
2150 702 2449 772 simplicem

862 819 1139 871 naturam,
1192 802 1514 875 placabilem
1553 800 1726 856 fecisti
1789 796 2205 867 implacabilem.
2239 794 2294 850 Ιιι
2338 794 2455 849 loco

864 915 985 956 eum
1008 898 1099 968 qui
1124 906 1181 952 et
1226 893 1415 950 alocis
1445 893 1583 948 liber
1622 901 1706 948 est
1754 888 2110 946 constituisti.
2151 886 2207 941 Si
2249 886 2455 942 dixeris

866 1005 1087 1062 corpus,
1113 985 1269 1042 dabis
1319 984 1531 1047 oculos,
1578 980 1733 1036 dabis
1786 994 1950 1034 aures
1993 979 2141 1033 circa
2174 977 2368 1043 Deum,
2397 985 2455 1032 et

870 1083 1138 1151 linguam,
1168 1087 1223 1132 et
1252 1090 1498 1139 sensum,
1524 1082 1580 1129 ει
1604 1088 1749 1139 ossa,
1782 1080 1836 1127 et
1885 1070 2120 1134 viscera,
2145 1078 2200 1123 et
2236 1082 2454 1133 nervos,

867 1181 923 1226 et
945 1185 1112 1225 venias
1149 1184 1163 1222 ε
1193 1178 1248 1222 ει
1278 1168 1494 1235 ignoras
1524 1165 1593 1221 de
1627 1179 1734 1234 quo
1772 1160 2041 1232 loqueris.
2071 1159 2214 1230 Fuge
2238 1159 2459 1214 deuteu-

870 1264 1026 1326 tiam,
1064 1272 1122 1315 ut
1151 1255 1581 1328 comprehendas
1609 1272 1713 1313 non
1746 1266 1980 1324 quantus
2017 1262 2101 1308 cst
2123 1260 2339 1317 natura,
2360 1250 2457 1307 sed

870 1363 1133 1425 quantum
1159 1350 1253 1404 tibi
1282 1348 1539 1418 possibile
1554 1357 1642 1403 est
1666 1359 1846 1401 nosse.
1869 1344 1926 1399 Si
1953 1358 2151 1414 corpus
2175 1353 2260 1398 est
2277 1343 2456 1397 Deus:

872 1446 997 1507 quis
1034 1451 1117 1496 est
1141 1441 1233 1510 qui
1275 1447 1576 1508 supportat,
1601 1437 1694 1506 qui
1720 1434 2027 1503 subbajulat
2069 1433 2268 1489 coelum
2293 1433 2318 1488 ἲ
2347 1435 2460 1489 Διι-

874 1544 1090 1602 tequam
1122 1547 1252 1600 crgo
1282 1528 1476 1585 coelum
1510 1528 1685 1592 lieret,
1722 1526 1813 1580 ubi
1839 1534 1959 1579 erat
1986 1525 2167 1580 Deus?
2197 1523 2365 1580 Terra
2409 1525 2456 1580 ei

2551 520 2826 589 quomodo
2865 525 3052 589 potest
3089 511 3372 570 transire
3395 509 3692 567 scabellum

2551 611 2827 682 quomodo
2859 606 3222 664 ambulavit!
3287 605 3408 660 sed
3451 602 3668 659 babitat

2554 701 2770 756 habitat
2800 711 2856 755 ει
2887 696 3232 754 inambulat.
3261 695 3490 751 Latior
3517 693 3666 748 enim
3691 715 3692 743 ι

2553 805 2716 860 quam
2750 789 2951 845 coelum
2979 805 2994 842 ι
3023 796 3276 843 sanctus
3305 789 3372 841 in
3421 783 3642 841 sanctis
3673 799 3692 837 r

2555 881 2710 948 virini,
2743 880 2938 950 inquit,
2993 878 3296 935 Christum
3355 874 3588 940 Iesum,
3619 875 3692 931 dit

2556 970 2752 1039 Quanti
2785 971 2930 1027 enim
2983 971 3322 1027 induuntur
3343 969 3374 1024 ἲ
3425 969 3624 1039 quanti
3657 981 3692 1022 ε

2557 1071 2845 1128 vocantur,
2869 1073 2922 1117 ει
2945 1059 3370 1136 vocabuntur?
3399 1067 3464 1116 et
3515 1073 3692 1130 unusq

2557 1165 2748 1207 omnes
2778 1160 2972 1217 totum,
3010 1160 3070 1207 ει
3105 1163 3314 1221 neque
3355 1147 3642 1204 dividitur
3681 1166 3692 1201 ι

2565 1240 2734 1305 ditur,
2788 1255 2963 1311 neque
3019 1239 3354 1302 scinditur,
3412 1247 3476 1294 ει
3527 1237 3692 1293 omuil

2561 1330 2818 1386 omnibus
2851 1338 3153 1399 separatus
3187 1336 3312 1392 est,
3343 1333 3412 1382 et
3435 1339 3636 1381 omnes
3671 1341 3692 1378 r

2561 1430 2652 1476 εει
2684 1435 2885 1488 corpus
2912 1419 3088 1486 Deus,
3123 1433 3332 1488 neque
3361 1431 3582 1487 corpus
3604 1418 3692 1474 cin

2565 1514 2908 1569 vestimenta.
2946 1510 3250 1582 Siquidem
3279 1519 3348 1566 et
3401 1525 3544 1566 cum
3607 1508 3661 1564 in

871 1622 1167 1680 scabellum
1194 1632 1277 1675 cst
1302 1640 1314 1675 :
1344 1628 1639 1688 antequam
1668 1627 2137 1681 creareturterra‚
2186 1616 2460 1672 abierant
2563 1620 2663 1661 ¹¹00
2690 1616 2820 1662 lunc
2862 1604 3011 1661 cadit
3069 1604 3128 1659 ῙΙΙ
3167 1617 3402 1673 corpus
3431 1619 3450 1654 τ
3491 1603 3592 1658 sed
3627 1617 3692 1656 ma

872 1712 1070 1781 pedes?
1098 1710 1204 1766 Sed
1231 1710 1448 1779 quando
1494 1709 1695 1762 dictum
1756 1717 1840 1762 est
1885 1710 2030 1763 ltoc:
2073 1708 2274 1764 Colum
2326 1708 2456 1762 mihi

2563 1708 2757 1751 natura
2815 1693 3144 1750 efficientias
3205 1691 3362 1748 l'ecit
3407 1708 3626 1762 corpus
3681 1707 3692 1746 ι

871 1803 1017 1855 sedes
1042 1838 1057 1865 ‚
1099 1811 1239 1854 terra
1299 1811 1471 1853 autem
1525 1798 1815 1853 scabellum
1879 1800 2068 1868 pedum
2115 1815 2349 1853 meorum
2365 1799 2455 1854 ⁸¹?
2491 1783 2531 1838 Β
2557 1787 2704 1842 enlm
2731 1800 2893 1855 δίψη
2933 1783 3146 1840 fluctus
3191 1800 3322 1840 ¹¹0⁰
3357 1785 3629 1841 ambula
3659 1784 3692 1825 ⁸¹

872 1889 1009 1944 Cum
1034 1889 1195 1944 lsrael
1231 1905 1482 1960 magnum
1524 1890 1653 1957 quid
1675 1899 1893 1958 saperet
1926 1891 1990 1944 de
2023 1890 2241 1960 templo,
2299 1891 2453 1946 adiu-

872 1983 1100 2036 veniens
1125 1982 1227 2036 sibi
1256 1980 1537 2050 templum.
1570 1980 1883 2050 corripiens
1935 1982 2080 2035 enim
2131 1980 2362 2038 humiles
2400 1989 2455 2037 et

874 2072 1195 2138 admonens,
1226 2071 1352 2142 quia
1382 2071 1522 2125 Deus
1545 2069 1743 2141 templo
1773 2086 1883 2127 non
1907 2072 2300 2139 circumdatur,
2329 2083 2456 2128 tuuc

873 2164 1044 2218 dicit:
1073 2161 1269 2218 Goelum
1290 2164 1419 2218 milri
1446 2164 1594 2218 sedes
1617 2205 1634 2232 ,
1661 2174 1797 2218 terra
1838 2175 2013 2218 aretem
2047 2165 2329 2219 scabellum
2361 2180 2455 2234 pe-

872 2253 999 2307 dum
1024 2268 1277 2307 meorum.
1305 2252 1415 2308 lloc
1443 2263 1499 2307 ut
1526 2254 1709 2321 parvis
1751 2252 2011 2322 loquitur.
2048 2254 2114 2308 Et
2139 2256 2266 2324 quid
2307 2256 2455 2311 addit

874 2343 1238 2414 interpretans
1259 2358 1322 2398 ea
1355 2359 1474 2413 quae
1495 2345 1633 2398 dixit
1660 2361 1674 2397 ε
1705 2343 1874 2409 Quam
1917 2346 2129 2398 domum
2165 2346 2454 2413 ‹edificabi-

874 2435 942 2488 tis
962 2436 1111 2495 ntiiii,
1138 2445 1187 2490 et
1219 2436 1333 2496 quis
1368 2435 1511 2488 locus
1562 2436 1897 2506 requietionis
1961 2453 2089 2492 meoe
2109 2437 2194 2493 ⁸³?
2217 2439 2295 2492 Ad
2352 2438 2455 2494 boc

875 2521 1003 2576 illud
1026 2523 1157 2578 utile
1184 2541 1199 2576 ε
1226 2521 1291 2577 ad
1321 2531 1569 2576 naturam
1595 2536 1774 2579 autem
1802 2527 2102 2595 nequidem
2127 2527 2280 2582 illud.
2310 2529 2453 2585 Audi

873 2614 1018 2666 euim
1046 2613 1189 2666 illius
1224 2611 1517 2681 magnilica:
1547 2615 1695 2668 vocis
1722 2615 2128 2671 admirationem
2155 2631 2172 2671 ε
2199 2616 2265 2672 Iu
2299 2635 2457 2672 mun·

877 2703 947 2756 do
981 2713 1117 2768 erat,
1150 2712 1243 2766 et,
1296 2704 1429 2756 venit
1473 2704 1543 2757 ad
1578 2709 1828 2760 ιιιιιιιόιιηι
1847 2706 1912 2760 ⁸⁸.
1965 2710 2266 2777 Antequam
2310 2710 2454 2764 enim

882 2804 1161 2866 putaretur
1208 2796 1421 2864 adesse,
1472 2798 1682 2853 aderat.
1719 2797 1835 2855 Non
1872 2811 1954 2855 est
1981 2802 2070 2856 ubi
2101 2819 2208 2856 nou
2233 2814 2362 2859 est:
2399 2813 2455 2859 et

873 2886 998 2955 quia
1031 2886 1231 2957 ubique
1277 2897 1377 2954 cst,
1408 2905 1513 2946 non
1549 2891 1915 2946 circumdatur
1941 2907 1972 2946 a
2009 2892 2146 2948 loco.
2205 2893 2260 2949 Si
2297 2896 2448 2950 enim

874 2980 930 3034 in
964 2979 1082 3036 loco
1109 2990 1244 3043 erat.
1263 2981 1315 3036 in
1346 2982 1455 3039 alio
1484 2983 1600 3038 loco
1625 2999 1731 3039 non
1756 2995 1895 3039 erat.
1921 2985 2058 3052 Quia
2095 2986 2238 3042 euim
2265 2989 2451 3045 omnia

871 3070 1063 3144 implet
1086 3073 1200 3129 loca
1222 3114 1238 3139 ‚
1268 3085 1322 3129 et
1358 3076 1609 3131 omnibus
1668 3089 1954 3147 separatus
1979 3085 2082 3145 εει,
2116 3081 2295 3146 adest,
2343 3096 2450 3136 non

872 3164 1027 3220 adest
1060 3182 1075 3219 ε
1112 3180 1217 3220 non
1252 3173 1405 3236 potes
1444 3166 1748 3238 intelligere
1783 3176 1861 3223 tu.
1893 3167 2167 3224 llocenim
2195 3179 2281 3226 est
2305 3173 2449 3241 quod
2477 3138 2520 3197 C

872 3257 1136 3326 quaeritur
1185 3274 1200 3310 ε
1263 3257 1399 3313 nibil
1448 3257 1892 3324 samaritanum,
1948 3260 2078 3314 nibil
2142 3259 2445 3328 Iudaicum,

874 3346 1003 3399 nibil
1033 3347 1133 3399 tale
1161 3355 1217 3399 ut
1246 3347 1397 3401 dicas
1428 3365 1442 3402 t
1482 3347 1669 3402 Patres
1700 3351 1863 3402 nostri
1909 3351 1962 3402 ιἰι
1989 3359 2164 3404 monle
2185 3351 2283 3404 leoc
2314 3353 2446 3406 arlo·

872 3448 1117 3491 faverunt
1163 3437 1227 3488 ⁸⁸.
1283 3436 1396 3493 lloc
1448 3440 1592 3493 enim
1657 3437 2119 3494 Samaritanorum
2154 3451 2287 3495 est:
2341 3439 2446 3496 Vos

874 3537 1045 3581 aulem
1097 3529 1272 3584 dicitis
1327 3529 1384 3582 in
1439 3526 1809 3601 Hierosolyma
1879 3546 1988 3585 esse
2033 3529 2281 3586 locum⁸⁸.
2329 3531 2446 3587 Non

876 3618 1007 3673 milii
1056 3630 1290 3684 montes,
1326 3634 1433 3674 non
1495 3620 1714 3689 templa,
1743 3636 1849 3675 non
1883 3622 2179 3688 civitatem,
2211 3638 2318 3677 nou
2358 3637 2446 3678 re-

876 3711 1111 3781 gionem,
1164 3727 1272 3766 non
1336 3711 1536 3777 locum,
1596 3728 1695 3768 nec
1748 3724 2109 3780 torram‚nec
2142 3729 2314 3782 mare,
2347 3729 2446 3771 nec

874 3817 1100 3868 aerem;
1145 3817 1266 3856 cum
1326 3804 1463 3859 coelo
1514 3803 1644 3858 nibil
1690 3803 1995 3861 ludaicum.
2027 3805 2173 3862 Bona
2200 3807 2285 3860 lex
2312 3818 2442 3865 est:

878 3893 965 3949 lac
991 3896 1173 3964 parvis
1196 3895 1328 3950 utile
1357 3905 1460 3950 est.
1495 3896 1695 3951 Factus
1746 3910 1807 3951 es
1854 3897 2144 3968 perlectus,
2181 3898 2444 3954 formatus

872 4001 954 4056 es,
1004 4001 1201 4042 excusa
1226 3988 1375 4055 illud,
1405 3990 1545 4057 quod
1577 3988 1872 4059 aliquando
1924 3989 2019 4046 tibi
2048 3990 2334 4045 videbatur
2364 3991 2443 4046 ci-

873 4082 1013 4136 vitas
1068 4081 1182 4149 Dei,
1241 4081 1496 4151 templum
1548 4080 1663 4150 Dei,
1719 4081 1975 4152 templum
2023 4081 2262 4138 Domini.
2303 4081 2442 4138 Dicit

871 4173 1015 4227 enim
1047 4170 1345 4226 Jeremias:
1396 4168 1669 4241 Templum
1718 4169 1952 4235 Domini,
2002 4174 2048 4226 si
2094 4171 2436 4237 servaveritis,

872 4264 1063 4332 inquit,
1092 4262 1340 4317 mandata
1364 4261 1572 4315 Domini
1595 4261 1662 4313 ⁸⁷.
1710 4261 1915 4318 Decora
1955 4278 2053 4317 vox
2083 4264 2256 4332 primo
2294 4264 2436 4318 testi.

871 4349 1124 4404 Salomon
1179 4359 1357 4404 autem
1413 4349 1695 4403 aedilicavit
1728 4350 1829 4404 sibi
1874 4351 2111 4415 domum,
2163 4353 2241 4407 ait
2280 4368 2296 4407 ι
2345 4354 2440 4408 εειΙ

868 4438 1188 4502 ΛΙιίιείιιιιιε,
1220 4439 1409 4508 iuquit.
1439 4455 1539 4492 non
1572 4438 1772 4492 habitat
1802 4441 1857 4493 in
1907 4441 2222 4511 matiusactis
2257 4445 2434 4499 laeomi-

870 4545 994 4582 ιιιιιιι
1013 4528 1081 4582 ⁸⁸.
1109 4529 1417 4586 Altissimus
1448 4540 1502 4584 ct
1530 4546 1635 4586 uon
1666 4531 1717 4585 in
1742 4533 1967 4587 civitate
1995 4550 2007 4587 ε
2036 4533 2350 4592 Altis-simus
2381 4547 2432 4593 et

870 4636 973 4675 non
1044 4621 1098 4674 in
1160 4623 1376 4691 templo.
1430 4623 1495 4677 Et
1558 4623 1694 4678 dicit
1740 4640 1835 4694 per
1868 4626 2034 4681 alium
2063 4630 2432 4697 proplietam:

869 4709 1098 4765 Sanctus
1128 4728 1264 4778 sunt,
1292 4723 1340 4767 et
1370 4731 1471 4768 nou
1501 4716 1765 4784 ingrediar
1798 4718 2063 4773 civitatem
2077 4719 2142 4774 ⁸⁹.
2169 4721 2226 4776 si
2253 4733 2432 4780 autem

868 4800 921 4855 in
972 4803 1243 4858 civitatem
1307 4821 1410 4860 nou
1470 4808 1792 4876 ingreditur,
1839 4810 2126 4881 intemplo
2160 4817 2432 4882 quomodo

868 4886 1111 4941 habitat?
1137 4897 1188 4942 ιιι
1220 4890 1431 4945 dicatur
1453 4893 1649 4947 coelum
1673 4893 1853 4961 sedes,
1889 4905 1946 4948 ιιι
1970 4911 2075 4950 ιιοιι
2104 4897 2296 4952 domus
2329 4914 2431 4969 pu-

866 4987 1011 5034 tetur
1038 4989 1092 5034 ει
1124 4988 1269 5036 terra
1300 4983 1639 5038 scabellum?
1668 4984 1768 5051 Qui
1792 4995 1972 5040 autem
2013 4990 2163 5042 novit
2191 5005 2313 5043 eum
2338 4990 2430 5060 qui

863 5083 923 5124 se
954 5069 1161 5139 genuit,
1186 5071 1302 5137 ipse
1330 5074 1435 5127 scit
1480 5084 1537 5128 ct
1572 5075 1774 5130 revelat
1806 5077 1932 5145 quia
1987 5077 2164 5134 nullus
2197 5095 2322 5134 cum
2349 5082 2431 5136 vi-

863 5160 962 5219 dit.
998 5162 1067 5217 Et
1110 5172 1259 5218 certe
1294 5165 1438 5220 venit
1487 5164 1670 5231 Pater,
1697 5177 1753 5222 ει
1787 5169 1991 5223 habitat
2025 5177 2078 5224 ει
2111 5170 2426 5229 inambulat.

864 5252 930 5306 Et
956 5264 1106 5311 certe
1132 5256 1220 5309 illa
1268 5258 1653 5326 consequentia
1691 5276 1799 5316 nou
1826 5263 2070 5318 consedit
2099 5263 2212 5335 (12)
2242 5266 2429 5320 ambu-

860 5339 1137 5404 lationem.
1167 5345 1226 5400 Si
1256 5346 1399 5401 euim
1439 5355 1607 5402 totum
1637 5350 1838 5405 coelum
1873 5353 2027 5408 sedes
2056 5353 2192 5420 eius,
2225 5362 2280 5409 et
2319 5364 2427 5410 tota

2555 1895 2623 1952 go
2661 1878 2822 1935 Jesus
2843 1892 2941 1950 per
2970 1893 3206 1948 corpus.
3247 1876 3388 1935 Non
3415 1893 3561 1950 ergo
3595 1877 3692 1933 dei!

2556 1984 2808 2042 corpore,
2859 1969 2956 2026 sed
2985 1983 3204 2040 corpus
3241 1969 3556 2026 elevatum
3593 1977 3677 2025 εει

2555 2077 2774 2135 corpus,
2798 2064 2918 2134 ejus
2947 2062 3101 2118 enim
3127 2069 3354 2117 natura
3399 2071 3522 2118 εει.
3551 2061 3692 2132 Quia

2555 2156 2743 2210 adesse
2774 2154 3024 2224 dignatus
3069 2161 3188 2218 cst.
3217 2152 3410 2207 simul
3465 2167 3602 2209 cum
3622 2166 3692 2222 sp:

2557 2253 2662 2300 tem
2689 2259 2792 2299 eon
2823 2243 3072 2300 incidens
3104 2257 3138 2297 a
3169 2257 3264 2310 εε,
3303 2255 3368 2300 ει
3397 2244 3588 2300 lutum
3611 2245 3692 2301 fiel

2553 2347 2713 2405 sputo
2748 2346 2928 2390 autem
2974 2346 3030 2389 et
3085 2334 3210 2390 luto
3267 2336 3490 2392 oculos
3549 2337 3650 2408 qui

2554 2428 2809 2499 figuravit
2835 2443 2850 2479 :
2881 2435 2938 2481 ut
2966 2426 3035 2481 ab
3059 2427 3230 2482 initio
3265 2428 3537 2486 intueris
3573 2439 3689 2484 totu

2554 2535 2655 2592 pus
2679 2520 3013 2581 alleviatum.
3038 2528 3104 2574 ει
3151 2521 3522 2578 vestimenta
3573 2537 3692 2593 cort

2553 2621 2609 2668 et
2654 2611 2723 2666 ad
2775 2611 3144 2677 vestimenta,
3183 2621 3250 2666 ut
3303 2613 3516 2670 videas
3533 2616 3692 2685 quia*

2554 2718 2750 2760 ornnes
2801 2713 3057 2774 penetrat
3094 2705 3197 2774 qui
3265 2705 3624 2777 tetigerunt.
3681 2708 3692 2760 l

2553 2794 2806 2851 calefacit
2839 2793 3096 2865 proxima
3143 2795 3254 2851 sibi
3283 2837 3302 2860 .
3359 2807 3424 2852 et
3469 2813 3576 2869 per
3627 2813 3688 2854 ca

2553 2888 2919 2959 adjunguntur
2999 2885 3304 2943 calefactis
3393 2889 3654 2946 calorem

2551 2975 2910 3035 sanctificavit
2945 2975 3230 3036 Dominus
3259 2993 3483 3052 corpus
3523 2982 3681 3054 quod

2552 3084 2754 3140 corpus
2779 3077 3026 3140 sputum,
3059 3080 3123 3126 et
3161 3087 3262 3142 per
3285 3087 3514 3143 corpus
3543 3075 3690 3131 vesti

2561 3160 2758 3217 nmlier
2778 3175 2896 3231 quae
2923 3163 3328 3218 summitatem
3379 3163 3634 3220 limbriae
3675 3175 3692 3218 t

2557 3261 2757 3318 torum,
2791 3253 2993 3309 fontem
3019 3252 3415 3312 insanabilem
3445 3258 3690 3327 sanguin

2557 3344 2648 3399 r‘a't
2672 3359 2768 3415 per
2813 3344 3090 3400 limbriaut
3125 3346 3408 3404 sanitatis
3451 3349 3692 3404 medela·

2553 3437 2762 3492 scilicet
2791 3451 2912 3507 quae
2949 3437 3147 3492 aderat
3179 3439 3238 3493 in
3265 3454 3526 3510 corpore
3560 3440 3688 3496 :sed

2553 3531 2922 3599 praesentiam.
2953 3527 3149 3598 Neque
3183 3529 3370 3601 igitur
3405 3531 3540 3602 ipse
3571 3547 3692 3602 corp

2554 3618 2783 3675 babuit:
2813 3621 2907 3674 sed
2929 3622 3136 3692 quibus
3172 3632 3309 3678 erat
3333 3624 3486 3680 utile
3515 3627 3692 3681 contio

2550 3718 2608 3764 ει
2664 3723 2881 3780 corpus,
2909 3720 2968 3767 et
3023 3727 3126 3782 per
3175 3715 3470 3785 spiritum
3531 3719 3692 3772 viden

2552 3799 2743 3866 Deum,
2762 3800 2854 3869 qui
2889 3801 3199 3857 ministerio
3231 3803 3680 3876 incorporalium

2550 3890 2831 3946 nisterium
2871 3901 3055 3948 autem
3079 3895 3328 3952 audiens
3369 3913 3492 3954 nou
3549 3911 3692 3954 neces

2549 3982 2732 4049 debes,
2766 3984 2860 4039 sed
2897 3983 3232 4040 beneficium
3281 4003 3504 4046 eorum
3541 3991 3630 4058 qui
3669 4003 3692 4042 ιι

2548 4089 2704 4128 usum
2755 4083 2937 4130 tamen
2991 4074 3114 4143 ejus
3163 4077 3269 4145 qui
3307 4081 3692 4137 ministratur:

2548 4183 2646 4225 nos
2683 4169 2794 4241 (¹5)
2822 4185 3110 4240 prosumus
3136 4169 3283 4236 Deo,
3313 4175 3460 4245 quia
3485 4177 3692 4231 videram

2550 4261 2788 4316 tendere.
2816 4259 2988 4316 Nobis
3012 4261 3159 4315 enim
3187 4258 3432 4320 lucrum
3459 4275 3563 4330 est.
3591 4273 3646 4320 ιιι
3670 4278 3692 4318 r

2546 4352 2702 4408 nobis
2727 4351 2935 4406 lucrum
2969 4360 3054 4407 εει
3087 4352 3135 4407 sl
3179 4367 3306 4409 non
3341 4371 3628 4426 perversas
3675 4355 3692 4410 l

2547 4443 2656 4499 Deo
2682 4454 2907 4510 mentes,
2943 4457 3009 4498 ne
3027 4453 3086 4498 et
3111 4441 3463 4505 decidamus
3506 4463 3537 4504 a
3563 4447 3688 4502 Deo.

2540 4536 2722 4591 omnis
2753 4550 2782 4589 a
2813 4533 2950 4600 Deo,
2978 4534 3068 4604 qui
3105 4534 3306 4592 aliena
3348 4541 3514 4611 sapit.
3539 4541 3614 4596 De
3659 4551 3692 4608 q

2540 4626 2613 4681 ita
2645 4635 2705 4679 ιιι
2725 4634 2827 4689 εει,
2865 4625 3030 4680 babes
3067 4639 3198 4679 euru
3239 4645 3261 4683 a
3305 4630 3360 4686 si
3391 4639 3572 4684 autem
3593 4629 3692 4682 aliu

2540 4719 2757 4783 laveris,
2794 4732 2916 4772 cum
2943 4717 3034 4788 qui
3079 4726 3168 4772 εει
3207 4735 3336 4777 non
3369 4722 3615 4779 habebis.
3641 4721 3692 4786 -0

2538 4809 2663 4864 visti
2686 4823 2844 4879 quem
2877 4821 3052 4878 putas,
3092 4825 3206 4864 nou
3239 4812 3426 4872 habes
3445 4830 3568 4870 eum
3597 4827 3690 4883 :qu

2535 4899 2604 4954 lis
2627 4900 2837 4969 qualem
2866 4889 3046 4970 putas.
3109 4900 3240 4957 Non
3303 4907 3378 4962 de
3419 4905 3654 4978 quolibet

2535 4989 2827 5045 irridemus
2855 5004 2951 5046 eos
2994 4993 3212 5061 etquis
3279 4995 3398 5052 iata
3457 5011 3626 5068 parva
3669 4993 3692 5046 d

2535 5086 2786 5153 ignorant
2815 5092 2960 5136 artes
2987 5097 3003 5134 ι
3029 5083 3128 5138 ubi
3158 5099 3272 5142 ars
3305 5098 3400 5146 est
3425 5085 3692 5144 neccssarit

2535 5182 2894 5244 assequuntur
2961 5188 3026 5229 ea
3085 5189 3218 5245 quae
3277 5183 3538 5245 audiunt.
3599 5179 3692 5248 [rell

2535 5276 2641 5321 tem
2666 5265 2777 5336 (14)
2807 5267 2976 5333 vides,
3009 5267 3291 5337 dicimus,
3330 5291 3446 5331 non
3479 5273 3652 5340 audis,
3683 5284 3692 5323 ι

2534 5355 2700 5426 igitur
2723 5359 2789 5413 de
2817 5358 2901 5413 lus
2932 5373 3056 5427 quae
3089 5360 3408 5422 bominum
3437 5374 3584 5432 suut,
3627 5359 3692 5420 eu!

949 5523 993 5555 ⁸¹
1026 5523 1126 5583 lsa.
1154 5544 1296 5594 uvi,
1332 5530 1384 5585 l.
1459 5527 1506 5563 ⁸³
1540 5532 1667 5593 ibid.
1731 5536 1954 5593 ⁸³Joan.
1991 5537 2136 5604 t‚lO.
2214 5538 2258 5570 ⁸⁸
2279 5538 2434 5597 Joan.
2461 5556 2535 5602 tv.
2560 5540 2651 5597 20.
2727 5541 2773 5573 ³⁸
2809 5540 2940 5597 ibid.
3017 5541 3066 5577 ⁸¹
3097 5543 3221 5601 δεῖ.
3259 5565 3390 5620 vn,
3423 5553 3480 5610 t.
3549 5551 3692 5608 ”set

859 5592 949 5647 24.
1026 5596 1069 5628 ³⁹
1101 5597 1223 5654 Οεε.
1261 5616 1333 5665 xt,
1361 5601 1414 5656 9.
1525 5601 1569 5634 ⁸⁰
1605 5607 1760 5660 Rom.
1788 5623 1908 5676 xm,
1933 5606 2021 5663 Η.
2096 5607 2140 5639 “
2170 5608 2328 5667 Joan.
2364 5625 2441 5680 ιἰ,
2486 5611 2573 5668 ῒ9.
2677 5613 2721 5644 “
2757 5611 2945 5667 Mattb.
2979 5627 3067 5678 tx.
3101 5617 3324 5678 *so-22.

929 5683 1043 5819 ἑξ)
1074 5685 1340 5770 Consedit.
1363 5689 1519 5744 Forte
1546 5695 1802 5753 concedit.

1022 5759 1042 5820 )
1076 5754 1208 5813 llos.
1248 5757 1412 5815 Forte
1437 5777 1558 5815 ιιοιι.

2605 5701 2718 5771 (u)
2745 5701 3035 5759 Dicentem.
3069 5703 3250 5768 Forte
3283 5713 3550 5772 diceutes.
