3692 6134
1055 317 1555 379 commmunia
1591 320 1660 377 tx
1696 318 1958 381 isaim.
1994 353 2069 370 -
2100 321 2257 381 CAP.
2299 321 2440 380 XIV.

3257 320 3359 379 194

319 453 331 509 Ι
357 434 438 498 ⁸¹<
456 435 635 511 Ψυὴ
661 436 789 506 ⁶⁶5²
817 455 937 508 σου,
962 443 996 515 ἡ
1019 443 1190 519 πολλή
1213 444 1521 520 εὐφροσύνη
1554 463 1674 502 σου.
1707 448 1753 505 Α
1782 455 1925 503 tatus
1973 463 2057 503 es.
2085 445 2371 504 Descendit
2412 446 2466 503 in
2498 443 2768 501 infernum
2803 443 2974 517 gloria
3024 452 3138 510 tua,
3188 442 3356 500 multa

319 531 410 586 ἰτυ
449 547 543 587 σου
582 532 882 605 στρώσουσι
937 536 1123 608 σῆψιν,
1167 540 1264 594 καὶ
1320 539 1384 594 τὸ
1428 541 1677 597 κατακά-

336 638 431 677 σου
464 622 700 696 σκώληξ.
750 625 879 690 Πῶς
924 625 1183 692 ὶξέπεσεν
1226 630 1293 684 ἐκ
1321 630 1415 686 τοῦ
1444 632 1675 705 οὐρανοῦ

319 710 487 785 φόρος
511 713 542 767 ὁ
575 713 717 786 πρωῒ
748 716 1388 794 ἀνατέλλωνισυνετρίὸη
1407 722 1543 795 πρὸς
1575 723 1677 796 τὴν

319 804 640 860 ιπστέλλων
683 806 819 879 πρὸς
873 808 1055 866 πάντα
1099 811 1169 867 τά
1207 812 1369 886 έθνης
1405 834 1426 867 ι
1465 816 1530 871 ot
1574 816 1674 889 μὲν

336 894 511 962 δντες,
548 896 701 969 φησὶ,
723 896 791 952 τά
812 898 1069 973 ἀνωτέρω
1087 902 1350 976 εἰρημένα
1385 906 1668 978 φήσουσιν·

319 1005 345 1044 ν
377 987 717 1060 ἀνθρώπινον
747 992 1154 1061 ἀπαλλάξαντες
1190 995 1324 1068 βίον,
1354 998 1446 1054 κα*
1484 997 1673 1071 ῶσπερ

321 1084 404 1144 οῖς
429 1085 547 1147 τοῖς
567 1082 663 1139 τοῦ
693 1084 823 1158 ᾅδου
857 1085 1079 1159 χωρίοις
1105 1089 1544 1160 ἀπολειφθέντες,
1580 1092 1676 1149 καὶ

319 1174 361 1246 ᾖ
401 1173 645 1250 ἀπωλείᾳ
697 1177 863 1234 αὐτοῦ
917 1177 1131 1246 λέξουσι
1169 1181 1243 1238 τά
1282 1183 1670 1257 επιφερόμενα.

342 1262 401 1319 δε
421 1265 546 1332 τοὺς
570 1266 693 1324 ἐκεῖ
714 1271 925 1338 πάντας
952 1273 983 1328 δ
1017 1273 1172 1347 ᾅδης,
1208 1276 1302 1330 καὶ
1333 1277 1367 1348 ή
1391 1277 1672 1348 εφεστῶσα

319 1355 374 1412 ἶιν
412 1356 753 1431 τεθνηκότων
790 1362 989 1437 ψυχαῖς
1039 1364 1289 1439 δύναμις,
1343 1367 1532 1442 ῶσπερ
1583 1386 1670 1434 τις

319 1446 467 1519 ηρίου
512 1450 857 1522 τυγχάνουσα
894 1455 1147 1530 φρουρὸς,
1196 1457 1439 1514 κάτωθεν
1468 1461 1533 1516 ὲκ
1558 1461 1668 1516 τῶν

319 1537 387 1591 ῶν
419 1537 609 1612 μυχῶν
626 1542 764 1614 μετὰ
794 1541 965 1614 θυμοῦ
982 1546 1076 1602 καὶ
1109 1547 1280 1622 όργῆς
1298 1551 1669 1628 &munufice-

338 1626 541 1682 Τούτου
560 1628 621 1685 δὶ
638 1628 827 1706 ὥσπερ
842 1631 1103 1708 άρχοντος
1123 1637 1232 1693 τῶν
1260 1641 1379 1696 ἐκεῖ
1398 1641 1666 1715 κρατοῦν-

328 1717 530 1774 οῑκείου
572 1719 939 1796 διεγερθέντος
977 1724 1193 1799 θρόνου,
1247 1730 1342 1785 καὶΙ
1391 1733 1442 1784 οἱ
1487 1729 1667 1785 λοιποὶ

1777 536 1965 594 laetitia
1999 547 2112 595 tua.
2139 538 2341 595 Subter
2377 547 2430 594 te
2457 544 2701 595 sternent
2725 535 2950 599 tineam.
2972 544 3029 592 et
3051 535 3357 606 operimen-

1780 637 1895 684 tum
1929 636 2082 685 tuum
2112 629 2338 685 vermis.
2371 627 2649 697 Quomodo
2677 625 2876 683 cecidit
2926 626 2991 681 tle
3018 624 3159 682 coelo
3188 623 3355 682 Luci-

1776 720 1880 789 ser,
1913 721 2005 793 qui
2037 736 2197 777 mane
2230 720 2556 777 oriebatur!
2586 719 2857 777 contritus
2903 730 2987 775 est
3035 718 3102 773 ad
3149 726 3354 774 terram

1774 813 1868 884 qui
1900 812 2152 870 mittebat
2173 813 2241 869 ad
2268 827 2460 870 omnes
2488 811 2717 883 gentes?
2757 831 2776 864 ι
2814 810 2913 879 Qui
2946 810 3000 865 in
3028 819 3170 865 terra
3200 818 3347 876 suut,

1775 903 1973 974 iuquit,
2010 919 2098 970 ea,
2127 919 2247 974 quae
2272 903 2525 974 superius
2552 903 2694 958 dicta
2720 911 2885 967 suut,
2914 899 3225 973 preteream
3254 897 3348 970 qui

1776 1006 1954 1051 autem
1982 996 2220 1051 bumana
2246 997 2358 1052 vita
2387 994 2583 1060 suncti,
2618 1004 2672 1049 et
2705 995 2759 1048 in
2792 993 2925 1049 locis
2962 990 3159 1047 inferni
3193 987 3348 1059 quasi

1776 1085 1829 1141 in
1856 1085 2087 1142 vinculis
2113 1085 2450 1151 detinentur,
2484 1084 2583 1155 ipsi
2636 1097 2851 1154 quoque
2882 1097 3044 1153 super
3069 1080 3184 1151 ejus
3234 1080 3353 1137 exi-

1777 1176 1852 1232 tio
1884 1190 1962 1230 ea-
1976 1191 2097 1248 quae
2122 1175 2472 1246 superaddita
2498 1183 2628 1230 sunt
2667 1172 3111 1244 pronuntiabunt.
3149 1169 3352 1227 Omnes

1773 1283 1937 1339 porro
1969 1265 2079 1322 illic
2115 1276 2396 1323 versantes
2429 1274 2764 1335 praevertens
2800 1260 3081 1326 infernus,
3134 1275 3346 1316 necnon

1771 1358 1948 1414 virtus
1994 1357 2080 1412 illa
2127 1371 2250 1428 qua*
2287 1363 2623 1410 mortuorum
2670 1351 2958 1407 animabus
2983 1359 3213 1422 praeest;
3249 1364 3348 1406 ceu

1769 1448 2018 1520 quaedam
2044 1444 2283 1504 carceris
2315 1453 2504 1500 custos
2532 1458 2600 1498 ex
2641 1441 2766 1497 imis
2802 1441 3213 1512 tenebrosisque
3258 1455 3353 1511 pe-

1772 1538 2072 1594 netralibus
2115 1552 2239 1593 cum
2296 1531 2482 1590 surore
2530 1544 2584 1587 et
2627 1531 2709 1587 ira
2756 1532 3001 1604 insurget
3042 1541 3235 1588 contra
3273 1541 3348 1589 te.

1769 1630 1884 1688 Hoc
1916 1641 2097 1687 autem
2133 1629 2378 1702 principe
2405 1626 2529 1682 istic
2557 1626 2878 1698 imperante,
2912 1642 2978 1682 ex
3022 1624 3222 1682 throno
3249 1640 3350 1684 suo

1768 1723 2057 1788 excitato,
2107 1721 2303 1792 reliqui
2329 1735 2521 1776 omnes
2554 1721 2833 1793 gigantes,
2888 1721 3005 1778 sive
3049 1719 3348 1777 secuudum

332 1809 601 1880 γίγαντες,
642 1815 693 1868 ol
732 1815 875 1872 κατὰ
912 1819 1040 1884 τους
1085 1820 1425 1894 ερμηνευτὰς
1478 1840 1498 1874 ς
1547 1822 1674 1877 Ῥα-
1703 1818 1747 1877 Β
1778 1812 2015 1880 reliquos
2048 1813 2375 1882 interpretes
2405 1830 2424 1862 t
2450 1809 2740 1882 Rapltaim,
2772 1827 2793 1863 a
2825 1825 2932 1866 una
2965 1818 3346 1867 surrexerunt.

363 1903 781 1978 συνανέστησαν.
822 1907 982 1974 Τίνες
1016 1909 1076 1964 δὲ
1116 1904 1286 1975 οὗτοι,
1324 1911 1672 1984 διερμηνεύει

341 1995 405 2050 Oi.
438 1995 691 2069 ἄρχοντες
726 2001 830 2070 τῆς
864 2000 991 2071 γῆς,
1025 2002 1075 2054 οἱ
1120 2001 1434 2073 ἐγείραντες
1465 2004 1528 2057 ὲκ
1566 2002 1675 2057 τῶν

327 2086 507 2141 αὐτῶν
538 2089 746 2155 πάντας
782 2090 1017 2162 βασιλεῖς
1062 2091 1254 2157 ἐθνῶν,
1304 2093 1400 2147 καὶ
1438 2094 1507 2148 τὰ
1535 2094 1674 2150 αὺτά

319 2180 685 2253 τηγορουμένῳ
730 2182 941 2254 βασιλεῖ
990 2183 1310 2252 Βαδυλῶνος
1346 2187 1668 2258 πράξαντες.

319 2272 519 2345 γυμνὴν
553 2274 649 2329 καὶ
677 2274 881 2348 ἔρημον
906 2276 1001 2331 τοῦ
1026 2277 1279 2351 σώματος
1296 2280 1395 2354 τήν
1416 2281 1510 2336 τοῦ
1540 2300 1669 2339 ποτε

320 2378 511 2428 σαντος
558 2362 879 2431 Βαδυλῶνος
923 2367 1100 2441 ψυχὴν
1119 2370 1354 2444 ὁρῶντες
1409 2375 1669 2445 φήσουσιν

319 2451 414 2510 Καὶ
445 2453 541 2510 σοῦ
562 2456 831 2529 κρείττων
871 2459 1059 2530 γέγονε
1091 2461 1339 2529 θάνατος,
1369 2465 1446 2531 ώς
1477 2466 1572 2522 καὶ
1605 2468 1666 2524 σε

328 2729 522 2785 ’ἀλλὰ
561 2731 670 2787 τῶν
710 2733 928 2790 πάντων
967 2736 1194 2792 ἐκείνων
1237 2739 1413 2811 πέρας
1446 2741 1521 2813 γῆ
1569 2743 1664 2797 καὶ

330 2822 648 2892 διαδέξεται,
689 2823 908 2899 σκώληξ
948 2843 1010 2881 τε
1064 2829 1161 2883 καὶ
1211 2830 1431 2902 σαρκῶν
1476 2833 1660 2906 σῆψις.

319 2914 374 2971 δέ
412 2933 472 2971 σε
503 2918 567 2973 οὐ
593 2916 785 2990 θνητὸν
820 2919 1174 2992 ενομίζομεν·
1226 2922 1579 2997 ἀπατώμενοι
1605 2927 1663 2982 δὲ

340 3009 401 3065 σὲ
424 3009 574 3084 δόξῃ,
600 3008 680 3082 τῷ
707 3009 829 3067 κατ’
855 3012 1084 3085 οὐρανὸν
1127 3015 1497 3089 λαμπροτάτῳ
1544 3038 1662 3090 φω-

319 3100 376 3173 τῷ
400 3102 492 3157 τὸν
517 3102 669 3175 ήλιον
687 3104 1150 3178 προσκαλουμένῳ
1184 3106 1478 3183 Ἑωσφόρῳ
1501 3111 1661 3165 ἀπει-

319 3207 344 3244 u.
404 3191 477 3247 Σὺ
526 3191 584 3247 δὲ
638 3194 733 3248 επὶ
788 3194 971 3261 σαυτῷ
1032 3196 1127 3250 καὶ
1180 3195 1404 3268 μείζονα
1454 3200 1663 3257 τούτων

319 3300 339 3348 ς
376 3285 640 3358 γαυριῶν,
683 3288 781 3343 καὶ
824 3288 990 3362 μανίᾳ
1017 3290 1230 3363 φρενῶν
1266 3290 1664 3366 ἀλαζονευόμε-

352 3378 547 3432 σαυτδν
598 3377 677 3450 τῷ
715 3378 924 3453 ὑψίστῳ
966 3379 1087 3454 Θεῷ
1132 3381 1519 3455 παραόάλλειν,
1565 3386 1662 3441 καὶ

319 3486 357 3534 ’ς
385 3469 642 3545 οὐρανίας
674 3471 869 3543 ἀψίδας
896 3474 988 3529 τὸν
1018 3475 1217 3530 σαυτοῦ
1253 3475 1443 3550 θρόνον
1476 3478 1664 3551 θήσειν

319 3558 479 3616 ισθαι.
509 3562 691 3619 Ταῦτα
718 3565 815 3637 μὲν
838 3560 935 3621 οὖν
960 3568 1090 3640 περὶ
1115 3566 1208 3622 σοῦ
1239 3569 1423 3640 ἡμεῖς,
1448 3568 1662 3643 θνητοῖς

319 3655 369 3717 ῖς
391 3654 759 3727 ἀπατώμενοι,
786 3657 1171 3730 διενοούμεθα·
1207 3660 1431 3716 τοιαῦτα
1469 3661 1529 3717 δὲ
1568 3665 1663 3718 καὶ

319 3742 487 3815 ιαυτῷ
513 3744 724 3817 φρενῶν
747 3747 1002 3804 ἐκστάσει
1032 3749 1300 3825 έφρόνεις.
1345 3748 1453 3807 Ἦν
1478 3753 1525 3808 δ’
1551 3755 1664 3828 ἄρα

348 3851 419 3888 πε
424 3837 480 3908 pi.
510 3836 572 3890 σε
611 3836 797 3903 τέλους
838 3839 1058 3911 ἔλεγχος
1086 3843 1117 3896 ὁ
1145 3844 1336 3916 χρόνος
1361 3844 1485 3899 καθ
1510 3846 1541 3900 ὃ
1565 3847 1661 3903 ἑά-

319 3928 390 3981 ιδε
430 3930 545 3992 τοῖς
583 3932 788 3994 λοιποῖς
823 3931 1135 4002 ἀνθρώποις
1175 3935 1367 4006 ὁμοίαν
1411 3938 1661 4011 ὶσχηκῶς

319 4020 455 4075 ν.οί
485 4020 587 4092 μὲν
610 4022 721 4095 γὰρ
743 4024 830 4094 ἀφ
861 4025 1111 4097 ήσυχίας,
1138 4027 1323 4100 ἠρέμα
1341 4032 1437 4084 καὶ
1469 4031 1661 4104 πράως

338 4112 547 4169 έαυτῶν
582 4115 785 4180 ἑστίας,
822 4116 886 4172 τὸ
926 4118 1088 4190 χρέος
1129 4120 1428 4176 ἀπέδοσαν·
1464 4122 1528 4177 συ
1576 4123 1657 4190 δὲ,

375 4204 648 4277 πολεμίων
689 4209 931 4285 μαχαίρᾳ
978 4210 1080 4283 τὴν
1131 4211 1275 4285 ζωήν
1315 4215 1657 4289 ἀφαιρεθεὶς,

331 4294 536 4366 ἄταφος
592 4300 818 4374 ῥιφήση,
880 4301 1044 4375 θηρσὶ
1111 4302 1246 4377 βορὰ
1296 4307 1391 4362 καὶ
1452 4309 1659 4377 οἰωνοῖς

319 4401 425 4450 νος.
473 4387 620 4453 Ἕως
654 4390 754 4461 μὲν
784 4385 879 4445 οὗν
912 4395 1252 4465 συνειστήκει
1297 4397 1332 4468 ή
1383 4398 1656 4463 Βαὸυλὼν,

1775 1902 2010 1970 Quinam
2046 1917 2176 1958 vero
2205 1903 2262 1959 lti
2313 1912 2495 1959 essent
2539 1903 2773 1976 explicat
2815 1904 3044 1968 dicens,
3074 1903 3351 1975 principes

1775 2000 1962 2056 terrae,
1993 1991 2085 2062 qui
2114 2007 2177 2046 ex
2210 1991 2422 2046 thronis
2464 1995 2577 2048 suis
2619 1993 2929 2049 excitarunt
2961 2008 3153 2051 omnes
3191 2007 3349 2066 reges

1772 2082 2016 2156 gentium
2052 2104 2066 2139 :
2098 2084 2190 2154 qui
2225 2082 2377 2150 paria
2406 2096 2470 2136 ac
2508 2081 2598 2137 ille
2627 2098 2751 2137 reus
2787 2083 3077 2155 Babylonis
3103 2101 3195 2141 rex
3222 2101 3346 2157 per-

1771 2183 2077 2246 petrarunt.
2111 2174 2176 2231 ni
2204 2191 2335 2233 vero
2363 2177 2560 2234 nudam
2589 2187 2646 2232 et
2679 2189 2919 2245 corpore
2966 2175 3157 2231 orbam
3199 2176 3347 2231 illius

1770 2271 1900 2327 olim
1935 2269 2246 2343 Babylonici
2284 2272 2427 2345 regis
2456 2270 2698 2325 animam
2747 2278 3062 2335 cernentes,
3113 2269 3193 2325 sic
3226 2284 3343 2324 eam

1767 2360 2171 2434 compellabant
2200 2380 2214 2416 τ
2250 2363 2499 2419 Etiamne
2525 2369 2578 2418 te
2611 2361 2812 2418 l'ortior
2843 2376 2991 2417 mors
3019 2360 3139 2428 suit,
3187 2360 3258 2416 ita
3288 2372 3347 2415 ut

1769 2463 1821 2510 te
1851 2454 2083 2511 similem
2135 2456 2295 2512 nobis
2342 2470 2463 2512 esse
2512 2453 3008 2513 evinceretYNiliil
3054 2468 3183 2524 ergo
3227 2466 3343 2511 erat

1768 2554 1986 2603 terrena
2030 2546 2121 2601 illa
2152 2545 2285 2612 vita.
2314 2546 2516 2604 divitiae
2538 2587 2556 2616 ,
2594 2545 2766 2619 gloria
2793 2556 2850 2602 et
2888 2555 3035 2602 tauta
3063 2545 3340 2616 potentia:

1765 2637 1861 2695 sed
1886 2638 2140 2695 omnibus
2165 2638 2251 2694 ltis
2283 2638 2408 2697 linis
2433 2641 2536 2697 erit
2576 2650 2720 2697 terra
2750 2650 2805 2695 et
2831 2638 3030 2712 pulvis,
3058 2635 3263 2694 vermis
3289 2648 3343 2695 et

1763 2729 1951 2784 carnis
1977 2730 2226 2801 putredo.
2264 2729 2375 2787 Nos
2399 2746 2529 2787 vero
2553 2739 2609 2788 te
2639 2730 2919 2787 mortalem
2949 2730 3174 2787 minime
3216 2745 3341 2789 esse

1764 2818 2090 2891 putabamus
2122 2839 2137 2876 ε
2174 2836 2238 2877 ac
2274 2821 2447 2892 gloria
2498 2833 2555 2877 te
2582 2822 2954 2878 circumdante
3003 2821 3218 2896 decepti
3241 2862 3261 2891 ,
3286 2830 3343 2879 te

1775 2911 2215 2982 splendidissimo
2244 2913 2453 2970 coelesti
2503 2912 2797 2980 luminari,
2849 2914 3126 2985 solemque
3168 2913 3340 2972 advo·

1761 3005 1907 3060 canti
1935 3003 2186 3061 Lucifero
2207 3006 2676 3075 comparabantus.
2712 3004 2793 3061 Tu
2827 3018 2957 3058 vero
2986 3014 3037 3062 te
3066 3006 3227 3062 etiam
3258 3006 3342 3062 bis

1765 3095 2026 3164 malorem
2077 3097 2455 3166 arbitrabaris,
2478 3096 2767 3154 lasciviens
2791 3113 2858 3153 ac
2898 3098 3095 3153 mentis
3129 3099 3338 3154 insania

1767 3189 1842 3244 ita
1871 3188 2216 3259 superbiens,
2243 3198 2301 3245 ut
2337 3199 2389 3245 te
2417 3188 2685 3246 altissimo
2723 3187 2837 3245 Deo
2869 3188 3168 3251 conferres.
3202 3203 3264 3245 ac
3288 3198 3341 3244 te

1768 3280 2021 3337 titt-onum
2055 3289 2207 3337 tuum
2241 3295 2405 3353 supra
2459 3279 2708 3339 coelestes
2752 3280 2992 3337 fornices
3034 3280 3338 3342 positurum

1762 3386 1886 3430 esse
1915 3371 2219 3444 jactitares.
2250 3373 2376 3430 ttaec
2402 3374 2568 3445 igitur
2599 3387 2697 3430 nos
2739 3372 3065 3430 mortalibus
3114 3370 3339 3429 ratioci-

1766 3463 1875 3520 niis
1898 3464 2130 3536 decepti,
2179 3466 2246 3522 de
2274 3476 2327 3520 te
2351 3466 2712 3538 cogitavimus
2744 3481 2760 3520 ι
2794 3464 2921 3520 talia
2959 3474 3015 3520 et
3044 3472 3099 3520 tu
3155 3475 3340 3521 mente

1765 3565 1959 3627 captus
1990 3558 2059 3614 de
2086 3567 2141 3614 te
2170 3557 2289 3627 ipso
2314 3559 2610 3616 sentiebas.
2646 3558 2719 3614 At
2760 3557 2848 3614 vel
2894 3555 3069 3611 solum
3124 3564 3339 3626 tempus

1763 3662 1873 3718 quo
1893 3657 2085 3718 captus
2108 3657 2164 3704 et
2190 3648 2488 3718 victuses,
2535 3648 2882 3705 manifestum
2922 3657 3042 3704 erat
3088 3647 3211 3705 linis
3258 3650 3337 3705 tui

1761 3754 2145 3815 argumentum
2181 3760 2197 3799 ε
2233 3758 2410 3815 neque
2434 3744 2669 3801 similem
2702 3743 2824 3800 aliis
2849 3743 3160 3800 bominibus
3191 3760 3340 3800 mor·-

1764 3843 1874 3891 tem
1906 3848 1968 3890 es
2011 3842 2351 3892 consecutus.
2401 3834 2480 3892 llli
2517 3836 2716 3907 quippe
2752 3836 2996 3904 sensim,
3061 3836 3249 3907 quiete
3280 3845 3338 3894 et

1760 3925 1906 3982 domi
1934 3925 2178 3982 debitum
2207 3927 2536 3995 solverunt;
2570 3938 2627 3984 tu
2654 3943 2783 3985 vero
2830 3928 3174 3986 inimicorum
3222 3929 3337 4002 gla-

1760 4022 1854 4080 dio
1884 4024 1992 4079 vita
2023 3998 2287 4096 privatus,
2325 4024 2626 4095 insepultus
2650 4024 2990 4097 projicieris,
3018 4036 3076 4081 et
3122 4026 3234 4081 eris
3277 4024 3333 4080 iu

1760 4131 1947 4173 escam
1981 4117 2178 4174 bestiis
2203 4126 2261 4174 et
2292 4116 2626 4174 volucribus.
2656 4116 2907 4185 Quantiiu
2954 4117 3120 4188 igitur
3157 4117 3336 4188 Baby·

1759 4208 1852 4266 lon
1878 4219 2156 4281 superstes
2191 4207 2312 4274 ruit,
2359 4223 2428 4265 ac
2472 4210 2746 4282 principes
2794 4209 2918 4279 ejus
2966 4225 3189 4281 regnum
3221 4226 3338 4264 ma·

1758 4318 2032 4376 gnamque
2051 4303 2318 4360 ditionem
2348 4314 2405 4360 et
2430 4305 2728 4373 potentiam
2752 4304 3105 4370 obtineliant3
3139 4302 3333 4371 virtus,

1759 4409 1883 4466 quae
1907 4395 2038 4466 ipsis
2058 4392 2317 4467 praefecta
2338 4402 2481 4458 erat,
2512 4409 2705 4463 magna
2734 4394 2963 4451 sortasse
2985 4392 3331 4464 pet-liciebatt

319 4475 362 4529 iv
388 4493 449 4530 τε
481 4473 551 4549 ἦν
588 4473 683 4534 ’καὶΙ
707 4478 995 4536 δυναστεία
1042 4484 1252 4558 μεγάλη
1284 4486 1393 4542 τῶν
1432 4489 1658 4544 αὐτόθεν
1690 4512 1735 4569 D
1761 4486 1853 4542 ttbi
1882 4496 2064 4541 autem
2089 4488 2269 4558 gentis
2300 4487 2444 4543 illius
2468 4501 2693 4559 regnum
2743 4489 2981 4544 deletum
3025 4497 3129 4555 est,
3180 4488 3333 4559 priu-

319 4585 464 4623 ιτων·
499 4570 641 4642 τάχα
677 4589 783 4627 που
824 4575 919 4629 καὶ
949 4576 984 4647 ή
1032 4577 1395 4634 ἐπιπατοῦσα
1433 4580 1658 4652 δύναμις

319 4661 371 4716 τά
401 4662 615 4734 μεγάλα
647 4666 1010 4740 συνέπραττεν
1029 4686 1044 4703 ·
1093 4671 1215 4726 ἐπεὶ
1242 4672 1300 4727 δὲ
1333 4673 1596 4744 ἠφάνιστο
1621 4678 1656 4749 ή

319 4770 336 4806 ι
367 4752 463 4808 τοῦ
495 4754 701 4823 tome,
742 4760 838 4815 καὶ
859 4761 890 4815 ὀ
926 4761 1170 4832 εφεστὼς
1225 4764 1407 4830 αὐτοῖς
1453 4766 1657 4838 ἄρχων,

319 4859 331 4899 ι
358 4844 654 4921 πληρώσας
677 4850 803 4914 τοὺς
823 4851 1017 4906 ἑαυτοῦ
1049 4852 1294 4926 χρόνους,
1319 4856 1400 4920 είς
1429 4856 1522 4912 τὸν
1549 4856 1659 4912 τῶν

354 4939 507 5011 αὐτῷ
540 4940 714 5014 χῶρον
747 4943 1214 5018 παρελαμόάνετο,
1244 4948 1304 5002 ἂν
1322 4940 1369 5017 ᾧ
1394 4951 1659 5024 συνήντη-

319 5029 577 5103 ῶπάντες
593 5034 644 5088 οῖ
677 5034 917 5108 Ῥαφαῖμ
944 5037 1285 5112 καλούμενοι,
1318 5040 1353 5115 ἢ
1386 5043 1437 5097 oi
1469 5044 1659 5115 γίγαν-

319 5139 393 5177 τοι
415 5122 472 5177 δὲ
506 5123 599 5178 καὶ
629 5124 783 5179 αὐτοὶ
817 5126 1075 5202 δυνάμεις
1117 5132 1223 5186 είσί
1261 5149 1425 5201 τινες,
1466 5136 1543 5201 αἶ,
1583 5135 1659 5201 ώς

325 5231 424 5270 σαν
453 5216 653 5289 ἐτέρων
689 5218 859 5274 ὶθνῶν
892 5221 1033 5276 κατὰ
1073 5224 1298 5296 χρόνους
1343 5226 1444 5283 οὐκ
1482 5227 1658 5302 ὀρθῶς

319 5322 452 5362 εναι.
473 5309 621 5381 Μήτι
640 5307 736 5366 οὗν
764 5313 929 5379 αὐτὸς
972 5307 1131 5380 οὗτος
1154 5315 1187 5370 δ
1206 5315 1310 5389 τῆς
1343 5317 1657 5385 Βαδυλῶνος

319 5395 430 5451 τοτε
453 5398 712 5466 γεγονώς,
734 5400 835 5473 τήν
856 5401 1051 5457 εαυτοῦ
1079 5407 1184 5478 γῆν
1200 5403 1491 5481 διέφθειρε,
1524 5408 1657 5475 Θεὸς

319 5487 809 5562 τοῖςνομιζόμενος,
852 5492 1070 5550 obsto&
1086 5496 1181 5549 καὶ
1205 5496 1502 5552 τδνέαυτοῦ
1529 5498 1657 5554 λαὸν

319 5596 397 5643 νε,
425 5581 523 5636 καὶ
550 5582 678 5647 τοὺς
706 5584 899 5640 ἑαυτοῦ
942 5587 1094 5653 υἱοὺς
1133 5592 1315 5661 σφαγῇ
1347 5591 1658 5665 παραδέδω-

338 5668 613 5726 ἀπώλειαν
645 5675 758 5740 τοῖς
790 5671 880 5730 ὑπ’
906 5675 1073 5732 αὑτοῦ
1101 5678 1445 5751 ἀρχομένοις,
1473 5682 1565 5736 διὰ
1592 5682 1657 5739 τὸ

319 5777 405 5817 ναι
448 5762 577 5835 παρ’
620 5764 804 5832 αὐτοῖς
845 5766 977 5832 Θεὸς
1018 5764 1154 5825 εἶναι
1184 5771 1450 5840 γεγονώςς
1501 5774 1561 5827 Et
1607 5774 1654 5829 δ’

1759 4592 1891 4650 cepa
1915 4594 2130 4650 quoque
2154 4580 2286 4650 ipsis
2309 4580 2601 4651 praefectus
2621 4619 2638 4642 .
2663 4589 2850 4650 utpote
2873 4578 2986 4648 jam
3017 4596 3114 4638 suo
3145 4581 3332 4652 elapso

1761 4680 2004 4742 tempore
2029 4712 2045 4737 ,
2078 4674 2131 4728 in
2157 4674 2258 4730 sibi
2293 4672 2551 4730 similium
2589 4674 2764 4729 locum
2808 4683 3057 4744 receptus
3089 4686 3204 4742 est,
3240 4674 3330 4729 ubi

1759 4775 2118 4821 occurrerunt
2164 4765 2262 4836 ipsi
2310 4781 2500 4824 omnes
2569 4766 2659 4836 qui
2715 4776 2980 4821 vocantur
3035 4766 3327 4838 Rapltaim.

1759 4854 1878 4910 sive
1943 4857 2189 4928 gigantes
2219 4873 2234 4910 ε
2272 4857 2326 4913 lti
2374 4859 2544 4914 etiam
2590 4858 2826 4914 virtutes
2890 4862 3137 4928 quaedam
3200 4866 3328 4914 sunt

1759 4963 1917 5017 quae,
1945 4958 2003 5004 ut
2025 4950 2251 5007 credere
2280 4958 2366 5007 est
2387 4990 2405 5017 ,
2436 4951 2558 5007 aliis
2578 4952 2860 5023 gentibus,
2888 4963 3040 5009 certo
3069 4951 3330 5019 temporis

1759 5037 1942 5106 spatio
1969 5053 2078 5094 non
2108 5047 2255 5096 mete
2294 5039 2648 5111 praefuerant.
2680 5039 2817 5096 Num
2861 5042 3024 5114 igitur
3058 5040 3146 5095 ltic
3188 5040 3326 5112 ipse,

1758 5131 1889 5186 olim
1941 5129 2236 5205 Babylonis
2295 5134 2548 5206 princeps
2603 5143 2805 5191 terram
2842 5137 3016 5204 {suam
3064 5133 3327 5203 corrupit,

1760 5221 1902 5279 Deus
1934 5237 2105 5294 penes
2128 5224 2253 5283 illos
2279 5227 2507 5298 populos
2534 5228 2905 5293 existimatus,
2933 5234 3096 5294 atque
3121 5223 3198 5280 ita
3231 5239 3330 5293 po·

1755 5315 1941 5384 pulum
1962 5331 2118 5372 suurn
2132 5319 2354 5385 occidit,
2375 5334 2441 5376 ac
2463 5319 2604 5376 illios
2617 5335 2744 5376 suos
2761 5319 2878 5374 neci
2897 5314 3116 5372 tradidit
3131 5330 3149 5381 ;
3167 5326 3330 5387 atque

1758 5408 1812 5464 in
1842 5410 2141 5480 perniciem
2172 5413 2389 5469 subdito
2421 5413 2523 5469 sibi
2552 5413 2752 5486 populo
2777 5413 2897 5480 l'uit,
2927 5410 3054 5482 quia
3091 5409 3160 5466 ab
3193 5411 3330 5482 ipsis

1754 5506 1816 5554 nt
1836 5496 1982 5554 Deus
2002 5499 2218 5557 babitus
2248 5502 2468 5558 tuerat?
2493 5502 2646 5571 Quod
2666 5503 2711 5559 si
2747 5502 2864 5558 ltaec
2884 5501 2957 5559 ita
2982 5516 3043 5558 se
3062 5499 3328 5570 babeant,

1756 5599 1928 5646 nestat
1953 5600 2012 5647 ut
2047 5600 2218 5648 totam
2253 5594 2554 5665 prophetia
2576 5595 2920 5659 sententiam,
2950 5609 3072 5664 qun
3108 5593 3175 5650 de
3214 5595 3326 5652 tta-

1755 5681 1970 5754 bylonis
2015 5697 2144 5756 rege
2169 5685 2381 5755 prolata
2408 5694 2496 5741 est
2517 5725 2534 5752 ‚
2572 5686 2626 5741 in
2656 5685 2802 5741 illam
2835 5683 3094 5742 virtutem
3118 5685 3295 5742 resera
3325 5719 3330 5724 ·

1758 5791 1879 5835 mua
1912 5794 1927 5832 ε
1960 5791 2082 5850 quae
2136 5777 2265 5850 quia
2317 5777 2413 5835 Dei
2465 5777 2693 5851 gloriam
2734 5778 2878 5851 apud
2911 5777 3015 5835 aibi
3051 5775 3354 5855 sub-littato-
