3692 6134
352 268 415 324 91
605 329 610 333 ,
1028 265 1302 325 Eusssmt
1338 265 1821 325 CAESARlENSlS
1857 268 2007 325 OPP.
2049 268 2226 325 PARS
2261 267 2349 325 nt.
2392 298 2463 314 -
2495 263 2910 325 ExEGEthA.
3557 268 3608 323 t!

313 382 657 474 '’iniquitate,
683 382 881 439 semini
918 381 1087 449 malo,
1119 383 1244 439 liliis
1280 384 1504 454 iniquis.
1556 383 1930 452 Dereliquistis
1957 392 2002 445 Α
2036 385 2258 457 σπέρμα
2276 381 2660 457 πονηρον,υίοὶ
2683 380 2892 454 ἄνομοι.
2928 376 3398 448 Ἐγκατελίπετε
3428 377 3608 433 dux-2

325 474 659 564 ,Dorumum,
693 484 749 530 et
786 475 1045 530 irritastis
1089 484 1341 531 sanctum
1389 475 1554 531 lsrael
1585 496 1599 532 z
1630 476 1925 532 abalienati

348 577 473 622 sunt
534 570 914 622 retrorsum.»
981 563 1107 622 Ideo
1163 582 1294 637 ergo
1345 565 1658 623 Judaeorum
1709 577 1925 639 gentem

348 659 596 730 coarguit
650 659 1018 729 miseramque
1071 661 1332 730 praedicat
1384 660 1625 730 Spiritus
1678 672 1927 726 sanctus,

350 751 474 820 quia
509 750 749 804 omnium
779 750 937 819 plane
970 751 1211 819 gentium
1254 752 1495 809 deterior
1544 762 1649 819 est,
1699 762 1755 808 et
1799 753 1929 823 quia

353 840 428 895 illi
461 855 639 909 neque
662 854 729 894 ex
752 841 1061 909 adoptione,
1105 857 1284 913 neque
1313 859 1382 899 ex
1421 846 1633 900 bonore
1665 843 1931 899 divinitus

353 932 459 988 sibi
507 932 726 999 collato,
778 932 1003 988 exaltati
1050 934 1333 1002 videlicet,
1386 951 1452 992 ac
1498 936 1933 1005 pra-cellentibus

353 1026 673 1081 muneribus
707 1026 773 1080 ab
799 1038 864 1079 eo
891 1027 1099 1092 (leuati,
1132 1029 1409 1098 quidpiam
1455 1030 1704 1085 utilitatis
1741 1043 1931 1100 perce·

354 1125 550 1187 perunt
579 1134 594 1171 ε
626 1119 732 1172 imo
771 1134 898 1173 vero
925 1133 993 1174 ne
1019 1134 1087 1173 ex
1119 1119 1294 1189 plagis
1342 1120 1558 1191 quidem
1593 1130 1647 1177 et
1689 1124 1932 1193 castiga·

356 1208 615 1274 tionibus,
666 1210 819 1278 queis
860 1227 890 1265 a
936 1210 1047 1265 Deo
1087 1210 1404 1280 frequenter
1453 1212 1506 1268 vi
1552 1213 1759 1269 amoris
1809 1228 1936 1283 per-

361 1308 538 1365 moto,
572 1300 869 1369 impietatis
897 1317 1010 1357 snae
1061 1317 1227 1358 causa
1263 1301 1444 1359 allecti
1491 1314 1639 1373 sunt,
1689 1306 1936 1376 resipue-

356 1400 527 1447 runt:
558 1407 706 1458 uam,
749 1410 769 1443 ι
795 1408 956 1468 qqem
986 1394 1166 1464 diligit
1200 1394 1480 1460 Dominus,
1531 1395 1786 1466 castigat,
1831 1395 1933 1452 fla-

368 1482 532 1553 gellat
557 1491 737 1537 autem
770 1497 985 1537 omnem
1019 1482 1209 1548 lilium,
1241 1498 1398 1554 quem
1427 1485 1624 1556 accipit
1646 1488 1712 1541 ¹⁶.
1741 1503 1761 1540 ι
1802 1486 1936 1554 Quis

357 1583 536 1628 autem
571 1574 662 1628 ille
695 1573 819 1639 snit,
863 1589 1022 1639 quem
1053 1574 1496 1643 dereliquerunt,
1528 1576 1637 1631 nisi
1663 1576 1933 1645 Christus,

357 1678 516 1731 quem
562 1665 686 1732 quia
733 1663 1087 1719 irritaverunt
1136 1673 1190 1718 et
1230 1665 1664 1737 dereliquerunt,
1705 1682 1768 1725 ea
1815 1684 1937 1739 quat

357 1755 763 1824 subsequuntur
790 1757 1031 1827 perpessi
1064 1757 1230 1811 sunt?

432 1846 594 1901 Vertit.
632 1847 687 1910 5,
718 1848 771 1903 6.
817 1865 837 1898 ι
869 1846 1009 1913 Quid
1040 1847 1220 1902 adhuc
1246 1849 1633 1917 percutiamini
1665 1850 1928 1919 adjicien-

359 1949 443 1996 tes
471 1938 1053 2009 iniquitatem20nme
1099 1948 1265 2009 caput
1308 1941 1361 1995 iu
1410 1940 1613 2007 labore,
1667 1949 1723 1997 et
1772 1956 1938 1999 omne

355 2047 452 2089 cor
492 2032 545 2085 in
597 2031 859 2095 tristitia;
897 2047 926 2084 a
968 2030 1195 2100 pedibus
1226 2046 1398 2102 usque
1420 2034 1486 2088 ad
1517 2043 1679 2104 caput
1711 2050 1822 2090 uon
1848 2043 1936 2090 est

356 2123 414 2179 iu
443 2136 510 2177 eo
537 2122 767 2177 sanitas.
820 2120 1048 2186 Vulnus,
1097 2120 1260 2187 livor,
1309 2122 1468 2193 plaga
1526 2134 1763 2180 tumens.
1816 2124 1933 2180 Nou

356 2214 486 2271 licet
508 2214 772 2283 malagma
806 2213 1089 2284 imponere
1109 2254 1126 2281 ,
1159 2230 1335 2286 neque
1359 2216 1564 2281 oleum,
1596 2232 1772 2285 neque
1801 2217 1935 2288 liga·

356 2319 557 2362 menta.
582 2324 607 2354 ι
646 2306 747 2371 Qui
781 2306 896 2359 neri
931 2314 1166 2375 poterat,
1199 2315 1258 2359 ut
1288 2305 1434 2361 aliud
1468 2307 1536 2361 ad
1568 2308 1859 2364 sanitatem
1881 2319 1940 2366 et

356 2397 588 2453 salutem
628 2397 1025 2452 restituendam
1055 2396 1410 2465 pharmacum
1444 2400 1790 2469 reperirent,
1841 2402 1937 2471 qni

359 2488 646 2544 Dominum
706 2488 1043 2557 abnegarant
1084 2502 1098 2539 :
1144 2502 1303 2556 quem
1360 2504 1466 2545 non
1516 2499 1789 2546 noverunt
1836 2507 1939 2548 uec

362 2580 746 2635 inteltexeruut
793 2579 1082 2633 advenisse
1123 2579 1228 2633 sibi
1285 2581 1588 2637 animarum
1639 2583 1936 2649 medicum,

363 2674 454 2743 qui
489 2673 636 2730 solus
685 2688 904 2729 omnem
951 2676 1202 2729 morbum
1244 2680 1301 2729 et
1361 2689 1580 2733 omnem
1628 2675 1937 2733 animarum

363 2763 736 2820 infirmitatem
763 2778 958 2818 curare
989 2762 1234 2833 poterat?

439 2852 607 2907 Vens.
642 2851 694 2915 7,
742 2851 794 2907 8.
857 2870 877 2903 ι
916 2851 1085 2907 Terra
1145 2859 1321 2907 vestra
1382 2853 1634 2921 deserta,
1684 2853 1937 2914 civitates

364 2952 562 2999 vestrm
605 2957 878 3024 succensae
920 2943 1032 3015 igni
1068 2962 1081 2997 ε
1120 2944 1400 3013 regionem
1459 2953 1700 3000 vestram
1749 2960 1936 3002 coram

367 3034 526 3089 vobis
555 3034 715 3090 alieni
763 3036 1074 3092 devorant:
1114 3045 1172 3091 et
1213 3035 1458 3092 desolata
1508 3045 1612 3103 est,
1663 3051 1859 3095 eversa
1906 3055 1936 3094 a

363 3126 575 3199 populis
605 3127 819 3193 alienis,
843 3129 988 3184 sicut
1009 3127 1422 3183 tabernaculum
1440 3126 1495 3181 in
1514 3128 1697 3197 vinea,
1723 3139 1777 3188 et
1798 3132 1943 3188 sicut

366 3220 638 3292 tugurium
666 3224 722 3275 in
767 3221 1169 3287 cucumerario,
1223 3221 1369 3276 sicut
1415 3220 1611 3278 civitas
1644 3224 1891 3281 obsessa.
1917 3243 1936 3278 ι

365 3310 448 3366 Ad
469 3312 770 3367 custodiam
800 3312 1070 3367 fructuum
1107 3313 1161 3367 iu
1191 3312 1366 3369 vineis
1396 3315 1735 3370 nascentium
1769 3316 1946 3386 ligun-

369 3412 460 3457 tur
498 3404 755 3459 tentoria.
813 3404 947 3458 Cum
999 3419 1128 3474 ergo
1179 3406 1341 3462 vinea
1389 3406 1626 3477 propriis
1672 3404 1945 3469 fructibus

369 3495 540 3564 probe
595 3495 859 3549 instructa
917 3503 1038 3562 est,
1085 3496 1232 3551 omui
1276 3511 1407 3553 cura
1475 3508 1530 3554 et
1576 3497 1948 3556 sollicitudine

376 3583 676 3638 tentorium
709 3592 987 3648 servatur,
1023 3584 1098 3640 ita
1121 3595 1180 3640 nt
1205 3596 1390 3644 custos
1415 3589 1705 3661 diligenter
1739 3587 1951 3659 prospi-

370 3670 499 3737 ciat,
530 3684 618 3733 ne.
647 3669 739 3740 qni
767 3671 819 3725 in
855 3671 939 3727 via
966 3683 1315 3742 praetereunt,
1352 3677 1562 3733 fructus
1608 3676 1728 3748 ejus
1759 3678 1949 3732 decer·

371 3769 521 3828 pant.
561 3761 699 3817 Cnm
749 3774 927 3819 autem
970 3765 1131 3822 vinea
1186 3767 1525 3825 infructuosa
1578 3778 1685 3837 est,
1739 3769 1873 3825 illud
1916 3784 1947 3823 a

369 3854 618 3921 custode,
644 3862 702 3909 ut
729 3865 1151 3913 consentaneum
1183 3868 1286 3927 est,
1326 3861 1634 3932 negligitur.
1659 3862 1945 3929 Quamob-

372 3957 487 3998 rem
521 3942 878 4002 lsracliticum
910 3950 1162 4018 populum
1194 3949 1514 4006 derelictum
1581 3953 1649 4009 iti
1700 3953 1952 4009 intermi-

373 4046 558 4102 natur,
638 4031 828 4106 utpote
885 4039 979 4109 qui
1036 4051 1464 4098 cottseutaneum
1529 4043 1769 4101 l'ructum
1837 4059 1947 4102 non

371 4128 609 4183 emittat.
637 4128 960 4185 Timendum
995 4132 1178 4202 itaque
1209 4135 1369 4189 nobis
1399 4146 1504 4201 est,
1528 4152 1598 4191 ne
1627 4137 1949 4195 infructuosi

373 4217 563 4286 simus,
598 4229 657 4275 ut
680 4236 749 4276 ue
767 4238 832 4277 ex
857 4223 939 4278 ira
968 4223 1064 4279 Dei
1091 4226 1431 4282 deseramur.
1466 4226 1704 4299 Spiritus
1724 4237 1949 4286 sauctus

373 4312 578 4379 estqui
625 4328 724 4369 nos
760 4316 1020 4370 custodit.
1083 4315 1215 4372 Cum
1274 4318 1440 4388 igitur
1497 4320 1678 4374 anima
1729 4319 1944 4378 l'ructus

2035 493 2166 548 ριον,
2190 477 2283 530 καὶ
2298 474 2683 547 παρωργίσατε
2707 471 2798 526 τὸν
2814 471 2966 540 ἀγιον
2995 466 3107 523 τοῦ
3131 466 3403 541 Ἰσραὴλε
3421 469 3600 540 ἀπηλλο-

2030 566 2338 639 τριώθησαν
2367 568 2446 631 εἰς
2465 565 2535 620 τά
2553 564 2747 619 ὀπίσω.
2775 582 2796 617 ι
2825 562 2924 617 Διά
2944 559 3139 616 ταῦτα
3174 560 3326 630 γοῦν
3361 560 3587 630 ἀπελέῃε

2029 660 2091 713 το
2134 659 2402 713 Ἰουδαίων
2451 657 2622 720 ἔθνος,
2659 656 2754 711 καὶ
2777 652 3057 720 ταλανίζει
3092 652 3322 717 αὐτοὺς
3341 652 3410 705 τὸ
3443 652 3584 721 1]πῇ

2029 752 2092 804 τὸ
2116 751 2302 819 ἀγιον,
2351 750 2429 814 ὡς
2471 750 2689 804 πάντων
2718 747 2828 802 τῶν
2854 744 3028 800 ἐθνῶν
3053 743 3337 817 χείρους,
3365 744 3464 798 καὶ
3487 745 3591 806 digit

2036 845 2200 918 μηδὲν
2235 844 2635 915 ὠφεληθέντας,
2672 842 2809 913 μήτε
2837 841 2902 893 ἐκ
2926 838 3032 910 τῆς
3067 837 3405 903 υἱοθεσίας,
3429 840 3553 912 μῂτε
3573 838 3607 902 ξ

2030 933 2099 1009 ἧς
2127 934 2280 1006 παρὰ
2300 932 2439 987 Θεοῦ
2462 934 2628 1005 τιμῆς
2651 930 2960 1003 ἠξιώθησαν
2976 945 2995 961 ·
3020 928 3479 1000 ὑιῖκοθὲντεςκαὶ
3503 929 3616 982 πλεί·

2035 1043 2175 1081 στων
2218 1027 2359 1079 ὅσων
2391 1022 2683 1096 ἐξαιρέτων
2711 1019 2861 1092 παρά
2880 1016 3054 1073 αὑτοῦ
3082 1019 3493 1091 τετυχηκότες·
3519 1017 3618 1072 ἀλλ’
3691 1058 3692 1062 1

1997 1147 2002 1152 ·
2032 1118 2153 1173 οὐδὲ
2176 1118 2236 1185 ἐξ
2258 1110 2333 1171 ὧν
2355 1115 2616 1179 πολλάκις
2639 1113 2954 1185 ἐπλήγησαν
2986 1110 3062 1166 δι’
3077 1110 3618 1184 ὑπερὸολὴνάγάπης

2033 1209 2169 1264 Θεοῦ
2194 1212 2525 1281 τυπτόμενοι
2553 1206 2647 1262 καὶ
2713 1203 3101 1275 κολαζόμενοι,
3127 1203 3269 1257 τῶν
3300 1201 3616 1274 &abrs-svm

2035 1302 2213 1356 αὐτῶν
2250 1302 2436 1356 ἕνεκεν
2458 1318 2472 1331 ·
2511 1318 2532 1353 ι
2580 1302 2678 1352 Ὃν
2725 1297 2831 1369 γάρ
2870 1296 3079 1368 ἀγαπᾷ
3124 1295 3370 1367 Κύριος
3397 1291 3612 1356 effla,

2038 1394 2292 1465 μαστιγοῖ
2314 1391 2372 1446 δὲ
2403 1391 2579 1445 πάντα
2595 1390 2730 1454 υίὸν,
2746 1387 2805 1443 ὃν
2824 1386 3245 1459 παραδέχεται.
3263 1406 3288 1439 s
3305 1387 3409 1451 Τίς
3435 1379 3549 1456 δὲῆν
3565 1382 3617 1436 ὃν

2035 1482 2412 1553 ἐγκατέλιπον,
2435 1482 2515 1555 ἢό
2529 1480 2780 1554 Χριστός·
2798 1479 2858 1533 δν
2876 1476 2969 1532 διά
2995 1477 3070 1531 τὸ
3101 1478 3536 1552 παρωργικὲνιιι
3549 1475 3626 1531 nl·

2037 1574 2573 1645 ἐγκαταλελοιπέναι,
2616 1572 2688 1627 τά
2706 1571 2833 1643 ἑξῆς
2862 1568 3271 1643 ἐπιλεγόμενα
3295 1569 3630 1632 πεπόνθασιν,

2113 1857 2133 1890 ι
2175 1838 2241 1891 Τί
2287 1837 2368 1890 ἔτι
2417 1834 2662 1908 πληγῆτε
2714 1830 3121 1906 προστιθέντες
3175 1833 3468 1906 &vota-[mu
3515 1832 3628 1885 da

2039 1928 2247 2000 κεφαλὴ
2273 1928 2352 1992 εἰς
2391 1926 2572 1990 πόνον,
2596 1924 2692 1979 καὶΙ
2731 1924 2882 1979 vtica
2927 1922 3156 1995 καρδία
3189 1924 3285 1989 εἰς
3313 1923 3528 1992 λύπην·
3552 1920 3632 1976 Β
3687 1931 3692 1954 2

2038 2019 2217 2075 ποδῶν
2262 2020 2367 2083 ἕως
2406 2015 2649 2087 κεφαλὴν
2693 2015 2793 2069 οὐκ
2824 2013 2973 2067 ἔστιν
3012 2015 3081 2068 ἐν
3131 2014 3308 2087 αὐτῷ
3355 2014 3630 2087 όλοκληρέι-

2038 2113 2293 2186 Τραῦμα,
2328 2109 2531 2182 μώλωψ
2550 2150 2565 2175 ,
2619 2108 2801 2181 πληγὴ
2850 2106 3331 2178 φλεγμαίνουσα.
3389 2110 3503 2164 Οὐκ
3541 2108 3626 2162 ἔτι

2041 2200 2306 2273 μάλαγμα
2328 2198 2615 2262 ἐπιθεῖναι,
2641 2195 2766 2250 οὔτε
2789 2195 2993 2260 ἔλαιον,
3028 2195 3180 2252 οὔτε
3212 2198 3615 2272 καπδεσμαῖς.)

2038 2294 2163 2359 Πῶς
2200 2293 2258 2347 δέ
2294 2293 2389 2346 καὶ
2426 2285 2535 2345 οἷόν
2584 2307 2643 2344 τε
2696 2285 2764 2361 ἦν
2803 2288 2995 2360 ἕτερον
3047 2289 3287 2357 αὐτοὺς
3349 2292 3532 2363 ὑγείας
3555 2289 3622 2346 ιιι

2040 2383 2315 2457 σωτηρίας
2357 2381 2638 2453 ποιητικὸν
2670 2377 2925 2451 εὑρέσθαι
2969 2378 3317 2452 φάρμακον
3356 2378 3617 2458 &fa-aquid·

2037 2494 2161 2541 νους
2203 2474 2294 2529 τὸν
2338 2473 2572 2545 Κύριον·
2623 2470 2758 2544 μηδὲ
2801 2469 3262 2539 ἐπεγνωκότας·
3289 2475 3474 2542 αὐτὸν,
3511 2468 3604 2543 μβ

2040 2571 2316 2635 συνιέντας
2347 2569 2755 2641 ἐπιδημήσαντα
2769 2567 2950 2629 αὐτοῖς
2970 2564 3076 2621 τὸν
3100 2568 3238 2624 τῶν
3253 2564 3592 2644 ψυχᾶηίιτρ.

2037 2665 2132 2718 τὸν
2162 2665 2321 2737 μόνον
2352 2664 2533 2716 πᾶσαν
2562 2661 2714 2714 νόσον
2747 2657 2841 2712 καὶ
2885 2658 3078 2712 πᾶσαν
3130 2660 3432 2731 μαλακίαν
3457 2651 3586 2726 w

2036 2755 2175 2830 ὁμοῦ
2201 2757 2297 2811 καὶ
2316 2754 2583 2825 σωμάτων
2613 2749 2867 2805 ἰάσασθαι
2892 2747 3231 2820 δυνάμενον
3257 2794 3278 2820 ,

2113 2867 2133 2900 r
2177 2848 2242 2902 Ἢ
2272 2848 2343 2919 γῆ
2374 2844 2529 2917 ὑμῶν
2565 2842 2792 2915 ἔρημος,
2828 2840 2885 2893 αἱ
2929 2838 3131 2907 πόλεις
3181 2844 3374 2917 ὑμῶν
3399 2839 3576 2914 eolw-

2041 2958 2155 2997 στοι
2183 2940 2284 3010 τὴν
2323 2936 2506 3010 χώραν
2534 2935 2687 3007 ὑμῶν
2723 2933 2954 2987 ἐνώπιον
2982 2932 3159 3003 ὑμῶν
3227 2938 3586 3011 ἀλλότριαι-ιτ·

2040 3034 2311 3090 εσθίουσιν
2340 3031 2545 3102 αὑτήν·
2586 3028 2682 3082 καὶ
2718 3025 3003 3098 ὴρέμωται
3037 3020 3604 3104 κατεστραμμένηῇὠ

2043 3126 2187 3182 λαῶν
2238 3123 2553 3196 ἀλλοτρίων,
2607 3121 2684 3184 ὡς
2734 3116 2908 3190 σκηνὴ
2956 3119 3016 3171 ἐν
3077 3119 3424 3192 ἀμπελῶνι,
3466 3120 3540 3176 καὶ
3557 3116 3609 3178 ὃς

2044 3217 2487 3291 ὁπωροφυλάκιον
2534 3219 2593 3271 ἐν
2625 3214 2960 3288 σικυηλάτῳ,
2991 3216 3078 3280 ὡς
3140 3221 3329 3287 πόλις
3358 3222 3617 3290 wiopa»-

2050 3310 2182 3383 μένη
2198 3308 2293 3379 (t).
2307 3325 2326 3360 t
2350 3309 2444 3373 Εἰς
2459 3305 2700 3380 φρουρὰν
2709 3305 2817 3360 τῶν
2837 3308 2894 3359 ὲν
2908 3307 3029 3368 ταῖς
3043 3305 3359 3378 ἀμπέλοις
3380 3302 3619 3383 καρπῶνιί

2048 3400 2246 3473 σκηναὶΙ
2276 3402 2599 3472 πήγνυνται.
2631 3399 2799 3453 Ὅταν
2822 3391 3043 3469 μὲνοῦν
3065 3400 3302 3477 εύθηνῇ
3324 3408 3439 3468 τοῖς
3456 3399 3623 3458 otniae

2049 3497 2284 3567 καρποῖς
2315 3496 2347 3564 ἡ
2372 3492 2645 3565 ἄμπελος,
2686 3490 3043 3555 σπουδάζεται
3064 3493 3104 3563 ἠ
3139 3496 3342 3569 σκηνὴ
3373 3495 3470 3550 καὶ
3490 3492 3627 3558 πάσης

2047 3587 2290 3654 ἀξιοῦται
2345 3584 2660 3657 ἐπιμελείας
2681 3600 2697 3613 ·
2740 3583 2883 3637 ὥστε
2924 3582 3019 3636 ἀπ’
3065 3584 3267 3660 αὐτῆς
3311 3581 3629 3641 κατοπτεύειν

2047 3681 2140 3735 τὸν
2165 3679 2402 3752 φύλακα,
2436 3678 2645 3750 μήποτε
2671 3674 2944 3750 τρυγῶσιν
2964 3673 3155 3745 αὐτὴν
3191 3678 3251 3731 οῖ
3271 3672 3629 3751 παραπορευό-

2060 3788 2210 3845 μενοι
2253 3771 2354 3841 τὴν
2401 3769 2542 3823 ὀδόν.
2592 3768 2757 3822 Ὅταν
2808 3766 2867 3819 δὲ
2916 3763 3187 3836 ἄκαρπος
3236 3764 3277 3843 ᾗ
3302 3809 3320 3835 ,
3385 3767 3630 3841 ἀμελεῖται

2051 3862 2365 3933 ἀναγκαίως
2404 3861 2504 3931 τῆς
2537 3856 2785 3928 ἀμπέλου
2825 3854 2896 3909 τά
2935 3853 3338 3929 φυλακτήρια.
3381 3859 3482 3914 Διά
3509 3854 3629 3910 wza

2049 3952 2145 4008 τοῦ
2188 3949 2581 4023 Ἶσραηλιτικοῦ
2611 3948 2738 4003 λαοῦ
2766 3947 2865 4017 τὴν
2892 3946 3309 4020 ὲγκατάλειψιν
3325 3951 3555 4013 ἀπειλεῖ,
3575 3946 3629 4006 ὰ

2056 4048 2131 4120 μὴ
2156 4042 2629 4118 καρποφοροῦντες
2652 4042 2724 4097 τά
2761 4039 3145 4096 ἐπιδάλλοντα.
3187 4044 3538 4116 Φοδηθῶμεν
3561 4034 3629 4093 οὖν

2051 4133 2191 4191 εἶναι
2237 4137 2495 4207 ἄκαρποι,
2546 4134 2622 4205 μὴ
2648 4130 3177 4203 ὲγκαταλειφθῶμεν
3209 4132 3455 4208 ὑπὸτῆς
3495 4130 3627 4205 ὀργῆς

2048 4227 2146 4283 τοῦ
2172 4226 2327 4281 Θεοῦ.
2361 4227 2436 4280 Τὸ
2482 4224 2752 4296 φυλάσσον
2797 4224 2966 4295 ἡμᾶς,
2996 4223 3061 4276 τὸ
3107 4224 3364 4298 Πνεῦμα
3409 4228 3473 4282 τὸ
3508 4223 3627 4295 ἀγών

2052 4319 2219 4372 ἐστιν.
2258 4318 2426 4372 Ὅταν
2470 4317 2568 4387 μὲν
2609 4312 2700 4370 οὖν
2744 4315 3069 4386 καρποφορῇ
3120 4316 3156 4387 ὴ
3205 4316 3374 4391 ψυχὴ
3397 4318 3524 4385 ἄξια
3549 4314 3627 4369 τῶν

373 4410 702 4455 aeternorum
731 4406 1111 4473 penuariorum
1149 4407 1344 4475 dignos
1387 4407 1615 4477 profert,
1665 4418 1780 4465 tum
1824 4426 1949 4482 per·
1981 4428 2027 4485 ῃ
2052 4409 2285 4465 αἰωνίων
2332 4407 2649 4480 ἀποθηκῶν,
2698 4406 3004 4479 παραμένει
3049 4408 3152 4461 καὶ
3200 4411 3517 4479 φυλάσσει,
3559 4407 3627 4463 καὶ

376 4500 562 4548 manet
588 4493 679 4549 ille
718 4506 924 4562 custos,
965 4506 1022 4553 et
1050 4497 1342 4569 singularis
1362 4498 1462 4555 feri
1496 4500 1724 4557 insidias
1758 4503 1946 4572 procul

377 4582 583 4656 abigit;
615 4600 740 4641 cum
771 4596 953 4643 autem
988 4604 1148 4643 uvam
1170 4588 1317 4644 sellis
1341 4598 1395 4645 et
1419 4592 1640 4648 botrum
1675 4595 1945 4650 amaritu-

376 4672 519 4730 dinis
549 4675 783 4746 prosert,
838 4677 1234 4736 infructuosam
1285 4681 1523 4738 animam
1564 4684 1659 4739 ille
1699 4684 1943 4741 deserit:

376 4772 429 4817 et
452 4771 578 4821 tunc
603 4768 655 4822 in
676 4770 927 4838 quemvis
956 4770 1173 4827 brutum
1201 4772 1518 4843 cogitatum,
1541 4785 1597 4832 et
1620 4774 1673 4830 in
1697 4778 1947 4847 quamvis

377 4855 807 4916 irrationabilem
854 4864 1351 4935 concupiscentiam
1398 4867 1600 4923 decidit
1659 4867 1774 4923 illa.
1829 4866 1947 4923 Ple·

377 4961 607 5017 rumque
654 4965 818 5020 porro
849 4952 1133 5023 Scriptura
1169 4954 1422 5013 lsraelem
1470 4959 1689 5013 vineam
1745 4957 1951 5029 tropice

378 5050 683 5109 nuncupat;
721 5047 862 5118 ut⁸‚‹
887 5041 1113 5100 Vineam
1145 5060 1210 5100 ex
1253 5046 1489 5119 AEgypto
1532 5049 1895 5117 tmnstulisti3
1926 5068 1946 5103 t

376 5137 454 5196 et,
517 5149 538 5184 ι
564 5130 731 5188 Vinea
764 5133 906 5190 sacta
939 5145 1025 5193 est
1056 5137 1253 5194 dilecto
1283 5137 1332 5172 ¹·
1352 5155 1393 5205 ;»
1443 5147 1519 5204 et,
1577 5157 1598 5192 ι
1622 5140 1735 5211 Ego
1768 5150 1950 5197 autem

379 5221 616 5293 plantavi
651 5234 701 5281 te
738 5227 951 5283 vineant
997 5227 1354 5297 fructuosam,
1402 5240 1573 5288 totam
1620 5247 1806 5287 veram
1852 5234 1894 5291 ⁸.
1925 5251 1945 5288 ι

2048 4500 2331 4574 πόρρωθεν
2367 4499 2622 4572 ἀπείργει
2651 4499 2751 4563 τὰς
2788 4498 2883 4552 τοῦ
2927 4497 3115 4570 μονιοῦ
3147 4500 3254 4555 τοῦ
3303 4505 3510 4577 ἀγρίου
3537 4504 3626 4555 ἐπι·

2048 4592 2245 4656 δουλάς
2261 4607 2276 4622 ·
2312 4591 2438 4645 ὅταν
2472 4591 2529 4645 δὲ
2559 4588 2830 4661 σταφυλὴν
2868 4588 3030 4661 χολῆς
3062 4595 3304 4665 γεωργῇ
3333 4594 3434 4649 καὶ
3464 4593 3626 4665 βότρυν

2049 4683 2275 4756 πικρίας
2304 4683 2533 4756 ἐκφέρῃ,
2556 4681 3024 4753 ἐγκαταλιμπάνει
3036 4681 3141 4751 τὴν
3169 4684 3438 4758 ἄκαρπον
3456 4683 3623 4756 ψυχήν·

2051 4776 2147 4830 καὶ
2172 4774 2289 4829 τότε
2320 4775 2426 4828 ὑπὸ
2454 4774 2659 4838 παντὸς
2688 4771 2950 4844 λογισμοῦ
2979 4770 3297 4844 θηριώδους
3333 4777 3436 4831 καὶ
3479 4776 3626 4842 πάσης

2047 4869 2243 4940 ἀλόγου
2274 4869 2573 4940 ἐπιθυμίας
2597 4870 3008 4922 καταπεσεῖται.
3042 4864 3340 4939 Πολλαχοῦ
3374 4870 3436 4924 δὲ
3463 4882 3627 4940 τροπι·

2048 4961 2160 5026 κῶς
2174 4960 2468 5032 ἀμπελῶνα
2484 4959 2575 5014 τὸν
2607 4958 2823 5031 Ἰσραὴλ
2843 4961 2872 5013 ὁ
2900 4957 3058 5024 λόγος
3080 4960 3531 5030 προσαγορεύει·
3567 4954 3627 5015 ὢὶ

2046 5051 2129 5116 τὸ,
2153 5068 2174 5103 ι
2206 5050 2484 5123 ’Ἄμπελον
2511 5050 2571 5118 ἐξ
2604 5048 2883 5120 Αἰγύπτου
2916 5050 3186 5119 μετῆρας·
3212 5067 3233 5102 ι
3251 5051 3377 5115 καὶ,
3400 5072 3420 5104 ι
3452 5052 3628 5120 'Apia-

2048 5139 2156 5195 λὼν
2187 5138 2415 5211 ἐγενήθη
2435 5139 2513 5211 τῷ
2538 5142 2723 5211 ἠγαπη
2732 5139 2894 5211 μένῳ·
2909 5158 2928 5190 ι
2943 5138 3058 5204 καὶ,
3083 5156 3103 5189 t
3124 5136 3277 5209 Ἐγὼ
3295 5140 3361 5194 δὲ
3377 5133 3627 5212 ἐφύτευσὰ

2054 5250 2115 5289 σε
2139 5233 2383 5304 ἄμπελον
2434 5232 2803 5305 καρποφόρον,
2855 5232 3036 5285 πᾶσαν
3059 5229 3357 5303 ἀληθινήν.
3390 5252 3413 5286 ι
3445 5233 3507 5287 El
3527 5226 3625 5284 δὲὸ

456 5342 502 5376 ¹·
527 5341 691 5397 Prov.
721 5359 803 5409 ut,
824 5344 910 5399 19..
987 5346 1009 5377 ¹
1031 5344 1172 5399 Psal.
1203 5361 1388 5411 cxxix,
1420 5346 1476 5402 9.
1527 5356 1549 5387 ¹
1571 5355 1592 5377 ⁶
1615 5352 1729 5410 ssa,
1756 5369 1812 5420 v,
1845 5352 1898 5407 1.
1921 5352 1943 5384 ⁸
1967 5349 2078 5409 Jer.
2112 5368 2173 5417 u,
2200 5352 2292 5412 2¹.

451 5438 529 5506 (4)
561 5436 657 5519 llis
679 5439 872 5521 similia
902 5440 1066 5495 babet
1095 5438 1532 5526 Hieronymusin
1569 5443 1713 5497 bunc
1744 5444 1947 5509 locum,

382 5517 548 5633 2¹23?
572 5508 1509 5650 3:325?2;,:.{.¹:-.5‚¹.¹⁰2¹.1'.⁶.'.i⁸:,¹⁰
1521 5527 1777 5654 „titiis
1803 5516 1950 5641 iiii

387 5647 585 5704 casulae
625 5660 845 5730 propter
881 5651 1132 5732 ardorem
1173 5651 1303 5707 solis
1350 5667 1413 5731 ac
1455 5652 1634 5708 radios
1678 5653 1947 5736 declinam:

390 5719 520 5775 dos:
542 5729 596 5776 et
625 5720 748 5776 tude
771 5719 852 5777 vel
885 5721 1243 5791 botutnes,vel
1263 5722 1537 5791 bestiolas,
1557 5738 1673 5794 quae
1699 5724 1945 5784 tusidiart

2061 5442 2237 5499 solent
2280 5437 2421 5493 natis
2444 5436 2710 5510 frugibus,
2732 5437 2975 5509 abigunt.
3027 5437 3165 5493 Cum
3223 5449 3414 5496 autem
3462 5440 3621 5495 ablati

2053 5511 2265 5568 suerint
2285 5509 2586 5565 istiusmodi
2604 5510 2899 5581 genimina,
2939 5520 3227 5566 remanent
3265 5513 3482 5567 arentia
3529 5509 3622 5564 l'ru·

2054 5584 2222 5638 ticum
2272 5579 2627 5645 umbracula,
2682 5580 2987 5649 casulaeque
3032 5579 3329 5640 recedente
3378 5581 3621 5638 custmle:

2052 5652 2179 5722 qnia
2205 5665 2310 5706 nou
2342 5649 2504 5705 babet
2531 5649 2672 5704 ultra
2697 5650 2842 5720 quod
2871 5659 3073 5713 servet,
3105 5667 3127 5702 ι
3154 5661 3211 5708 ct
3243 5662 3449 5713 caeten
3471 5696 3486 5725 ,
3519 5659 3622 5723 qun

2055 5724 2182 5781 item
2220 5721 2306 5780 ille
2343 5720 2640 5792 transtulit,
2670 5719 3152 5799 εοό-συνοπτικῶς.
