3692 6134
23 5463 55 5554 ιῑΙ

93 336 198 394 757

1214 329 1494 387 CONTRA
1530 328 1954 386 uAncELLUst
1991 328 2124 386 Lm.
2164 329 2210 387 1.

3230 334 3338 394 738

98 454 253 528 Quae,
282 453 357 514 ὡς
383 449 479 504 καὶ
503 449 610 521 πρὸ
645 446 945 502 Ἐλισσαίου
982 446 1166 511 Ἠλίας
1190 449 1221 501 ὀ
1248 447 1422 519 μέγας
1445 446 1539 501 τὸν
1559 447 1662 518 τῆς
1692 454 1737 511 Α
1764 457 2016 503 contextu
2052 448 2318 504 orationis
2356 461 2490 515 suae.
2536 451 2810 507 mentione
2844 453 2911 508 de
2935 450 3234 510 Salvateris
3257 471 3344 511 ro-

95 548 268 619 χήρας
314 542 429 595 υἱὸν
461 538 797 593 ἀποθανόντα
835 536 1148 607 ἀνέστησεν,
1197 536 1274 601 ὡς
1307 536 1428 590 ἔστι
1474 534 1670 608 μαθεῖν

94 641 161 694 εκ
185 637 286 709 τῆς
310 633 499 707 τρίτης
519 630 628 686 τῶν
652 627 963 683 Βασιλειῶν·
985 629 1014 680 ό
1036 628 1094 682 δὲ
1117 627 1211 681 καὶ
1232 627 1378 684 τοῦτ’
1399 628 1671 699 ἀγνοήσας

96 730 368 802 φαίνεται,
393 724 460 778 δι’
492 720 568 778 ὧν
593 720 744 775 ταῦθ’
775 719 916 774 οῦτω
946 719 1179 791 γράφει·
1217 739 1236 771 ι
1279 719 1354 773 Οὐ
1384 718 1541 790 μόνον
1559 717 1672 771 τοί-

103 841 124 873 ι
165 834 263 874 νυν
294 818 394 888 τῆς
419 812 610 884 καινῆς
637 810 867 873 κτίσεως
896 808 1241 882 πρωτότοκον
1266 807 1426 861 αὐτὸν
1456 809 1486 861 ό
1511 805 1670 860 Ἀπό-

107 930 129 963 ι
171 907 353 970 στολος
389 900 526 958 εἷναί
563 915 748 972 φησιν,
801 896 937 952 ἀλλά
988 897 1082 951 καὶ
1113 894 1452 966 πρωτότοκον
1483 894 1550 947 ὲκ
1581 908 1669 946 νε-

107 1020 127 1052 ι
169 999 350 1073 κρῶν,
381 995 448 1051 δι’
481 992 633 1048 οὐδὲν
673 990 860 1060 ἕτερον
892 988 1018 1059 ἐμοὶ
1054 988 1252 1048 δοκεῖν,
1287 986 1402 1039 ἀλλ’
1450 986 1538 1039 ἶνα
1582 982 1670 1038 διά

111 1114 129 1146 ι
167 1091 261 1146 τοῦ
298 1085 639 1161 πρωτοτόκου
673 1080 783 1136 τῶν
812 1078 1022 1151 νεκρῶν
1054 1078 1185 1148 (74),
1213 1079 1363 1141 ὃπως
1400 1074 1494 1129 καὶ
1524 1091 1673 1147 πρω-

111 1197 131 1229 e
170 1178 382 1239 τότοκος
423 1173 639 1243 ἀπάσης
676 1170 906 1229 κτίσεως
953 1166 1188 1239 εἴρηται,
1235 1164 1542 1234 γνωσθῆναι
1581 1164 1671 1217 δυ-

112 1285 133 1318 r
171 1265 324 1337 νηθῇ.
353 1264 428 1317 Οὐ
458 1262 568 1332 γὰρ
592 1262 657 1314 ὲκ
677 1257 885 1330 νεκρῶν
908 1257 1105 1327 ἀνέστη
1128 1255 1339 1327 πρῶτος
1361 1256 1390 1308 ό
1410 1253 1673 1323 δεσπότης

108 1378 129 1411 ι
169 1355 324 1429 ἡμῶν
365 1352 571 1426 Ἰησοῦς
611 1350 878 1423 Χριστὸς,
911 1347 1025 1403 ἀλλ’
1066 1348 1095 1400 ό
1131 1347 1198 1400 δι’
1244 1344 1541 1399 Ἐλισσαίου
1578 1343 1671 1397 τοῦ

109 1469 131 1503 ι
169 1448 448 1520 προφήτου
478 1442 736 1506 ἀναστὰς,
765 1441 961 1512 ἀνέστη
992 1440 1275 1512 πρότερος.
1294 1439 1404 1491 Καὶ
1423 1436 1674 1508 Λάζαρος

1768 538 2106 594 surrectione
2131 538 2349 606 injecta,
2368 539 2563 596 docere
2591 555 2881 612 aggressus
2901 551 3007 608 est,
3033 551 3163 598 ante
3191 543 3340 601 illum

1769 626 2129 692 incarnatum,
2160 627 2260 682 sub
2309 629 2639 698 temporibus
2675 632 3085 700 prophetarum,
3136 633 3341 689 dictum

1767 728 1907 779 esse,
1938 728 1967 768 a
2017 716 2242 770 mortuis
2274 717 2559 785 quemdam
2593 720 2931 774 suscitatum.
2981 720 3038 775 ln
3074 719 3178 776 boc
3224 722 3343 791 qui·

1770 805 1891 862 dem
1925 805 2041 874 ipso
2069 806 2287 876 egregie
2322 807 2706 864 hallucinatur.
2738 809 2826 863 Ait
2855 811 2997 865 enim
3028 811 3340 881 proplietam

1771 895 2044 960 Elisaeum,
2062 905 2331 952 :nortuum
2360 900 2592 968 primum
2613 902 2880 956 excitasse
2910 917 2926 956 ι
2957 902 3209 972 ignorans
3237 904 3344 960 sci·

1770 986 1918 1054 licet,
1947 993 2005 1052 »Β
2041 989 2208 1044 Etiam
2233 988 2379 1044 illum
2411 992 2706 1047 maximum
2726 1034 2741 1059 ‚
2767 993 2958 1048 Elisaeo
3000 992 3166 1050 ruisse
3198 993 3345 1064 prio·

1773 1092 1911 1143 rem,
1947 1088 2001 1132 ct
2028 1079 2201 1135 vidum
2230 1080 2398 1136 illium
2425 1082 2492 1137 de
2521 1084 2747 1139 mortuis
2780 1085 3109 1140 suscitasse:
3141 1087 3287 1156 quod
3312 1099 3345 1141 e

1773 1170 1932 1224 tertio
1951 1169 2091 1225 libro
2122 1171 2430 1243 Regnorum
2458 1189 2790 1245 cognoscere
2820 1177 3109 1243 poterat⁸⁰.
3128 1176 3347 1246 lgnora·

1771 1261 1865 1316 bat
1896 1271 2078 1319 autem
2112 1262 2216 1320 boc
2245 1265 2443 1336 ipsum,
2471 1275 2530 1318 ut
2559 1276 2801 1335 apparet,
2828 1282 2951 1323 cum
2984 1266 3201 1326 disertis
3228 1278 3349 1322 ver-

1770 1347 1854 1406 bis
1893 1350 1965 1405 ita
2012 1352 2214 1407 scribat
2255 1372 2274 1405 ι
2315 1354 2426 1409 Non
2461 1353 2590 1426 :[tt.
2623 1353 2709 1427 ll.]
2752 1354 3088 1412 solummodo
3125 1352 3330 1410 Primo·

1777 1458 1798 1492 ι
1843 1442 2078 1511 percitum
2132 1455 2394 1500 crenturoe
2433 1462 2581 1502 ιιοικε
2604 1446 2650 1479 ⁸⁸
2689 1446 2838 1501 illum
2868 1445 3006 1501 dixit
3035 1443 3346 1518 Apostolus.

110 1561 129 1594 ι
171 1541 276 1613 πρὸ
317 1539 417 1608 τῆς
469 1534 633 1590 αὑτοῦ
677 1534 1024 1594 ἀναστάσεως
1059 1533 1295 1603 ἀνέστη,
1343 1530 1436 1585 καὶ
1486 1531 1544 1582 ὲν
1595 1527 1675 1599 τῷ
1778 1549 1798 1585 ι
1840 1535 2210 1590 verumetiam
2233 1536 2372 1591 etde
2395 1536 3256 1608 mortuisprimoqeuitttm⁸¹:uon
3277 1536 3349 1596 ob

113 1654 131 1685 t
173 1632 348 1706 καιρῷ
362 1629 456 1684 τοῦ
478 1627 679 1689 πάθους
701 1625 868 1679 πολλὰ
888 1624 1112 1696 σώματα
1128 1624 1235 1678 τῶν
1260 1619 1675 1693 κεκοιμημένων
1779 1640 1799 1676 ι
1845 1624 2003 1680 aliam
2036 1638 2185 1683 certe
2214 1642 2454 1696 cansam,
2485 1638 2547 1684 ut
2572 1628 2785 1685 videtur
2811 1629 2966 1693 mihi,
2997 1643 3160 1700 quam
3190 1636 3252 1684 ut
3279 1629 3348 1696 Ιε,

110 1745 131 1778 ι
170 1726 487 1794 ἀνέστησαν.
532 1739 550 1771 ι
594 1717 702 1772 Καὶ
740 1717 898 1771 τοῦτο
939 1717 997 1770 δὲ
1040 1714 1367 1787 ἀθεωρήτως
1395 1712 1542 1766 δοκεῖ
1585 1726 1675 1782 μοι
1781 1733 1799 1763 ⁴
1845 1716 1938 1784 qui
1965 1718 2144 1773 omnis
2179 1727 2443 1775 creaturae
2485 1720 2876 1791 primogenitus
2905 1721 3124 1787 dicitur,
3152 1717 3352 1778 intelli-

103 1816 403 1874 τεθεικέναι
427 1814 456 1866 ό
484 1810 797 1882 Μάρκελλος
814 1826 827 1839 ·
862 1808 1005 1876 λέγω
1029 1806 1086 1860 δὲ
1111 1805 1171 1860 τὸ
1200 1824 1219 1857 ι
1253 1804 1422 1862 πολλὰ
1449 1802 1673 1873 σώματα
1709 1780 1749 1837 Β
1784 1824 1804 1856 ι
1848 1817 2008 1877 gatur
2027 1809 2162 1864 etde
2187 1810 2416 1865 mortuis
2439 1824 2559 1866 esse
2584 1813 2989 1881 primogenitus.
3010 1812 3124 1868 Non
3147 1811 3349 1870 etenim

105 1910 216 1966 τῶν
269 1905 678 1977 κεκοιμημένων
707 1902 878 1970 ἁγίων
925 1899 1030 1970 πρὸ
1073 1894 1237 1952 αὐτοῦ
1291 1894 1608 1967 ὲγηγέρθαι.
1648 1912 1668 1945 ι
1783 1915 1804 1948 ι
1848 1898 1916 1952 de
1968 1900 2193 1955 mortuis
2240 1909 2364 1955 ante
2426 1901 2560 1956 alios
2604 1917 2791 1958 omnes
2846 1905 3051 1973 primus
3112 1902 3354 1959 surrexit

109 2002 186 2057 Οὐ
216 2000 323 2072 γὰρ
355 1996 651 2070 προσέσχεν
679 1993 775 2067 ὅλῃ
806 1994 871 2064 τῇ
904 1990 998 2044 τοῦ
1033 1988 1363 2057 Εὑαγγελίου
1392 1989 1576 2059 γραφῇ
1600 1986 1677 2039 δι-

108 2092 398 2162 δασκούσῃ.
436 2090 516 2142 ὅτι
563 2086 700 2157 μετὰ
741 2082 838 2155 τὴν
873 2081 1057 2145 αὑτοῦ,
1101 2080 1172 2133 τά
1203 2078 1309 2132 τῶν
1347 2078 1516 2147 ἀγίων
1544 2078 1675 2149 ἐγή-

110 2201 299 2257 γερται
335 2181 578 2251 σώματα.
614 2177 808 2247 Εὖροις
836 2175 881 2229 δ’
910 2174 977 2228 ἂν
1007 2173 1168 2227 αὑτὸν
1190 2169 1557 2241 σφαλλόμενον
1585 2170 1679 2223 καὶ

110 2278 171 2331 ὲν
201 2279 266 2346 τῇ
310 2273 402 2327 τοῦ
433 2268 784 2327 ἀποστολικοῦ
829 2266 992 2339 ῥητοῦ
1040 2264 1274 2319 ἐκθέσει.
1337 2263 1396 2316 Ὀ
1440 2261 1540 2334 μὲν
1568 2260 1679 2331 γάρ

113 2366 254 2429 θεῖος
294 2360 639 2427 Ἀπόστολος,
686 2358 972 2429 Ῥωμαίοις
1011 2354 1237 2427 γράφων
1256 2392 1272 2419 ,
1305 2351 1433 2406 τάδε
1478 2350 1641 2422 φησίν
1660 2366 1674 2379 ·

126 2453 550 2525 Ἆφωρισμὲνος
588 2454 676 2517 είς
703 2449 1058 2519 εὐαγγέλιον
1101 2443 1270 2508 Θεοῦ,
1317 2441 1350 2497 ὃ
1382 2456 1677 2511 προεπηγ-

113 2547 350 2617 γείλατο
402 2542 501 2597 διὰ
547 2540 664 2596 τῶν
715 2537 1034 2608 προφητῶν
1084 2535 1273 2590 αὐτοῦ
1310 2534 1382 2588 ἐν
1414 2533 1682 2603 Γραφαῒς

113 2639 307 2708 ἁγίαις
346 2635 479 2704 περὶ
519 2632 624 2687 τοῦ
662 2631 796 2686 υἱοῦ
838 2626 1024 2684 αὐτοῦ
1053 2627 1160 2682 τοῦ
1197 2625 1564 2697 μονογενοῦς
1612 2626 1682 2679 ἐκ

112 2722 451 2792 σπέρματος
495 2720 673 2774 aasz&
725 2718 876 2772 κατὰ
917 2715 1142 2785 σάρκα,
1186 2714 1294 2769 τοῦ
1340 2714 1682 2784 ὁρισθέντος

112 2813 248 2868 υἱοῦ
297 2812 442 2867 Θεοῦ
479 2811 550 2864 ἐν
579 2808 827 2879 δυνάμει
867 2806 1017 2861 κατὰ
1050 2805 1292 2876 Πνεῦμα
1323 2806 1680 2877 ἁγιωσύνης.

127 2903 186 2957 Ὅ
211 2902 286 2967 δὲ,
319 2902 419 2957 οὐκ
451 2898 587 2966 οῖδα,
621 2900 751 2972 ποία
779 2899 1014 2970 διανοίᾳ,
1067 2897 1345 2952 κάνταῦθα
1375 2897 1684 2970 διαστρέφει

114 2995 213 3068 τὴν
254 2994 610 3065 ἀποστολικὴν
650 2992 824 3058 λέξιν·
880 2992 1000 3045 ἀντὶ
1040 2988 1133 3043 τοῦ
1183 2988 1525 3057 ὁρισθέντος
1570 2990 1683 3059 (75)

115 3086 345 3157 ποιήσας
377 3081 850 3152 προορισθέντος,
881 3082 947 3133 ἵν’
973 3077 1008 3155 ᾗ
1034 3078 1236 3150 ὁμοίως
1262 3080 1373 3142 τοῖς
1402 3078 1540 3132 κατά
1556 3080 1688 3151 πρό-

116 3193 318 3247 γνωσιν
355 3174 779 3246 προορισθεῖσιν.
808 3173 969 3241 Λέγει
1012 3168 1105 3225 οὖν
1148 3170 1289 3223 κατά
1319 3169 1467 3235 λέξιν
1513 3170 1685 3224 οὓτω·

124 3287 145 3320 ι
189 3268 400 3337 ’Ὠσπερ
437 3259 530 3318 οὗν
574 3264 675 3334 τὴν
723 3261 1050 3333 Ἐκκλησίαν
1084 3260 1250 3314 πάλαι
1290 3260 1636 3332 προωρίσατο
1660 3262 1692 3314 ό

128 3377 147 3411 ι
193 3354 583 3427 παντοκράτωρ
607 3353 760 3417 Θεὸς,
787 3350 929 3407 οὕτω
960 3351 1056 3406 καὶ
1078 3351 1180 3424 τὴν
1206 3349 1346 3405 κατὰ
1388 3350 1566 3421 σάρκα
1594 3348 1689 3405 τοῦ

129 3468 150 3503 ι
189 3446 426 3522 Χριστοῦ
451 3445 760 3517 οἰκονομίαν
779 3460 793 3475 ·
826 3442 891 3497 δι’
920 3437 983 3498 οὗ
1003 3441 1066 3496 τό
1093 3442 1201 3497 τῶν
1224 3439 1490 3498 θεοσεδῶν
1511 3441 1688 3512 γένος,

129 3559 150 3593 ι
197 3542 279 3604 εἰς
303 3536 569 3593 υἱοθεσίαν
597 3535 823 3590 καλέσαι
851 3533 1212 3607 προωρίσατο,
1240 3533 1504 3608 πρότερον
1532 3533 1695 3607 θεμε-

132 3651 153 3685 t
191 3628 386 3693 λιιίισας
396 3630 454 3683 εν
465 3629 532 3698 τῇ
549 3626 713 3681 αὑτοῦ
721 3624 946 3697 διανοίᾳ.
959 3622 1061 3678 Διά
1071 3621 1227 3678 τοῦτο
1244 3624 1275 3678 ό
1286 3621 1602 3688 Ἀπόστολος
1613 3621 1694 3695 τῷ

132 3744 154 3778 ι
194 3721 334 3793 ἁγίῳ
347 3719 623 3791 Πνεῦματι
643 3716 829 3787 σαφῶς
842 3714 1221 3791 προαγορεύει,
1234 3712 1329 3769 τοῦ
1349 3714 1692 3787 προορισθέν-

131 3833 156 3869 s
194 3832 287 3879 τος
301 3813 430 3867 Υἰοῦ
451 3811 609 3876 Θεοῦ,
629 3809 833 3879 lenm.-
850 3828 871 3863 ι
889 3809 1000 3865 Καὶ
1027 3802 1180 3872 αὖθίς
1197 3820 1361 3880 φησιν
1381 3807 1439 3862 ὲν
1463 3806 1686 3879 ἕτεροις·

133 3927 155 3961 ι
199 3900 366 3969 Οὗτός
388 3906 502 3958 ἐστι
521 3903 648 3974 περὶ
667 3895 728 3956 οὗ
757 3903 787 3955 ό
801 3899 1011 3965 Παῦλος
1038 3899 1143 3971 ἔφη
1166 3897 1259 3953 τοῦ
1282 3897 1690 3971 προορισθέντος

135 4017 157 4050 ι
198 3995 326 4050 Υίοῦ
345 3994 501 4049 Θεοῦ.
516 4014 536 4047 ι
559 3994 669 4048 Καὶ
692 3991 925 4047 ἐνταῦθα
948 3991 1014 4064 δὴ
1033 3991 1096 4045 οὐ
1114 3993 1213 4064 τὴν
1237 3987 1383 4056 λέξιν
1407 3989 1575 4063 μόνην
1597 3988 1696 4061 τὴν

132 4084 492 4157 ἀποστολικὴν
509 4081 891 4157 παρέφθειρεν,
908 4081 1044 4137 ἀλλὰ
1057 4082 1152 4136 καίΙ
1166 4080 1267 4153 τὴν
1279 4080 1515 4136 διάνοιαν
1529 4078 1698 4151 αὐτὴν

134 4177 228 4233 διά
259 4177 360 4248 τῆς
400 4176 718 4248 προσθήκης
756 4173 868 4246 (76)
910 4175 1010 4246 τῆς
1043 4172 1138 4228 τοῦ
1174 4172 1333 4241 λόγου
1366 4170 1695 4244 προθέσεως.

149 4267 377 4339 ’Δδελφά
413 4268 469 4321 δὲ
496 4266 703 4331 τούτοις
728 4264 1005 4338 πράττων.
1038 4263 1141 4327 τίις
1178 4262 1507 4326 Ψαλιιωδίας
1541 4278 1694 4332 περι-

213 4365 273 4426 ffl
310 4359 408 4417 Ed.
441 4357 636 4425 Paris„
663 4371 783 4428 pag.
816 4356 902 4410 ¹2.

1787 2005 1805 2037 ι
1845 1985 2095 2044 Christus
2143 1988 2424 2054 Dominus,
2448 2006 2635 2046 verum
2677 1994 2824 2062 prior
2866 2002 3181 2049 surrexerat
3223 1999 3353 2050 aule

1787 2096 1806 2130 ι
1851 2094 1973 2133 euim
2023 2080 2070 2135 is
2100 2095 2264 2150 quem
2315 2080 2577 2151 propbeta
2628 2082 2852 2139 Elisaeus
2886 2084 3202 2144 suscitabat.
3244 2079 3354 2141 Sed

1787 2188 1806 2221 ι
1857 2180 1912 2224 et
1940 2178 2065 2225 ante
2115 2172 2569 2227 resurrectionem
2616 2174 2733 2242 ejus
2768 2184 2886 2228 erat
2915 2173 3154 2232 Lazarus
3177 2174 3351 2234 susci-

1788 2279 1807 2312 «
1855 2271 2018 2318 tatus.
2069 2261 2137 2317 Et
2179 2277 2287 2330 quo
2325 2271 2566 2331 tempore
2618 2263 2670 2318 in
2707 2280 2869 2320 cruce
2912 2278 3105 2335 passus
3155 2265 3355 2334 iuerat,

1789 2370 1808 2404 t
1861 2352 2153 2409 multorum
2202 2364 2515 2408 sanctorum
2565 2370 2828 2425 corpora,
2861 2358 2956 2426 qui
2985 2355 3358 2416 obdormisce·

1790 2461 1811 2494 ι
1856 2443 2029 2509 bant,
2078 2444 2453 2516 resurgebant.
2505 2464 2524 2498 ι
2580 2446 2734 2513 Quod
2793 2447 3094 2506 inconsulto
3143 2448 3360 2506 videtur

1786 2534 2073 2590 Marcellus
2116 2537 2361 2606 posuisse
2398 2555 2412 2592 ι
2448 2551 2672 2606 corpora
2707 2537 2797 2593 illa
2846 2553 3040 2612 nempe
3083 2539 3358 2598 dormien-

1788 2627 1919 2681 tium
1959 2636 2265 2683 sanctorum
2316 2636 2443 2684 ante
2496 2629 2772 2685 Christum
2820 2631 3206 2690 resurrexisse.
3247 2629 3360 2690 Nec

1788 2718 2083 2788 Scripturae
2112 2720 2434 2775 sententiam
2455 2720 2715 2792 integram
2738 2721 3195 2792 attendebamus
3223 2737 3356 2780 cou-

1788 2819 1894 2864 stat
1929 2812 2041 2866 ltaec
2088 2825 2314 2881 corpora
2371 2814 2763 2882 resurrexisse,
2810 2824 3098 2884 postquam
3130 2813 3248 2886 ipse
3290 2816 3360 2872 de

1792 2902 2013 2956 mortuis
2045 2903 2398 2958 resuscitatus
2424 2903 2741 2960 exstitisset.
2775 2903 3012 2962 Ulterius
3040 2914 3096 2962 et
3121 2906 3179 2962 in
3209 2905 3358 2968 dicto

1790 2992 2020 3061 quodam
2055 2993 2372 3063 apostolico,
2413 2993 2690 3050 invenitur
2727 2995 2871 3051 idem
2901 3009 3028 3052 esse
3055 2994 3359 3054 hallucina-

1794 3093 1900 3138 tus.
1940 3081 2164 3138 Divinus
2180 3083 2465 3154 Apostolus
2503 3084 2556 3141 in
2588 3083 2674 3139 illa
2714 3085 2783 3140 ad
2820 3085 3088 3142 Romanos
3114 3086 3186 3142 ita
3222 3088 3360 3144 scri-

1795 3174 1876 3228 bit
1914 3188 1928 3227 :
1960 3172 2248 3245 Separattts
2289 3175 2345 3231 ιἰι
2388 3175 2733 3248 Εεοιιροίίιιιιι
2770 3176 2885 3244 Dei,
2917 3179 3059 3249 quod
3091 3178 3211 3248 juut
3238 3190 3360 3237 ame

1792 3265 2104 3333 promiserat
2144 3281 2238 3337 per
2280 3267 2557 3337 prophetas
2604 3283 2732 3323 suos
2773 3268 2830 3321 in
2861 3265 3155 3330 scripturis
3189 3283 3366 3326 seere-

1793 3356 2012 3423 sanctir,
2049 3357 2115 3410 de
2160 3353 2305 3412 Filio
2347 3358 2511 3429 ipsius
2546 3359 2813 3427 unigenito
2843 3374 2871 3413 ε
2898 3358 3094 3413 semine
3146 3355 3362 3415 Doridis

1793 3446 2079 3501 secundum
2124 3462 2355 3513 earnem,
2395 3448 2488 3520 qui
2539 3450 2909 3520 designabatur
2948 3447 3126 3505 Filius
3163 3441 3264 3506 'Dei
3305 3452 3364 3506 ιἰι

1796 3537 1985 3591 uirtute
2025 3539 2309 3594 εστιιιιάιιιιι
2355 3541 2603 3610 spiritum
2641 3540 3078 3610 sanctificationis
3095 3539 3161 3595 ⁸2.
3189 3535 3364 3607 Quam

1796 3626 1888 3682 ille
1945 3628 2305 3694 sententiam,
2334 3643 2443 3698 qua
2489 3638 2668 3684 mente
2714 3628 2920 3694 nescio.
2964 3630 3063 3687 sed
3105 3627 3367 3700 pervertit

1794 3733 1949 3775 sane.
1977 3718 2131 3792 Legit
2152 3720 2295 3776 enim
2333 3721 2387 3777 in
2420 3728 2565 3776 textu
2597 3721 2922 3792 apostolico,
2951 3719 3367 3795 προορισθέντες

1800 3827 1820 3863 ι
1856 3810 2193 3881 praevi-met
2227 3828 2247 3864 ι
2268 3810 2702 3883 praedesignato;
2741 3830 2761 3865 ι
2796 3812 2885 3882 qui
2917 3811 3197 3878 debuerat,
3244 3811 3365 3881 δρι-

1796 3901 2034 3969 σθὲντος.
2063 3903 2377 3969 constituto,
2416 3912 2472 3960 et
2497 3903 2883 3970 determinato;
2926 3921 2948 3957 ι
2980 3903 3036 3960 iu
3063 3916 3188 3960 eum
3212 3915 3367 3960 uem-

1793 4008 1862 4064 pe
1886 3995 2070 4064 linem,
2105 4004 2167 4052 ut
2199 3995 2529 4067 intelligatur
2562 3994 2729 4050 Filius
2767 4010 2922 4062 esse,
2962 4009 3030 4051 eo
3061 3993 3223 4051 modo
3257 4008 3368 4064 quo

1796 4093 1925 4138 sunt
1953 4083 2029 4139 illi
2063 4085 2153 4156 qui
2196 4100 2295 4156 per
2321 4084 2716 4157 praescientiam
2746 4085 3116 4156 designantur.
3141 4082 3224 4138 Ad
3245 4093 3367 4137 ver·

1798 4173 1926 4229 bum
1984 4175 2204 4242 idcirco,
2256 4178 2330 4232 ita
2362 4176 2554 4234 scribit
2585 4195 2598 4232 ε
2637 4195 2656 4229 ι
2691 4175 3151 4244 Quemadmodum
3201 4171 3368 4244 igitur

1804 4280 1825 4314 ι
1871 4262 2165 4320 Ecclesiam
2202 4278 2354 4321 suam
2379 4266 2658 4335 praevissm
2681 4265 3021 4335 omnipotens
3041 4264 3368 4337 designavit,

206 4490 621 4561 maneam„
649 4488 739 4544 22.
827 4489 875 4522 ⁸·
898 4487 1110 4545 Coloss.
1136 4504 1175 4555 ι,
1202 4486 1294 4545 15.
1368 4486 1412 4520 ⁸¹
1441 4484 1572 4542 ibid.
1606 4484 1703 4554 183
1738 4483 1907 4555 Apoc.
1938 4495 1976 4547 ι,
2016 4480 2070 4536 5.
2144 4481 2190 4513 ⁸⁸
2222 4478 2378 4536 Rom.
2405 4496 2446 4550 t,
2468 4481 2521 4536 ί.

138 4655 237 4713 nio
262 4662 524 4718 veterum,
549 4660 775 4722 excepto
802 4650 1024 4720 Theoph
1063 4649 1229 4711 lacto.
1258 4656 1314 4703 et
1345 4647 1698 4718 interpretum
1728 4649 1775 4706 D
1803 4642 2072 4715 φαίνεται.
2106 4640 2226 4698 Mox
2263 4643 2422 4714 vulgo
2450 4646 2714 4719 πρότερον
2738 4650 2795 4699 et
2830 4641 2969 4697 lnl'ra
2996 4640 3100 4715 τὴν
3129 4640 3230 4698 τοῦ
3264 4641 3368 4702 αθ-

141 4726 530 4790 recentiorum,
560 4733 619 4777 ut
647 4722 989 4777 docttssimus
1078 4718 1364 4773 aldonatus
1393 4718 1574 4794 docet.
1605 4731 1697 4771 co-

139 4796 303 4853 mites
327 4795 538 4849 scilicet
569 4792 839 4848 reservari
878 4792 1145 4858 triumpho
1170 4788 1246 4843 illi
1298 4788 1352 4842 in
1398 4784 1550 4843 coelts
1578 4786 1698 4856 glo—

136 4865 309 4925 rioso.
340 4863 591 4933 quando.
632 4871 690 4915 nt
732 4861 965 4931 loquitur
1007 4860 1396 4924 Nazianzenus,
1428 4852 1701 4927 παρατρί-

176 4949 379 5021 ensem
406 4932 499 4987 καὶ
546 4930 1066 5017 παραπεμπόμενοι,
1121 4927 1357 5000 ᾄσμασιν
1411 4925 1700 5007 ἐπινικίοις

136 5003 563 5201 ῗζῗὲξῖιῖἶὲἶέἴὰ
600 4996 1625 5138 satzi-..stiffi...wil-labilia?
1632 5006 1695 5119 ¹12:

173 5144 384 5200 'ermini
421 5160 481 5197 us
504 5144 578 5195 ait
610 5157 625 5194 ι

281 5233 436 5296 Illos.
465 5247 567 5288 ιιοιι
597 5229 825 5285 tumulos
861 5238 1061 5284 certum
1084 5236 1159 5281 est
1184 5224 1429 5296 repetisse
1455 5223 1662 5276 silentes

281 5303 545 5372 Amplius,
571 5313 660 5356 αιιι
684 5312 837 5356 terroe
871 5299 1083 5352 retineri
1110 5298 1303 5351 viscere
1335 5294 1569 5349 clausos.

138 5485 354 5558 legend.
374 5487 428 5539 in
449 5485 641 5539 Ettseb.
661 5484 736 5538 Οὐ
757 5481 914 5553 μόνον
928 5478 1107 5535 τοίνυν
1122 5477 1221 5549 τῆς
1238 5475 1423 5546 κοινῆς
1449 5474 1697 5537 κτίσεως,

1801 4712 1896 4770 τοῦ
1929 4722 1983 4767 et
2013 4711 2173 4781 ἀφορ.
2206 4713 2288 4778 είς
2310 4713 2372 4765 τὸ
2403 4713 2558 4786 εὐαγ.

1869 4782 1985 4856 (75)
2013 4782 2282 4852 Ποιήσας
2326 4783 2800 4852 προορισθέντες.
2850 4782 3083 4836 Accusat
3127 4779 3363 4839 Harrei-

1795 4852 1930 4919 lum‚
1961 4852 2268 4923 depravatae
2309 4855 2589 4924 scripturae
2637 4852 2991 4922 apostolicae:
3026 4850 3182 4907 falso.
3225 4850 3362 4908 Nam

1794 4927 1847 4983 in
1862 4927 2161 4981 variantem
2175 4923 2322 4978 iliam
2338 4921 2672 4993 Scripturam
2687 4921 2872 4991 procul
2884 4921 3051 4997 dubl9
3069 4920 3358 4980 inciderat.

1791 4995 1871 5053 lta
1913 4997 2060 5052 enim
2112 4992 2168 5048 itt
2198 4993 2423 5048 diversis
2463 4994 2861 5062 exemplaribus
2905 4992 3035 5046 olim
3059 4990 3361 5062 legebatur.

1792 5066 1871 5122 lta
1906 5067 1960 5121 in
1990 5065 2104 5120 suis
2152 5061 2352 5117 invenit
2405 5062 2749 5118 fidelissimus
2786 5062 3048 5126 omnium,
3080 5071 3137 5117 et
3161 5061 3366 5116 doctis-

1793 5138 1966 5192 simus
2015 5142 2168 5188 vetus
2210 5131 2481 5199 lnterpres
2541 5142 2753 5190 noster.
2795 5131 2887 5199 qui
2944 5132 3108 5185 vertit
3135 5127 3362 5184 Proede·

1792 5207 2045 5269 otiantur,
2078 5204 2150 5257 ita
2197 5201 2324 5268 legit
2369 5201 2697 5271 Epiphanius
2724 5210 2909 5254 contra
2941 5198 3362 5262 ΤΙισοιίοιίαιιοε,

1794 5274 1871 5328 ita
1897 5276 2011 5336 alii,
2045 5282 2101 5327 et
2142 5271 2232 5325 bic
2280 5271 2440 5325 etiam
2488 5271 2752 5326 Eusebius
2801 5269 3115 5323 cavillatur.
3138 5297 3210 5312 -
3237 5266 3364 5323 Mox

1792 5343 1954 5413 vulgo
2001 5356 2137 5413 προο
2274 5340 2397 5393 dein
2452 5340 2644 5394 ἀποστ.
2677 5341 2735 5393 ὲν
2778 5337 2859 5410 τῷ
2894 5340 2984 5419 ij„
3014 5351 3179 5409 porro
3203 5337 3366 5409 vulgo

23 5403 45 5456 9
140 5416 253 5474 sed
284 5430 594 5471 mensuram
650 5413 960 5469 excedimus
1012 5408 1453 5464 Adnotationum.
1477 5403 1701 5458 Videtur
1795 5412 1905 5465 ὲντ.
1931 5410 1988 5464 δέ
2013 5425 2066 5463 οι
2097 5356 2263 5480 tage-nv
2293 5409 2391 5463 ἀπ.
2420 5420 2475 5464 et
2504 5409 2807 5464 ἐπάκουσον
2827 5424 2977 5477 γουν.

1871 5481 1981 5562 (76)
2025 5479 2138 5549 Τῆς
2188 5478 2296 5532 τοῦ
2341 5480 2528 5549 λόγου
2568 5478 2923 5548 προθέσεως.
2965 5478 3034 5531 At
3073 5489 3174 5531 nec
3210 5475 3369 5546 λόγον

24 5545 59 5604 3¹
142 5563 280 5620 otc..
305 5565 363 5609 ut
390 5555 620 5624 explicet
663 5553 790 5606 illud
813 5550 890 5604 πά
965 5566 1011 5613 ς.
1042 5547 1110 5603 Et
1138 5562 1258 5600 mox
1285 5561 1300 5599 ι
1329 5544 1464 5616 ὅπερ
1495 5544 1588 5598 καὶ
1613 5542 1700 5595 διὰ
1800 5551 1999 5620 adjecn
2023 5549 2338 5612 Marcella.⁹
2363 5564 2462 5604 nec
2486 5561 2572 5603 e„
2594 5549 2748 5618 λόγος
2770 5547 3043 5620 πρόθεσις,
3062 5546 3156 5602 ιω
3173 5545 3366 5619 avom,

23 5623 65 5744 Ξ

23 5757 67 5816 ό

42 5829 69 5884 Ι

139 5622 242 5681 τοῦ
268 5640 310 5678 π
345 5624 607 5687 ωτότοκος
639 5622 819 5693 πάσης
868 5636 937 5675 κτ
962 5635 1097 5682 σεως
1132 5616 1364 5688 εἴρηται,
1395 5611 1700 5684 γνωσθῆναι

142 5692 336 5834 δυῖῃῖ)
357 5694 531 5833 ’ἺῗΙςο
552 5762 691 5832 ὅπερ
711 5768 765 5818 et
796 5759 978 5831 πάσης
1006 5756 1129 5815 loco
1159 5756 1258 5811 ἀπ.
1292 5753 1412 5811 dein
1456 5750 1561 5823 Hp.
1602 5767 1695 5822 γρ.

1799 5619 2107 5689 Legendum

2147 5617 2312 5743 igitur
2354 5617 2445 5674 διὰ
2483 5619 2583 5694 τῆς
2615 5617 2951 5691 προσθήκης,
2976 5613 3078 5688 τῆς
3117 5614 3215 5671 τοῦ
3260 5614 3370 5691 πρὸ

1800 5687 2130 5764 προθέσεως.
