3692 6134
267 356 364 423 551

774 472 1018 533 ’CAPUT
1056 474 1295 533 xxxiv.

338 592 502 653 Vm.
536 592 654 650 1-3.
704 610 725 646 ι
751 591 1024 658 Acoedite,
1060 600 1268 662 gentes,
1295 600 1353 648 et
1382 590 1583 655 audite,
1619 587 1824 660 princi-

931 362 1198 422 Eussssstt
1229 355 1701 420 CAESARtENsts
1736 360 1888 427 01³9.
1926 362 2106 422 PARS
2140 358 2226 423 nl.
2268 396 2336 407 -—
2371 364 2785 425 ExEGETtCA.

1851 485 1901 544 A
2435 483 2827 538 ΚΕΦΑΛΑΙΟΝ

3396 370 3506 431 5³2

2883 483 3002 537 ΛΔ’.

2007 610 2028 646 ι
2067 594 2468 667 Προσαγάγετε,
2521 594 2668 668 ἔθνη,
2712 595 2807 649 καὶ
2864 594 3150 659 ἀκούσατε,
3197 597 3453 669 ἄρχοντες
3479 619 3499 633 ·

261 704 361 758 pes
391 686 616 745 :audiat
644 694 784 744 terra
811 723 831 751 ,
867 691 925 740 et
952 683 1045 753 qui
1087 682 1141 738 in
1167 695 1233 737 ea
1262 681 1540 748 habitant,
1567 681 1739 747 orbis,
1771 688 1831 735 el.
1932 684 2215 738 ἀκουσάτω
2243 688 2277 757 η
2323 686 2416 756 γῆ,
2450 687 2545 740 καὶ
2583 688 2632 740 ei
2663 688 2724 742 ἐν
2757 687 2894 758 αὐτῇ
2927 685 3223 754 οἰκοῦντες,
3248 690 3283 761 η
3316 692 3502 746 οίκου-

259 779 490 853 populus
518 778 613 850 qui
657 775 825 835 estin
869 788 934 831 eo
965 793 980 831 ι
1013 772 1141 845 quia
1188 770 1342 830 furor
1390 769 1605 827 Domini
1661 784 1825 842 super

260 885 453 929 omnes
491 878 718 942 genten
763 877 815 926 et
846 866 927 923 ira
954 881 1121 938 super
1153 878 1371 921 omnem
1416 876 1701 919 numerum
1730 876 1826 918 eo-

257 979 386 1021 rum
410 1003 429 1033 ,
469 972 530 1021 nt
553 962 740 1036 perdat
768 975 862 1019 eos
892 967 949 1015 et
986 958 1164 1014 tradat
1191 957 1259 1013 ad
1286 954 1511 1013 coedem.
1543 952 1826 1011 vulnerati

260 1064 439 1111 autem
482 1067 669 1110 eorum
702 1049 1076 1123 proiiclentur,
1107 1056 1165 1104 et
1208 1030 1409 1104 mortui
1438 1063 1454 1101 ε
1488 1054 1545 1104 et
1568 1046 1827 1103 ascendet

257 1148 394 1203 odor
439 1160 648 1204 eorum.
703 1161 724 1197 ι
775 1140 1110 1211 Quibusnam
1144 1137 1326 1196 tradat
1358 1138 1413 1195 in
1439 1138 1641 1195 caedem
1670 1178 1687 1205 ‚
1718 1136 1825 1195 nisi

255 1238 546 1297 ultricibus
568 1235 866 1293 virtutibus
882 1235 908 1289 i
934 1232 1033 1290 nis
1057 1246 1221 1304 porro
1240 1228 1548 1304 castigatis,
1579 1228 1671 1287 alii
1703 1228 1823 1287 vul-

252 1331 429 1387 nerati
453 1369 471 1397 ,
518 1327 607 1385 alii
656 1327 855 1385 mortui
901 1333 1063 1383 erunt
1086 1363 1104 1390 ,
1135 1322 1229 1396 qui
1256 1322 1465 1381 scilicet
1490 1324 1557 1379 ad
1592 1333 1821 1380 mortem

252 1436 549 1492 peccavere
585 1437 601 1474 ι
631 1433 864 1491 qnorum
894 1416 1168 1485 facinora,
1213 1417 1269 1473 in
1307 1417 1422 1472 vita
1454 1415 1668 1474 mortali
1692 1429 1818 1487 per-

250 1522 461 1583 petrata
484 1553 521 1582 ,,
546 1511 740 1583 judicii
768 1523 1011 1582 tempore
1064 1508 1291 1566 fetorem
1320 1508 1611 1565 emittent:
1644 1522 1815 1580 quare

252 1608 545 1663 secundnm
558 1603 939 1679 Symmachum
963 1601 1183 1666 dicitur.
1199 1619 1219 1654 ι
1242 1599 1310 1656 Et
1325 1599 1583 1658 ascendet
1594 1598 1757 1657 fetor.
1784 1616 1805 1652 ι

1936 773 2094 847 μένη,
2128 774 2224 831 καὶ
2253 778 2284 830 ὀ
2307 775 2434 841 λαὸς
2478 777 2507 830 ὁ
2565 777 2625 831 ἐν
2649 777 2787 849 αὐτῇ
2811 794 2826 808 ·
2859 777 2993 831 διότι
3028 779 3057 831 ὁ
3095 775 3265 850 θυμὸς
3291 779 3499 852 Κυρίου

1930 865 2026 920 ἐπὶ
2062 866 2240 922 πάντα
2268 866 2338 922 τά
2363 866 2513 939 ἔθνη,
2536 868 2631 922 καὶ
2651 868 2790 943 ὀργὴ
2819 870 2912 923 ἐπὶ
2944 870 3038 925 τὸν
3060 870 3293 942 ἀριθμὸν
3321 872 3500 928 αὐτῶν

1927 957 2022 1014 τοῦ
2057 958 2320 1015 ἀπολέσαι
2370 958 2589 1025 αὐτοὺς,
2622 961 2716 1015 καὶ
2768 962 3101 1032 παραδοῦναι
3147 965 3229 1028 είς
3261 967 3496 1038 σφαγήν.

1923 1053 1986 1107 ot
2026 1050 2086 1107 δὲ
2127 1051 2461 1125 τραυματίαι
2491 1051 2672 1108 αὐτῶν
2699 1054 3034 1126 ριφήσονται,
3070 1055 3164 1110 καὶ
3199 1058 3249 1110 ol
3278 1056 3494 1130 νεκροί·

1920 1143 2016 1197 καὶ
2045 1142 2374 1215 ἀναύήσεται
2399 1141 2578 1198 αὐτῶν
2604 1145 2638 1214 ἡ
2664 1145 2826 1218 ὀσμή.
2858 1165 2878 1198 ι
2907 1146 3031 1200 Τίσι
3070 1147 3127 1201 δὲ
3162 1148 3495 1221 παραδοῦναι

1917 1232 2115 1299 αὐτοὺς
2142 1234 2223 1299 είς
2251 1234 2488 1305 σφαγὴν,
2541 1236 2575 1306 ἢ
2601 1238 2724 1301 ταῖς
2748 1237 3095 1304 κολαστικαῖς
3126 1241 3222 1295 καὶ
3242 1258 3488 1315 τιμωρη-

1915 1329 2097 1393 τικαῖς
2137 1326 2440 1401 δυνάμεσις
2485 1327 2705 1383 Τούτων
2766 1330 2822 1384 δὲ
2861 1330 2969 1385 τῶν
3015 1330 3397 1404 κολαζομένων
3443 1334 3492 1389 ul

1923 1417 2024 1489 μὲν
2072 1420 2409 1492 τραυματίαι
2440 1419 2674 1487 ἔσονται,
2725 1423 2774 1476 οἱ
2830 1422 2886 1476 δὲ
2943 1425 3157 1496 νεκροί·
3210 1426 3261 1479 οί
3295 1426 3490 1501 δηλαδὴ

1917 1507 1988 1563 τά
2029 1508 2166 1582 πρὸς
2236 1508 2464 1564 θάνατον
2518 1512 2898 1583 ὴμαρτηκύτες
2919 1528 2934 1544 ·
2999 1508 3075 1568 ὧν
3140 1517 3198 1569 αἱ
3244 1516 3486 1588 πράξεις,

1915 1598 1976 1653 αί
2017 1599 2158 1655 κατά
2196 1599 2288 1655 τὸν
2332 1600 2524 1672 θνητὸν
2584 1603 2698 1674 βίον
2751 1604 3178 1662 συντελεσθεῖσαι
3211 1607 3358 1662 κατά
3405 1608 3486 1665 τὸν

247 1703 350 1776 τῆς
400 1701 633 1776 κρίσεως
687 1697 878 1770 καιρὸν
924 1694 1183 1760 δυσωδίας
1243 1691 1676 1749 ἀποπνεύτουσι·
1744 1690 1827 1747 διδ
1897 1694 2038 1749 κατά
2081 1694 2176 1750 τὸν
2228 1694 2522 1768 Σύμμαχον
2581 1696 2816 1770 εἴρηται,
2872 1717 2891 1750 ι
2926 1700 3037 1754 Καὶ
3084 1702 3418 1776 ἀναδήσεται
3455 1706 3488 1776 η
3555 1736 3558 1741 -

247 1796 500 1855 δυσωδία.
529 1815 550 1849 ο

323 1907 485 1964 vm.
511 1905 566 1961 Al.
594 1923 615 1956 ι
639 1904 709 1960 Et
731 1901 1052 1975 rigabantur
1078 1904 1291 1956 montes
1307 1895 1574 1968 sanguine
1600 1908 1811 1952 eorum.
1842 1900 1888 1959 Β
1991 1920 2011 1953 ι
2049 1903 2160 1957 Καὶ
2183 1901 2515 1977 βραχήσεται
2543 1904 2612 1959 τὰ
2638 1905 2738 1979 ὅρη
2765 1904 2875 1961 ἀπὸ
2910 1906 3005 1961 τοῦ
3032 1909 3259 1980 αἳματος
3283 1911 3480 1967 αὐτῶν.

247 2002 316 2058 Et
340 2000 621 2057 tabescent
645 2008 835 2053 omnes
858 1993 1087 2048 virtutes
1116 1988 1400 2047 eoelorum.
1443 2010 1465 2041 ι
1504 1984 1574 2043 Bi
1601 1994 1817 2043 montes

244 2102 403 2150 erant
427 2087 715 2162 dequibus
740 2085 943 2141 dictum
974 2091 1061 2139 est
1082 2121 1101 2147 ,
1137 2098 1159 2135 ι
1200 2080 1269 2137 Et
1292 2078 1577 2137 tabescent
1606 2086 1818 2135 montes

244 2202 275 2241 a
312 2182 593 2256 sanguine.
647 2197 668 2233 ι
714 2176 927 2233 Etenim
954 2173 1190 2231 virtutes
1230 2168 1497 2227 coelorum
1520 2205 1539 2235 ,
1567 2180 1690 2240 qun
1717 2180 1819 2241 per

242 2284 461 2333 montes
485 2271 883 2346 significantur.
914 2275 1045 2322 tunc
1088 2262 1369 2321 tabescere
1402 2260 1679 2329 dicuntur,
1724 2270 1815 2316 ut·

242 2375 375 2439 pote
398 2380 521 2439 quat
564 2358 884 2421 memoratls
930 2355 1239 2415 bominibus
1270 2356 1326 2411 in
1356 2368 1521 2411 causa
1549 2352 1811 2425 perniciei

242 2461 471 2518 fuerint.
501 2457 762 2528 Quanam
785 2465 951 2523 porro
976 2448 1081 2505 itta
1108 2447 1310 2505 suerint
1334 2482 1353 2513 .
1390 2444 1495 2503 nisi
1518 2442 1590 2501 de
1614 2444 1815 2516 quibus

241 2553 534 2627 Apostolus
560 2550 640 2607 ait
661 2587 680 2617 ,
714 2564 736 2601 ι
780 2543 899 2601 Non
926 2551 1013 2599 est
1042 2542 1200 2598 nobis
1226 2540 1370 2597 lucta
1399 2536 1663 2596 adversus
1686 2548 1813 2591 aan-

242 2645 462 2716 guinem
509 2651 568 2698 et
610 2651 871 2703 carnem;
916 2632 1011 2691 sed
1043 2632 1306 2689 adversus
1332 2628 1709 2701 principatus.
1752 2634 1811 2685 et

241 2742 538 2806 potestates
565 2772 582 2798 ‚
626 2739 683 2787 et
707 2737 949 2786 rectores
974 2725 1163 2781 mundi
1210 2722 1375 2794 hujus
1399 2760 1418 2788 ,
1448 2730 1505 2778 et
1551 2720 1812 2778 adversus

240 2824 540 2899 spiritualia
566 2821 824 2894 nequitia
851 2820 908 2876 in
938 2816 1249 2876 coelestibus
1274 2813 1363 2869 ⁸⁸?
1397 2830 1420 2866 ι
1447 2811 1542 2871 11ae
1580 2824 1827 2883 namque,

239 2925 572 2992 potestates,
614 2930 734 2987 quae
783 2912 991 2970 aerium
1036 2910 1211 2967 locum
1253 2905 1537 2969 obtinent,
1584 2903 1810 2960 virtutes

243 3011 507 3068 ooelorum
556 3000 1325 3077 vocanturzquandoquidem
1376 3014 1483 3067 ea.
1533 3010 1657 3067 quat
1711 3011 1811 3067 per

237 3115 367 3158 aera
417 3099 685 3165 teruntur,
726 3097 975 3155 volueres
1024 3093 1147 3151 coeli
1195 3104 1392 3151 vocare
1439 3087 1576 3146 solet
1628 3088 1806 3145 divina

237 3193 519 3265 Scriptura
546 3193 774 3257 dicens,
808 3208 830 3245 ι
864 3188 1127 3245 Volucres
1170 3185 1293 3245 coeli
1346 3192 1405 3241 et
1452 3183 1630 3255 pisces
1684 3198 1802 3239 ma·

234 3287 319 3344 ris
340 3285 434 3342 Ψ.
483 3304 506 3340 ι
554 3284 690 3342 Cum
718 3294 899 3339 autem
927 3280 1059 3337 illud
1083 3319 1101 3347 ‚
1135 3298 1157 3333 ‹
1186 3279 1257 3337 Et
1302 3277 1578 3334 tabescent
1607 3289 1798 3333 omnes

233 3380 463 3435 virtutes
486 3377 745 3434 eoelorum
773 3412 790 3441 .
851 3393 874 3429 ι
929 3373 985 3430 in
1032 3369 1387 3443 Septuaginta
1435 3367 1797 3437 interpretum

231 3471 488 3527 versione
532 3483 638 3525 non
678 3475 1033 3539 compareat.
1071 3479 1195 3521 cum
1244 3459 1525 3518 asteriscis
1552 3473 1621 3515 ex
1665 3457 1797 3516 reli·

232 3577 468 3634 qnorum
526 3559 971 3631 interpretatione
1016 3556 1256 3614 additum
1306 3553 1425 3608 luit.
1475 3552 1611 3619 Quia
1666 3566 1797 3609 vero

233 3657 375 3712 scitu
407 3655 563 3712 nobis
593 3669 728 3724 opus
754 3660 875 3709 erat
922 3651 1264 3722 quandonam
1320 3647 1437 3702 baec
1483 3644 1661 3700 lutura
1709 3658 1797 3699 es·

230 3755 375 3814 sent,
415 3746 469 3801 id
499 3759 599 3801 noa
623 3744 814 3800 edocet
855 3741 1199 3813 propheticus
1243 3751 1425 3795 sermo
1470 3736 1754 3793 declarans
1777 3775 1794 3800 ‚

231 3836 481 3906 superius
510 3843 805 3890 memorata
836 3842 957 3905 post
1008 3832 1170 3902 buius
1214 3828 1399 3885 mundi
1450 3842 1795 3887 eonsumma-

231 3929 434 3985 tionem
456 3936 716 3984 eventura
731 3940 871 3982 esse.
898 3922 1266 3994 Quamobrem
1295 3920 1466 3977 infert
1498 3936 1513 3975 ε
1552 3937 1573 3972 ι
1608 3918 1794 3988 Etpli·

228 4022 443 4079 cabitur
467 4019 846 4088 coelum,sicut
870 4017 1024 4081 liber,
1069 4025 1126 4072 et
1150 4013 1331 4070 omnia
1364 4022 1513 4068 astra
1558 4010 1789 4077 eadent.

231 4124 491 4186 tanquam
525 4112 652 4169 folia
701 4112 767 4168 de
792 4112 901 4166 vite
924 4148 942 4175 ,
976 4120 1025 4165 et
1062 4107 1202 4164 sicut
1224 4106 1426 4162 cadunt
1458 4101 1585 4158 tolia
1617 4102 1685 4158 de
1721 4100 1790 4156 n·

226 4227 315 4267 cu.
348 4229 368 4264 ι
402 4208 654 4264 Salvator
685 4205 812 4260 item
847 4203 901 4257 in
933 4198 1238 4270 Evangeliis
1268 4198 1382 4253 baec
1426 4196 1493 4252 de
1534 4209 1790 4250 eonsum-

225 4303 465 4359 matione
502 4297 764 4356 tradidit:
797 4313 816 4346 ι
851 4294 917 4349 Et
960 4291 1128 4348 stellae
1167 4288 1363 4347 cadent
1396 4287 1463 4343 de
1510 4285 1687 4351 coelo,
1734 4292 1790 4338 et

221 4397 451 4451 virtutes
477 4391 740 4449 coelnrum
785 4385 1285 4447 commovebuntur,
1339 4389 1396 4436 et
1441 4387 1569 4434 tunc
1628 4390 1791 4448 appa-

223 4487 592 4557 rebitsignum
628 4482 721 4538 titii
750 4478 987 4536 bominis
1007 4477 1060 4532 in
1088 4473 1228 4531 coelo
1255 4474 1323 4527 δ’.
1361 4490 1380 4524 ι
1415 4469 1605 4542 Aquila
1636 4482 1786 4536 vero,

1914 1994 2023 2048 Καὶ
2058 1995 2387 2067 τακήσονται
2433 1998 2606 2053 πᾶσαι
2656 1996 2710 2051 αἱ
2741 1997 2997 2070 δυνάμεις
3018 2000 3125 2053 τῶν
3165 2000 3420 2073 οὐρανῶν.
3455 2023 3476 2057 ι
3551 2016 3558 2022 ·

1913 2083 2101 2140 Ταῦτα
2127 2084 2307 2140 τοίνυν
2355 2087 2649 2159 ἐτύγχανον
2679 2088 2803 2161 ὅρη,
2851 2086 2978 2161 περὶ
3024 2083 3100 2145 ὧν
3149 2092 3358 2165 εἴρηται
3398 2093 3480 2161 τὸ,

1920 2193 1941 2226 ι
1977 2177 2088 2257 Ιςαὶ
2141 2178 2469 2250 τακήσονται
2513 2179 2614 2253 δρη
2654 2180 2761 2234 ἀπὸ
2801 2179 2895 2235 τοῦ
2926 2182 3180 2253 αἵματος.
3210 2203 3228 2235 ι
3265 2184 3332 2236 At
3377 2185 3484 2258 γὰρ
3547 2200 3556 2209 ·

1911 2267 2172 2341 δυνάμεις
2196 2269 2305 2325 τῶν
2343 2271 2607 2344 οὐρανῶν,
2655 2271 2757 2345 δρη
2802 2272 3108 2345 νοούμεναι,
3150 2276 3487 2347 τακήσεσθαι
3545 2267 3559 2277 ”

1913 2359 2281 2431 λέγονται,ὼς
2310 2364 2481 2419 αἰτίαι
2527 2364 2813 2435 γενόμεναι
2849 2364 3123 2429 ἀπωλείας
3179 2365 3290 2422 τῶν
3340 2369 3488 2440 εἰρη-
3548 2360 3559 2393 ’-

1915 2451 2111 2522 μένων.
2145 2454 2302 2519 Τίνες
2323 2453 2370 2509 δ’
2397 2455 2467 2511 ἂν
2497 2452 2604 2511 εἷεν
2654 2451 2834 2523 αὗται,
2888 2458 2923 2531 ἢ
2961 2461 3088 2532 περὶΙ
3132 2453 3208 2514 ῶν
3247 2480 3417 2534 φησιν
3453 2460 3490 2519 ὁ
3557 2480 3558 2485 ’

1926 2542 2248 2609 Ἀπόστολος
2264 2584 2281 2609 ,
2319 2564 2338 2597 ι
2380 2547 2496 2601 Οὐκ
2517 2546 2664 2603 ἔστιν
2682 2551 2814 2621 ἡμῖν
2836 2549 2871 2621 ἡ
2896 2549 3044 2623 πάλη
3058 2551 3196 2625 πρὸς
3223 2548 3368 2627 αἷμα
3391 2550 3484 2609 καὶ
3543 2530 3548 2535 ”

1913 2632 2126 2705 σάρκα·
2174 2635 2311 2691 ἀλλὰ
2345 2636 2483 2709 πρὸς
2523 2637 2626 2703 τὰς
2649 2638 2849 2711 ἀρχὰς,
2894 2640 3034 2715 πρὸς
3075 2643 3176 2709 τὰς
3207 2644 3475 2713 teocam,
3539 2638 3548 2669 ·'

1908 2724 2046 2799 πρὸς
2113 2729 2243 2794 τοὺς
2311 2732 2762 2804 κοσμοκράτορας
2824 2734 2921 2788 τοῦ
2979 2734 3186 2807 κόσμου
3261 2738 3468 2803 τούτου,
3537 2734 3558 2769 ²

1909 2817 2047 2893 πρὸς
2095 2818 2164 2874 τά
2211 2823 2554 2893 πνευματικὰ
2585 2824 2685 2895 τῆς
2715 2826 2979 2898 πονηρίας
3005 2829 3064 2881 ὲν
3102 2831 3217 2892 τοῖς
3248 2829 3469 2901 ὲπουρα·
3537 2828 3558 2863 '²

1910 2911 2062 2976 νίοις.
2099 2930 2120 2966 ι
2155 2906 2323 2968 Abrae
2355 2912 2465 2987 γάρ
2489 2915 2547 2969 αί
2571 2915 2851 2988 δυνάμεις,
2874 2918 2930 2972 αῖ
2969 2916 3062 2972 τὸν
3090 2919 3274 2991 ἀέριον
3299 2919 3466 2991 χῶρον
3541 2926 3553 2955 -’

1907 3002 2337 3076 διακατέχονται,
2369 3005 2627 3079 δυνάμεις
2654 3008 2897 3083 οὐρανῶν
2927 3009 3201 3081 είρηνται·
3233 3011 3349 3065 ἐπεὶ
3375 3010 3470 3065 καὶ
3555 3042 3559 3050 ·

1906 3094 1978 3150 τά
2005 3096 2075 3151 δι’
2112 3096 2272 3170 ἀέρος
2297 3098 2572 3171 φερόμενα
2628 3100 2850 3155 πετεινά
2880 3100 3109 3174 ούρανοῦ
3143 3102 3329 3157 καλεῖν
3351 3102 3472 3158 εἴω-
3542 3110 3558 3137 -“

1906 3186 1998 3243 θεν
2020 3191 2055 3263 ὴ
2081 3189 2202 3244 θεία
2224 3188 2415 3263 Γραφὴ
2459 3190 2691 3260 λέγουσα
2710 3236 2724 3258 ,
2762 3210 2782 3245 ι
2812 3192 2892 3247 Τά
2917 3194 3141 3247 πετεινὰ
3169 3193 3265 3249 τοῦ
3315 3194 3475 3268 οὐρα·
3541 3207 3558 3239 κ·

1900 3281 1993 3336 νοῦ
2014 3281 2256 3347 καὶτοὺς
2287 3281 2473 3354 ἰχθύας
2498 3283 2598 3354 τῆς
2625 3283 2918 3358 θαλάσσης.
2963 3303 2982 3337 ι
3018 3286 3112 3357 Μὴ
3145 3285 3398 3358 κείμενον
3417 3287 3476 3343 et
3550 3320 3558 3353 :

1899 3374 1959 3427 ὲν
1985 3375 2052 3445 τῇ
2079 3372 2191 3428 τῶν
2224 3373 2627 3447 Ἐύδομὴκοντα
2665 3375 2931 3449 ἑρμηνείᾳ
2954 3376 3037 3441 τὸ,
3075 3396 3094 3429 ι
3147 3378 3260 3432 Καὶ
3302 3380 3477 3451 τακή-
3543 3412 3550 3441 ;

1900 3481 2081 3519 σονται
2135 3466 2307 3521 πᾶσαι
2367 3467 2426 3520 αί
2479 3466 2737 3539 δυνάμεις
2790 3467 2899 3522 τῶν
2946 3469 3209 3541 οὐρανῶν,
3251 3490 3273 3522 ι
3333 3469 3474 3542 μετὰ
3547 3504 3559 3537 :

1900 3557 2241 3629 ἀστερίσκων
2294 3557 2360 3613 ὲκ
2406 3558 2506 3630 τῆς
2543 3558 2650 3613 τῶν
2694 3559 2895 3615 λοιπῶν
2940 3562 3237 3634 ἑρμηνείας
3300 3581 3471 3635 προσ-

1902 3647 2083 3719 ετέθη.
2138 3646 2292 3701 Ἐπεὶ
2340 3646 2398 3701 δὲ
2432 3648 2600 3721 ἐχρῆν
2653 3649 2801 3720 ἡμᾶς
2852 3649 3052 3719 γνῶναι
3113 3651 3245 3704 πότε
3295 3651 3470 3707 ταῦτα
3545 3684 3559 3720 ·,

1896 3737 2049 3795 ἔσται
2075 3778 2091 3801 ,
2154 3739 2249 3793 καὶ
2300 3736 2458 3792 τοῦτο
2522 3739 2760 3795 διδάσκει
2815 3744 2845 3796 ὁ
2900 3743 3233 3815 προφητικὸς
3292 3743 3467 3815 λόγος,
3551 3781 3558 3791 -

1895 3831 2167 3904 παριστὰς
2188 3872 2204 3898 ,
2250 3831 2327 3896 ὡς
2385 3832 2522 3904 μετὰ
2587 3832 2685 3905 τὴν
2754 3833 3059 3889 συντέλειαν
3115 3834 3211 3888 τοῦ
3261 3836 3468 3908 κόσμου
3553 3876 3559 3907 2

1892 3924 2081 3979 τούτου
2132 3925 2419 3996 γενήσεται
2459 3926 2529 3980 τά
2591 3925 2974 3998 προλεχθέντα.
3024 3926 3114 3980 Διὸ
3162 3928 3451 4000 ἐπιφέρει·
3547 3966 3558 3979 .

1898 4033 1919 4066 ι
1949 4015 2060 4070 Καὶ
2091 4015 2423 4086 είλιγήσεται
2445 4015 2523 4080 ὡς
2545 4016 2748 4088 βιδλίον
2799 4020 2828 4072 ὁ
2873 4018 3123 4091 οὐρανὸς,
3157 4019 3253 4074 καὶ
3285 4020 3464 4076 πάντα

1890 4106 1960 4161 τά
2004 4107 2181 4179 ἄστρα
2204 4110 2469 4173 πεσεῖται,
2507 4107 2584 4173 ὡς
2614 4107 2786 4179 φύλλα
2813 4109 2874 4177 ἑξ
2921 4110 3189 4182 ἀμπέλου,
3240 4112 3336 4166 καὶ
3386 4112 3464 4180 ὡς
3551 4152 3559 4164 .

1889 4199 2079 4253 πίπτει
2102 4198 2272 4270 φύλλα
2303 4199 2412 4255 ἀπὸ
2437 4201 2628 4273 συκῆς.
2673 4221 2691 4253 ι
2725 4202 2837 4256 Καὶ
2887 4203 2915 4254 ὁ
2949 4204 3139 4276 Σωτὴρ
3166 4204 3224 4258 δὲ
3264 4207 3323 4260 ἐν
3348 4208 3461 4272 τοῖς
3549 4244 3556 4251 -

1889 4291 2243 4361 Εύαγγελίοις
2290 4293 2417 4365 περὶ
2455 4292 2555 4364 τῆς
2587 4294 2892 4359 συντελείας
2925 4296 3201 4367 παραδοὺς
3234 4297 3422 4368 ἔλεγεν
3440 4318 3455 4333 ·
3556 4346 3558 4351 ⁴

1896 4402 1917 4435 ι
1940 4382 2049 4437 Καὶ
2075 4384 2124 4436 oi
2145 4382 2374 4455 ἀστέρες
2404 4382 2693 4437 πεσοῦνται
2718 4385 2783 4438 ὲκ
2824 4381 2918 4436 τοῦ
2954 4384 3206 4455 οὐρανοῦ,
3261 4387 3357 4440 καὶ
3398 4387 3459 4441 αἱ

1887 4472 2141 4543 δυνάμεις
2161 4469 2271 4525 τῶν
2291 4469 2535 4544 οὐρανῶν
2559 4471 2997 4544 σαλευθήσονται,
3023 4472 3116 4527 καὶ
3142 4473 3264 4528 τότε
3286 4478 3459 4549 φανή-

228 4599 251 4631 ι
291 4579 356 4657 Et
370 4578 550 4634 omnis
571 4574 842 4632 exercitus
867 4583 1053 4626 eorum
1083 4564 1302 4628 defluet,
1321 4564 1461 4620 sicut
1486 4559 1672 4616 defluit
1700 4558 1785 4616 so·
1816 4575 1862 4631 ῃ
1891 4578 2041 4617 σεται
2071 4561 2133 4616 τὸ
2167 4564 2390 4634 σημεῖον
2409 4560 2503 4615 τοῦ
2531 4561 2663 4615 Υίοῦ
2690 4561 2782 4616 τοῦ
2805 4561 3090 4635 ἀνθρώπου
3107 4562 3166 4615 ἐν
3191 4563 3271 4635 τῷ
3300 4565 3461 4638 οὐρα.
3547 4610 3552 4615 .

220 4673 356 4728 lium
382 4684 414 4725 a
441 4669 576 4733 vite,
606 4677 661 4722 et
687 4674 945 4734 tanquam
974 4658 1211 4729 id,quod
1246 4655 1512 4710 delabitur
1532 4669 1562 4706 a
1584 4652 1687 4706 ticu
1712 4666 1730 4717 ;
1759 4667 1780 4703 ι

221 4765 517 4822 secundum
545 4758 929 4831 Symmachum
975 4762 1154 4807 autem
1181 4790 1197 4816 ,
1240 4766 1259 4799 ι
1303 4744 1572 4803 Etomnis
1611 4743 1783 4799 virtus

218 4855 337 4925 eius
368 4852 544 4916 cadet,
576 4851 717 4907 sicut
737 4847 885 4904 cadit
917 4844 1102 4900 folium
1127 4858 1158 4896 a
1187 4842 1298 4896 vite
1325 4879 1341 4901 ,
1370 4847 1427 4894 et
1451 4847 1702 4908 tanquam
1725 4833 1780 4889 id

219 4946 364 5020 quod
387 4945 590 5002 decidit
623 4956 653 4996 a
686 4941 811 4995 ficu.
854 4956 875 4992 ι
911 4936 1035 4992 Haec
1058 4948 1220 5005 porro
1241 4928 1648 4988 observavimus
1674 4967 1693 4993 ,
1720 4934 1781 4981 ut

219 5036 628 5095 ostenderemus
680 5047 771 5097 ea,
800 5044 920 5101 quae
951 5045 980 5083 a
1030 5026 1168 5082 Lxx
1214 5022 1603 5093 interpretibus
1634 5029 1779 5075 astra

221 5132 498 5196 dicuntur,
526 5124 664 5196 apud
696 5124 930 5193 reliquos
975 5121 1299 5190 interpretes
1351 5117 1582 5171 virtutes
1613 5111 1779 5168 coelo-

218 5238 341 5279 rum
372 5221 577 5278 vocari.
612 5217 745 5285 Quae
773 5216 1023 5277 virtutes,
1056 5212 1158 5267 nisi
1195 5210 1260 5266 de
1291 5208 1486 5279 quibus
1517 5205 1675 5261 modo
1697 5204 1780 5259 di-

218 5328 367 5371 etum
396 5322 478 5370 est
500 5312 527 5367 l
544 5309 647 5366 -llae
674 5308 838 5379 igitur
870 5308 999 5376 ipsae
1019 5344 1040 5371 ,
1066 5304 1206 5359 sicut
1228 5301 1356 5357 folia
1382 5301 1449 5356 de
1476 5298 1606 5361 vite.
1630 5297 1779 5366 judi·

217 5408 288 5462 cii
331 5416 573 5474 tempore
596 5402 794 5458 cadere
820 5399 1097 5462 dicuntur,
1122 5408 1229 5467 quo
1260 5393 1458 5450 coelum
1486 5388 1780 5463 plicabitur

217 5499 373 5568 quasi
411 5496 570 5552 liber.
600 5493 701 5549 Hic
727 5505 857 5547 vero
885 5489 1179 5546 notandum
1202 5496 1316 5551 est,
1350 5500 1458 5540 non
1487 5481 1785 5553 corruptio·

211 5608 364 5658 nem,
393 5607 498 5646 nou
522 5587 742 5644 exitium
766 5626 782 5651 ‚
824 5598 927 5638 non
957 5578 1382 5637 destructionem
1405 5575 1667 5632 coelorum
1695 5571 1779 5626 bis

1886 4653 1984 4726 νῷ.
2016 4672 2037 4706 ι
2069 4653 2125 4708 '0
2161 4654 2259 4726 μὲν
2302 4651 2552 4719 Ἀκύλας,
2583 4672 2602 4705 ι
2654 4652 2764 4708 Καὶ
2810 4655 2960 4708 πᾶσα
3004 4654 3234 4725 στρατιὰ
3277 4656 3459 4710 αὐτῶν
3553 4710 3559 4721 ,

1883 4743 2233 4817 ἀπορρεύσει,
2250 4744 2326 4809 ῶς
2351 4745 2583 4816 ἀπορρεῖ
2613 4743 2809 4813 φύλλον
2830 4744 2937 4798 ἀπὸ
2960 4743 3226 4816 ἀμπέλου,
3259 4748 3356 4801 καὶ
3382 4746 3460 4812 ὡς

1882 4837 2191 4908 ἀπόπτωμα
2241 4836 2348 4890 ἀπὸ
2405 4836 2606 4907 συκῆς·
2667 4855 2685 4886 ι
2720 4832 2859 4889 κατὰ
2900 4835 2956 4889 δὲ
2998 4835 3090 4891 τὸν
3136 4835 3457 4909 Σύμμαχον,
3551 4824 3559 4905 ,'

1887 4944 1908 4977 ι
1943 4925 2053 4980 Καὶ
2084 4926 2235 4979 πᾶσα
2265 4928 2299 4997 ἡ
2350 4924 2578 4998 δύναμις
2606 4926 2769 4980 αὐτοῦ
2818 4929 3079 4991 πεσεῖται,
3132 4926 3207 4991 ὡς
3261 4930 3459 4983 πίπτει
3555 4909 3558 4918 ¹

1883 5016 2078 5089 φύλλον
2108 5016 2218 5071 ἀπὸ
2238 5016 2501 5088 ἀμπέλου,
2536 5018 2628 5071 καὶ
2644 5017 2720 5082 ὡς
2746 5018 3054 5089 ἀπόπτωμα
3077 5018 3185 5072 ἀπὸ
3220 5021 3454 5091 συκῆς.»
3555 5002 3558 5009 ¹

1884 5109 2187 5182 Τετήρηται
2220 5108 2277 5162 δὲ
2312 5107 2482 5177 ταῦτα
2510 5110 2660 5180 ἡμῖν,
2693 5110 2773 5173 είς
2800 5108 2861 5162 τὸ
2880 5106 3068 5174 δεῖξαι,
3088 5110 3171 5164 ὅτι
3201 5111 3273 5166 τὰ
3303 5114 3462 5185 παρὰ

1880 5206 1993 5266 τοῖς
2019 5202 2415 5275 Ἑόδομήκοντα
2445 5202 2706 5274 εἰρημένα
2734 5203 2907 5274 ἄστρα
2931 5202 3081 5274 παρὰ
3107 5205 3220 5267 τοῖς
3247 5203 3462 5270 λοιποῖς

1886 5296 2245 5366 ἐρμηνευταῖς
2297 5293 2552 5365 δυνάμεις
2607 5292 2702 5347 τοῦ
2758 5292 2985 5364 ούρανοῦ
3033 5292 3459 5365 ὠνομάσθησαν.

1885 5385 2041 5440 Ποῖαι
2068 5384 2126 5438 δὲ
2151 5384 2425 5456 δυνάμεις,
2448 5383 2481 5455 ἢ
2509 5384 2636 5455 περὶ
2663 5372 2738 5437 ῶν
2767 5383 2968 5455 ἀρτίως
2997 5381 3242 5452 ὲλέγετο;
3266 5384 3461 5440 Ταῦτα

1879 5470 1971 5530 οὗν
1998 5473 2137 5529 αὐτὰ
2177 5474 2253 5538 ὡς
2285 5472 2457 5544 φύλλα
2505 5471 2566 5537 ὲξ
2614 5472 2858 5543 ἀμπέλου
2903 5469 3188 5525 πεσεῖσθαι
3234 5472 3459 5545 εἴρηται

1879 5566 2019 5619 κατὰ
2055 5565 2145 5618 τὸν
2181 5564 2281 5635 τῆς
2313 5562 2544 5634 κρίσεως
2578 5562 2788 5634 καιρὸν,
2837 5561 2958 5616 καθ’
2999 5561 3061 5616 ὃν
3112 5560 3457 5634 είλιγήσεται

251 5834 525 5906 *ἘρΙιοε.
568 5850 636 5902 rt,
674 5832 754 5890 12.
864 5836 929 5868 ⁸⁸·
968 5830 1112 5887 Psan.
1162 5842 1281 5895 vm,
1339 5810 1394 5880 θ.
1474 5820 1521 5854 “
1570 5817 1754 5878 llattlt.
1804 5828 1956 5881 xxiv,
2006 5810 2095 5867 29.
