3692 6134
17 268 120 329 tes

740 270 1012 330 EUSEBH
1049 271 1530 334 CAESARIENSIS
1566 274 1719 336 OPP.
1747 276 1930 336 PARS
1965 277 2053 336 111.
2092 306 2167 322 -—
2201 278 2612 339 Exsscmtca.
3214 291 3306 349 {M

18 386 106 451 iis,
137 354 229 458 qui
266 400 373 442 non
403 385 779 453 erediderunt,
814 395 875 443 ut
909 393 1102 459 suapte
1127 386 1291 459 culpa
1323 391 1601 461 pereunti·
1625 398 1674 456 A
1701 394 1782 457 εἰς
1810 392 1973 449 αὐτὸν
2004 392 2435 459 πεπιστευκότας
2480 391 2788 461 ἁπελέγξας
2844 393 2956 468 τὴν
3015 396 3084 452 ἐν
3139 401 3300 467 αὐτοῖς

16 478 140 543 hus,
171 477 496 534 confutatis.

90 695 114 733 ι
154 678 220 734 Et
254 677 605 750 confringent
633 677 845 748 gladios
890 694 1022 737 suos
1054 679 1109 736 in
1152 689 1360 748 aratra,
1391 689 1449 739 et
1476 682 1595 738 lan-

17 788 145 830 ceas
184 787 314 829 suas
363 772 418 827 in
468 772 676 829 falces:
711 782 766 830 et
816 788 924 829 non
975 773 1178 830 levabit
1225 789 1359 846 gens
1405 783 1592 831 contra

14 875 237 936 gentem
289 866 550 938 gladium,
597 876 655 923 et
707 882 814 924 uon
863 868 1275 925 exercebuntur
1325 868 1469 925 ultra
1526 871 1594 925 ad

16 961 284 1031 praelium.
321 980 341 1014 ι
392 959 508 1015 Νοιι
565 961 703 1017 ultra
743 960 997 1018 bellicam
1036 971 1211 1017 artem
1238 962 1506 1030 ediscunt,
1539 963 1592 1018 in

17 1052 374 1122 quaseprius
409 1067 441 1107 a
467 1067 652 1122 puero,
694 1056 852 1122 quasi
900 1054 1234 1119 necessaria,
1284 1069 1384 1124 per
1433 1070 1594 1126 agros

15 1151 74 1199 et
100 1144 262 1200 urbes
288 1146 634 1212 exercebant,
673 1146 981 1202 vicinorum
1017 1146 1257 1203 hostium
1301 1146 1595 1206 tormidine

15 1235 292 1291 commoti.
328 1236 440 1293 lmo
462 1237 626 1292 etiam
656 1237 745 1306 qui
771 1237 1065 1293 Dominum
1122 1248 1371 1295 nostrum
1403 1237 1593 1296 Iesum

14 1328 288 1384 Christum
368 1339 732 1400 susceperunt
766 1370 784 1394 ,
847 1330 997 1384 omni
1064 1330 1347 1401 praeliandi
1413 1331 1596 1388 studio

12 1419 267 1490 exempti.
302 1420 354 1474 in
387 1434 518 1487 pace
540 1420 757 1473 demum
790 1429 1108 1488 versantur;
1145 1420 1218 1475 ita
1243 1431 1433 1476 utnon
1456 1421 1596 1477 ulte-

15 1510 129 1566 rius
193 1512 262 1567 ab
327 1511 656 1566 adversariis
728 1511 1092 1582 potestatibus
1156 1522 1592 1585 oppugnentur,

14 1617 190 1673 neque
245 1602 584 1658 damonibus
655 1602 708 1658 in
769 1617 829 1659 se
890 1602 1021 1659 olim
1088 1603 1379 1674 imperium
1447 1604 1593 1661 obti-

14 1692 271 1748 nentibus
334 1692 537 1749 subditi
585 1691 713 1749 sint.
759 1691 969 1760 Quibus
1023 1692 1288 1750 Servatur
1333 1693 1450 1766 ipse
1494 1708 1589 1765 pa·

1699 485 1971 558 προτέραν
2002 484 2231 556 πλάνην,
2273 486 2308 555 ἢ
2357 485 2485 550 τοὺς
2518 485 2595 559 μή
2623 487 2703 550 εἰς
2731 486 2911 544 αὐτὸν
2938 496 3296 548 mmmm&

1696 594 1797 642 τας
1833 576 2059 648 ἐλέγξας
2084 576 2236 649 παρὰ
2277 577 2378 649 τὴν
2428 576 2606 633 αὐτῶν
2641 579 2825 637 αἰτίαν
2860 581 3281 656 ἀπολλυμένους.

1774 696 1794 730 ι
1815 678 1928 732 Καὶ
1959 677 2287 748 συγκόψουσι
2306 675 2408 741 τὰς
2438 675 2712 749 μαχαίρας
2744 673 2944 729 αὐτῶν
2971 676 3068 741 εἰς
3093 678 3273 751 ἄροτρα,

1698 773 1794 826 καὶ
1822 770 1921 834 τὰς
1954 770 2176 835 ζιδύνας
2211 768 2502 833 αύτῶν.εἰς
2522 767 2799 840 δρέπανα·
2838 768 2950 823 καὶ
2988 769 3061 823 οὐ
3097 771 3179 843 μὴ
3211 773 3280 844 ἔφη

1700 861 1853 924 ἔθνος
1877 860 1966 914 ἐπ’
1987 859 2138 925 ἔθνος
2168 861 2464 932 μάχαιραν,
2490 858 2587 912 καὶ
2604 858 2667 911 οὐ
2702 857 2781 930 μὴ
2813 856 3096 928 μάθωσιν
3116 859 3202 915 ἔτι
3225 880 3285 915 :o-

1699 953 1908 1026 λεμεῐν.
1934 971 1954 1005 ι
1992 952 2189 1006 Οὐκέτι
2221 951 2331 1024 γάρ
2362 949 2700 1004 διδάσκονται
2727 948 2802 1003 τὰ
2830 950 3155 1024 πολεμικὰ,
3183 953 3222 1009 ἀ
3249 953 3300 1024 ὃ,

1699 1046 1962 1118 πρότερον
1982 1045 2057 1111 ῶς
2080 1046 2351 1115 ἀναγκαῖα
2373 1046 2437 1099 ἐκ
2459 1043 2662 1099 παίδων
2687 1042 2813 1097 κατ’
2843 1043 3067 1117 ἀγροὺς
3087 1045 3189 1099 καὶ
3213 1062 3306 1098 κα-

1696 1138 1769 1193 τὰ
1819 1139 2004 1206 πόλεις
2043 1139 2309 1209 ἠσκοῦντο
2334 1137 2421 1193 διὰ
2453 1137 2544 1192 τὸν
2589 1135 2700 1193 ἀπὸ
2751 1135 2871 1190 τῶν
2912 1137 3304 1211 πλησιοχώρων

1700 1230 1973 1304 πολεμίων
2011 1231 2177 1303 φόδον
2200 1248 2213 1262 ·
2250 1230 2386 1285 ἀλλά
2421 1230 2513 1285 καὶ
2538 1228 2590 1283 οἰ
2608 1227 3164 1301 καταδεξάμενοιτδν
3183 1231 3303 1284 Κύ-

1698 1340 1813 1396 ριον
1857 1324 2013 1396 ήμῶν
2052 1321 2255 1396 Ιησοῦν
2283 1322 2540 1396 Χριστὸν,
2575 1321 2759 1393 πάσης
2813 1322 3140 1396 πολεμικῆς
3165 1340 3301 1395 προ·

1697 1416 1959 1486 αιρέσεως
1992 1416 2417 1486 ἀπαλλαγέντες,
2449 1415 2508 1469 ἐν
2536 1415 2730 1489 εἰρήνη
2751 1413 2966 1470 λοιπὸν
2996 1415 3299 1502 διάγουσιν·

1696 1508 1773 1572 ὡς
1810 1508 2010 1581 μηκέτι
2044 1509 2150 1562 ὑπὸ
2184 1507 2287 1563 τῶν
2310 1490 2699 1580 ἀντικειμένων
2722 1506 3044 1579 δυνάμεων
3069 1509 3306 1582 πολεμεῖ-

1699 1597 1844 1664 σθαι,
1883 1598 2017 1671 μηδὲ
2048 1599 2390 1672 ὑποχειρίους
2417 1617 2459 1653 ε·
2453 1617 2555 1653 ,ναι
2586 1598 2697 1653 τῶν
2725 1599 2913 1655 πάλαι
2956 1602 3308 1673 κρατούντων

1696 1694 1875 1749 αὐτῶν
1921 1694 2212 1766 δαιμόνων.
2241 1688 2337 1758 Οἷς
2363 1694 2458 1749 καὶ
2490 1695 2519 1748 ὁ
2545 1694 2739 1767 Σωτήρ
2757 1695 2942 1760 αὐτὸς
2976 1699 3095 1771 τὴν
3129 1698 3305 1753 ἐαυτοῦ

15 1800 135 1839 cunt
180 1798 481 1853 procurans
526 1798 682 1840 suam
719 1785 797 1839 ait
824 1803 838 1839 ε
889 1779 917 1837 ’t
954 1783 1153 1840 Pacem
1185 1798 1361 1841 meam
1393 1784 1464 1842 do
1497 1800 1593 1842 vo·
1622 1762 1664 1819 B
1692 1786 1969 1859 προξενῶν
2002 1787 2221 1858 εἰρήνην
2256 1786 2425 1857 φησί·
2473 1803 2492 1837 ι
2519 1786 2757 1858 Εἰρήνην
2780 1788 2900 1860 τὴν
2932 1791 3093 1864 ἐμὴν
3135 1793 3307 1863 δίδωμι

15 1877 102 1935 bis
131 1876 197 1933 ¹².
244 1895 264 1929 ι

88 1968 249 2024 Vens.
285 1969 339 2025 5.
381 1988 400 2020 ι
440 1967 509 2023 Et
553 1984 721 2037 nunc,
759 1969 956 2025 domus
996 1968 1184 2034 Jacob,
1222 1968 1428 2035 venite,
1473 1982 1587 2024 am·

11 2060 261 2117 bulemus
293 2060 348 2115 in
394 2060 603 2116 lumine
644 2060 882 2120 Domini.
913 2080 934 2115 ι
963 2060 1379 2133 Consequenter
1407 2062 1592 2132 itaque

10 2153 296 2225 propheta,
317 2160 603 2224 postquam
626 2154 867 2222 gentium
895 2153 1257 2218 vocationem,
1284 2160 1341 2210 et
1365 2150 1590 2209 effusam

10 2246 66 2303 in
105 2260 295 2302 omnes
344 2242 592 2301 homines
647 2258 837 2314 pacem
893 2244 1204 2313 recensuit,
1256 2258 1416 2301 suum
1460 2257 1591 2313 erga

10 2338 311 2400 iamiliares
357 2351 487 2393 suos
534 2336 793 2391 affectum
848 2346 1249 2392 commonstrat
1278 2352 1294 2390 ι
1323 2334 1581 2407 populum

10 2446 168 2486 suum
198 2427 722 2496 commonefaciens,
755 2435 820 2482 ut
871 2425 1075 2483 Christi
1123 2426 1361 2497 gratiam
1409 2425 1590 2482 omni-

11 2523 110 2578 bus
136 2520 388 2591 gentibus
430 2520 616 2575 datam
658 2528 714 2575 et
761 2518 943 2575 lumen
988 2518 1364 2591 evangelicum
1416 2518 1594 2575 susci-

12 2614 176 2685 piat:
220 2627 492 2683 seseque.
548 2611 617 2668 ad
673 2611 1055 2668 concitandum
1110 2611 1594 2684 instigandumque

14 2705 269 2775 populum
298 2744 317 2771 ,
379 2703 572 2759 iisdem
635 2702 977 2768 adnumerat,
1029 2713 1334 2773 auctorque
1389 2714 1476 2760 est
1533 2713 1595 2759 ut

14 2798 189 2854 lucem
223 2797 438 2853 Domlni
496 2796 711 2851 adeant.
748 2793 945 2852 Lucem
987 2811 1151 2867 porro
1174 2795 1391 2852 Domini
1434 2807 1593 2853 vocat

14 2890 189 2961 legem
240 2887 374 2944 Novi
427 2888 761 2945 Testamenti
811 2902 878 2946 ex
927 2887 1063 2944 Sion
1120 2887 1507 2959 prodeuntem,
1533 2899 1591 2947 et

12 2981 256 3040 salutare
274 2980 758 3052 evangelicumque
785 2980 1037 3036 verbum.

1693 1879 1841 1950 ὑμῖν.

1766 1989 1785 2023 ι
1816 1970 1929 2026 Καὶ
1955 1969 2072 2034 νῦν,
2100 1969 2130 2023 ό
2157 1965 2305 2033 οἶκος
2330 1969 2425 2024 τοῦ
2464 1968 2681 2035 Ἰακὼῦ,
2719 1967 2920 2038 δεῦτε,
2955 1976 3307 2050 πορευθῶμν

1689 2064 1749 2117 ἐν
1776 2062 1855 2135 τῷ
1877 2064 2016 2133 φωτὶ
2040 2062 2267 2135 Κυρίου.
2294 2081 2314 2115 ι
2358 2061 2691 2126 ’Δκολούθως
2719 2062 2923 2119 τοίνυν
2947 2069 2983 2123 ὁ
3005 2072 3300 2143 προφήτης,

1690 2154 1979 2224 διεξελθὼν
2016 2154 2126 2211 τῶν
2164 2153 2334 2209 ἐθνῶν
2375 2154 2477 2226 τήν
2513 2154 2731 2226 κλῆσιν,
2768 2157 2879 2211 καὶ
2915 2160 3031 2233 τὴν
3068 2163 3300 2234 refletunt

1692 2250 1773 2311 εἰς
1803 2246 2012 2312 πάντας
2032 2244 2352 2321 ἀνθρώπους
2383 2247 2628 2319 εἰρήνην,
2660 2246 2765 2320 τὴν
2793 2251 2887 2315 εἰς
2909 2255 3058 2320 τοὺς
3093 2257 3298 2320 οἰκείως

1691 2337 2024 2393 ἐνδείκνυται
2044 2336 2443 2408 φιλοστοργίαν,
2473 2336 2818 2409 παρακαλῶν
2847 2342 3115 2401 τδνλαδν
3133 2347 3295 2411 αὐτοῦ,

1692 2428 2053 2494 ὑποδέξασθαι
2074 2428 2173 2499 τήν
2196 2430 2330 2483 πᾶσι
2352 2431 2467 2494 τοῖς
2485 2428 2663 2483 ἔθνεσι
2676 2428 3060 2504 δωρηθεῖσαν
3077 2438 3168 2493 τοῦ
3185 2439 3295 2510 xpr-

1693 2518 1822 2575 στοῦ
1846 2519 2026 2591 χάριν,
2059 2520 2152 2574 καὶ
2182 2519 2246 2574 τὸ
2281 2518 2397 2590 φῶς
2425 2519 2488 2573 τὸ
2530 2519 2937 2590 εὐαγγελικόν.
2971 2529 3274 2601 Συγκαταὶὲ-

1691 2630 1779 2684 γει
1802 2613 1860 2668 δὲ
1891 2614 2120 2678 ἐκείνοις
2145 2614 2241 2668 καὶ
2267 2613 2480 2681 ἑαυτὸν,
2508 2614 2589 2679 εἰς
2614 2618 2968 2695 προτροπὴν
2999 2625 3093 2678 2021
3109 2622 3268 2696 πρόρ-

1695 2723 1863 2780 μησιν
1880 2704 1974 2761 τοῦ
2014 2705 2167 2772 λαοῦ,
2197 2705 2598 2778 παραινετικῶς
2624 2710 3000 2778 παρακαλῶν
3021 2714 3104 2769 τοῦ
3119 2712 3260 2783 past&

1692 2798 1900 2871 Κυρίου
1932 2798 2359 2871 μεταλαγχάνειν
2377 2817 2391 2831 ·
2417 2799 2535 2871 φῶς
2561 2800 2773 2874 Κυρίου
2807 2805 3252 2881 evolsae-vtem

1692 2889 1831 2945 Σιὼν
1859 2891 2187 2964 προελθόντα
2206 2892 2369 2965 νόμον
2393 2892 2496 2964 τῆς
2510 2893 2718 2966 Καινῆς
2744 2896 3070 2976 Διαθήκης,
3081 2898 3161 2954 καὶ
3180 2894 3250 2949 ὼ·

1691 2984 1961 3057 σωτήριον
1992 2986 2089 3038 καὶ
2116 2985 2470 3055 εύαγγελικδν
2496 2986 2676 3056 λόγον.

82 3070 248 3129 Vns.
275 3072 383 3129 6.ι
420 3071 636 3128 Dimisit
657 3085 803 3126 emm
845 3068 1104 3143 populum
1145 3082 1339 3136 suum,
1368 3070 1586 3127 domum
1616 3106 1658 3166 C
1768 3094 1787 3127 e
1811 3076 2007 3148 Ἀνῆκε
2032 3077 2140 3151 γὰρ
2161 3078 2252 3132 τὸν
2272 3078 2397 3131 λαὸν
2419 3078 2604 3145 αὐτοῦ,
2632 3078 2723 3133 τὸν
2745 3076 2917 3140 οἶκον
2962 3085 3193 3160 ῐσραῆλ,
3209 3085 3275 3138 ὅτι

12 3164 243 3221 israel:
293 3165 424 3235 quia
474 3162 687 3233 repieta
744 3169 831 3218 est
887 3171 952 3218 ut
1012 3176 1044 3218 a
1103 3161 1372 3233 principio
1440 3171 1586 3218 terra

12 3272 199 3314 eorum
256 3257 587 3324 vaticiniis,
649 3264 713 3314 ut
773 3268 926 3314 terra
981 3254 1414 3327 alienigenarum
1460 3272 1478 3314 ι
1533 3266 1591 3312 et

13 3350 167 3405 multi
240 3350 335 3406 lilii
387 3350 707 3422 alienigenae
745 3348 874 3406 sacti
925 3358 1054 3406 sunt
1094 3348 1198 3405 eis.
1237 3367 1258 3402 ι
1300 3348 1398 3406 llic
1433 3349 1588 3420 quasi

15 3440 127 3497 Deo
170 3440 543 3497 defensionem
621 3455 821 3511 parans
856 3484 872 3510 ,
949 3455 1177 3497 eausam
1254 3439 1413 3498 affert
1492 3456 1592 3497 cur

14 3547 111 3588 eos
142 3531 410 3588 dimiserit
442 3532 528 3588 his
575 3530 758 3588 verbis
788 3550 802 3588 ι
834 3550 854 3586 ι
883 3531 1021 3600 Quia
1072 3532 1281 3605 repleta
1329 3540 1434 3597 est.
1472 3544 1530 3587 ut
1558 3548 1588 3588 a

14 3624 302 3696 principio,
350 3631 497 3678 terra
552 3637 740 3679 eorum
787 3623 1085 3692 vaticiniis,
1141 3643 1162 3677 ι
1218 3631 1275 3681 et
1320 3635 1524 3681 caetera
1572 3643 1587 3679 ι

14 3718 213 3789 quibus
253 3715 497 3772 declarat
538 3715 715 3787 ipsum
759 3731 869 3772 non
922 3716 1044 3773 sine
1087 3730 1258 3774 eausa
1305 3730 1404 3773 eos
1432 3717 1590 3773 dimi-

16 3813 174 3867 sisse.

86 3904 251 3959 Vens.
286 3902 400 3959 7·9.
443 3919 460 3953 ι
500 3898 724 3971 Repleta
765 3909 851 3958 est
897 3900 1042 3955 enim
1085 3911 1234 3957 terra
1273 3916 1463 3959 eorum
1509 3916 1592 3957 ar-

17 4005 180 4065 gento
209 4003 266 4050 et
296 4008 466 4062 auro,
513 4002 569 4048 et
608 4008 716 4049 non
759 4001 880 4049 erat
913 4007 1173 4049 numerus
1205 3995 1589 4050 thesaurorum

20 4089 267 4145 illorum:
304 4096 361 4144 et
391 4085 593 4156 repleta
626 4096 712 4143 est
738 4096 883 4142 terra
914 4086 1098 4156 equis,
1135 4093 1193 4141 et
1222 4086 1591 4143 innumerabi-

16 4181 94 4236 les
123 4193 315 4235 currus
347 4176 468 4248 eius
494 4195 508 4234 ι
540 4187 597 4233 et
629 4177 836 4250 repleta
866 4184 952 4233 est
983 4186 1133 4233 terra
1165 4178 1590 4234 abominationi-

16 4273 118 4328 bus
137 4286 362 4343 operum
385 4287 640 4327 manuum
663 4286 854 4329 eorum
871 4314 887 4339 ,
913 4280 970 4327 et
991 4270 1358 4326 adoraverunt
1375 4286 1440 4327 ea
1467 4286 1587 4344 quae

17 4363 266 4421 fecerunt
305 4365 457 4438 digiti
487 4380 712 4421 eorum:
752 4374 810 4420 et
843 4362 1154 4420 incurvavit
1197 4377 1259 4419 se
1302 4363 1497 4429 bomo,
1531 4375 1588 4419 et

1689 4267 1796 4321 τῶν
1854 4267 2029 4341 ἔργων
2068 4270 2177 4324 τῶν
2215 4272 2412 4345 χειρῶν
2460 4271 2669 4341 ἀυτῶν,

1690 3165 1932 3240 ἐπλήσθη
1966 3166 2042 3231 ὡς
2063 3169 2124 3223 τὸ
2150 3170 2245 3223 ἀπ’
2264 3170 2487 3243 ἀρχῆςή
2511 3170 2661 3245 χώρα
2674 3173 2873 3230 αὐτῶν
2904 3178 3278 3253 κλῃδονισμῶν.

1689 3259 1765 3325 ὡς
1796 3261 1829 3331 ή
1859 3259 1969 3314 τῶν
2004 3260 2335 3330 ἀλλοφύλων,
2372 3266 2468 3318 καὶ
2501 3263 2668 3319 τέκνα
2703 3265 2893 3324 πολλά
2938 3272 3213 3343 ἀλλόφυλα
3241 3273 3285 3324 ἑ·

1689 3349 1891 3422 γενήθη
1919 3351 2119 3416 αὐτοῖς.
2150 3372 2168 3404 ι
2201 3352 2299 3407 Διά
2328 3354 2381 3406 τί
2406 3353 2464 3410 δὲ
2489 3355 2915 3429 αύτδνάνῆκεν,
2949 3361 3153 3437 ὥσπερ
3169 3365 3285 3418 ἀπο-

1689 3442 2015 3515 λογούμενος
2050 3444 2189 3517 ὑπὲρ
2214 3444 2310 3499 τοῦ
2359 3444 2514 3512 Θεοῦ,
2548 3446 2649 3511 τάς
2675 3447 2871 3515 αἰτίας
2915 3454 3144 3528 τίθησιν
3175 3456 3286 3525 ἑξῆς

1691 3535 1987 3609 ἐπιφέρων·
2026 3537 2179 3591 «Ὅτι
2199 3538 2504 3613 ἐνεπλήσθη
2534 3542 2568 3613 ή
2600 3540 2754 3612 χώρα
2780 3545 2982 3601 αὐτῶν
3015 3548 3099 3614 ὡς
3122 3549 3183 3603 τὸ
3204 3546 3285 3602 ἀπ’

1691 3626 1868 3700 ἀρχῆς
1894 3628 2288 3701 κληδονισμῶν,
2312 3654 2330 3683 ο
2389 3632 2482 3686 καὶ
2506 3632 2575 3686 τὰ
2599 3631 2724 3705 ἑξῆς
2750 3651 2765 3664 ·
2817 3636 2894 3691 δι’
2917 3632 3000 3694 ῶν
3030 3641 3287 3715 παρίστη·

1693 3736 1798 3786 σιν,
1819 3720 1904 3774 ὅτι
1927 3721 2001 3793 μή
2029 3720 2240 3790 ἀλόγως
2269 3722 2462 3788 αὐτοὺς
2484 3725 2704 3797 ἀνῆκεν.

1767 3918 1786 3951 ι
1839 3899 2174 3973 Ἐνεπλήσθη
2225 3902 2333 3974 γὰρ
2366 3904 2400 3975 ή
2443 3902 2596 3975 χώρα
2638 3906 2820 3961 αὐτῶν
2876 3910 3165 3986 ἀργυρίου
3200 3913 3280 3969 καὶ

1692 3993 1935 4065 χρυσίου,
1971 3995 2063 4048 καὶ
2095 3994 2195 4049 οὐκ
2220 3991 2288 4067 ἦν
2324 3996 2557 4069 ἀριθμὸς
2587 3998 2696 4052 τῶν
2729 3999 3043 4077 θησαυρῶν
3078 4008 3274 4063 αὐτῶν·

1691 4086 1784 4139 καὶ
1814 4085 2118 4158 ἐνεπλήσθη
2152 4088 2186 4159 ή
2215 4088 2288 4160 γῆ
2317 4088 2519 4154 ἵππων,
2548 4093 2645 4145 καὶ
2663 4092 2763 4145 οὐκ
2794 4088 2867 4165 ἦν
2906 4098 3156 4172 ἀριθμὸς
3184 4100 3277 4154 τῶν

1691 4179 1952 4250 ἁρμάτων
1989 4179 2168 4235 αὐτῶν
2187 4197 2200 4212 ·
2236 4182 2331 4236 καὶ
2346 4181 2663 4286 ἐνεπλήσθη
2696 4184 2729 4256 ή
2766 4186 2841 4257 γῆ
2888 4188 3274 4265 βδελυγμάτων

2722 4278 2819 4331 καὶ
2852 4285 3273 4358 προσεκύνησαν

1690 4354 1771 4425 οἷς
1801 4360 2065 4433 ἐποίησαν
2094 4364 2142 4416 οἰ
2171 4363 2423 4418 δάκτυλοι
2458 4365 2670 4421 αὐτῶν·
2700 4369 2796 4422 καὶ
2829 4369 3046 4433 ἔκυψεν
3075 4376 3272 4449 &vopu-

18 4456 337 4515 humiliatus
378 4466 466 4514 est
522 4458 625 4512 vir.
670 4475 690 4509 ι
746 4456 987 4525 Eorum,
1037 4470 1430 4528 quorumnam,
1482 4456 1585 4513 nisi
1618 4458 1812 4519 υπος.
1854 4453 1949 4506 καὶ
1980 4454 2313 4528 ἐταπεινώθη
2364 4456 2522 4529 ἀνήρ.
2577 4478 2597 4510 ι
2634 4458 2809 4514 Τίνων
2841 4462 3060 4532 αὐτῶν,
3095 4468 3130 4539 η
3179 4466 3273 4520 τῶν

19 4550 442 4621 alienigenarum
466 4549 830 4605 habitatorum
854 4548 948 4620 qui
980 4551 1348 4606 adoraverunt
1371 4562 1435 4606 ea
1465 4565 1588 4621 quae

18 4640 269 4698 fecerunt
288 4640 440 4712 digiti
470 4641 694 4697 eorum?
733 4640 861 4697 flaec
883 4655 1047 4712 porro
1073 4642 1257 4699 omnia
1291 4652 1484 4715 gentes
1512 4644 1588 4699 si·

17 4733 278 4806 gnificant
315 4734 668 4806 alienigenas,
702 4749 826 4805 quae
871 4735 927 4791 iu
966 4732 1273 4791 Jerusalem
1315 4743 1373 4791 et
1403 4736 1458 4791 in
1486 4734 1586 4792 Ju-

16 4828 133 4882 daea
157 4825 483 4883 habitaturae
512 4835 690 4883 eraut.
737 4826 870 4894 Quae
908 4835 1032 4899 post
1072 4825 1375 4883 Salvatoris
1412 4826 1583 4883 nostri

16 4919 332 4985 adventum,
354 4924 411 4973 et
433 4926 555 4988 post
575 4917 834 4973 emissam
852 4915 1025 4973 lucem
1048 4914 1441 4988 evangelicam,
1462 4930 1584 4988 qua·

20 5006 346 5064 illuminavit
398 5020 589 5064 omnes
647 5014 883 5078 gentes,
931 5007 1200 5077 completa
1246 5016 1412 5064 sunt:
1456 5007 1583 5078 quia

18 5099 343 5171 prophetam
393 5113 500 5154 non
542 5099 850 5178 audieruut,
898 5112 961 5155 se
1012 5099 1088 5156 ita
1142 5099 1579 5170 compellantem,

24 5210 46 5242 ι
86 5191 295 5261 Venite,
330 5191 673 5248 ambulemus
706 5191 762 5249 in
793 5190 1001 5249 lumine
1035 5191 1337 5249 Domini.»

89 5374 252 5442 Vns.
288 5371 472 5429 to-ta.
506 5392 526 5428 ι
560 5374 626 5430 Et
652 5390 756 5431 non
784 5374 1051 5431 dimittam
1082 5389 1216 5433 eos:
1248 5382 1303 5432 et
1345 5374 1584 5448 ingredi-

17 5468 150 5523 mini
185 5468 238 5523 in
289 5477 495 5537 petras,
542 5477 596 5524 et
632 5469 1029 5525 abscondimini
1065 5470 1117 5523 in
1171 5479 1315 5524 terra
1360 5482 1391 5524 a
1443 5467 1585 5523 facie

22 5558 234 5615 timoris
264 5558 472 5615 Domini
503 5568 559 5615 et
600 5574 633 5615 a
665 5560 838 5642 gloria
870 5559 1212 5638 fortitudinis
1241 5558 1362 5642 ejus
1393 5577 1407 5617 ι
1460 5573 1583 5616 cum

94 5704 137 5734 ¹²
158 5699 310 5759 Joan.
339 5719 448 5769 xlv,
475 5704 566 5759 27.

1692 4544 2002 4617 ἀλλοφύλων
2033 4547 2329 4621 οἰκητόρων
2360 4549 2410 4603 οἳ
2444 4552 2539 4604 καὶ
2572 4552 3001 4626 προσεκύνησαν
3027 4554 3115 4624 οἷς
3143 4557 3273 4614 ervo-‘-

1691 4652 1830 4708 ησαν
1862 4638 1911 4691 oi
1944 4636 2197 4692 δάκτυλοι
2246 4638 2456 4706 αύτῶν;
2504 4639 2691 4694 Ταῦτα
2729 4642 2911 4698 πάντα
2961 4644 3271 4720 σημαντικά

1690 4728 1945 4799 τυγχάνει
1986 4728 2297 4799 ἀλλοφύλων
2331 4730 2521 4793 ἐθνῶν,
2555 4732 2859 4804 μελλόντων
2895 4739 3080 4796 οἰκεῖν
3114 4739 3270 4811 αὑτήν

1692 4835 1752 4872 τε
1782 4819 1882 4890 τήν
1916 4818 2272 4893 Ἰερουσαλὴμ
2297 4821 2409 4876 διαὶ
2434 4822 2532 4894 τὴν
2575 4824 2834 4880 Ἰουδαίαν
2867 4826 3087 4904 χώραν.
3129 4829 3271 4900 Ἃδὴ

1691 4910 1993 4984 ἐπληροῦτο
2036 4912 2176 4983 μετὰ
2208 4913 2307 4985 τὴν
2340 4913 2433 4968 τοῦ
2466 4916 2716 4989 Σωτῆρος
2743 4918 2907 4988 ήμῶν
2946 4927 3270 4998 παρουσίαν,

1691 5003 1786 5057 καὶ
1821 5001 1960 5074 μετὰ
1989 5003 2082 5057 τὸν
2120 5003 2278 5073 λόγον
2307 5007 2399 5060 τὸν
2443 5009 2751 5078 φωτίσαντα
2785 5010 2971 5078 πάντα
3003 5016 3083 5071 τὰ
3113 5016 3269 5085 ἔθνη·

1690 5096 1877 5169 ἐπειδὴ
1917 5098 1991 5170 μὴ
2034 5098 2350 5171 ὑπήκουσαν
2381 5101 2475 5155 τοῦ
2524 5101 2855 5174 κεκληκότος
2897 5106 3112 5173 αὐτοὺς
3143 5124 3271 5178 προ-

1689 5175 1889 5260 φήτου·
1924 5206 1943 5240 ι
1987 5189 2086 5243 Δε
2058 5208 2149 5245 υτε
2196 5193 2290 5246 καὶ
2336 5193 2690 5266 πορευθῶμεν
2730 5193 2820 5250 ἐν’
2838 5195 2924 5268 τῷ
2966 5202 3120 5269 φωτὶ
3166 5202 3270 5255 Κυ-

1732 5281 1830 5335 ίου.
1867 5300 1887 5334 ι

1694 5298 1726 5353 ρ
1771 5392 1791 5426 ι
1825 5375 1936 5429 Καὶ
1967 5374 2029 5429 ού
2060 5376 2136 5448 μή
2173 5377 2357 5449 ἀνήσω
2399 5380 2628 5444 αὐτους,
2658 5380 2754 5435 καὶ
2784 5385 3173 5442 συνεισέλθετε
3199 5388 3269 5450 είς

1689 5463 1789 5529 τὰς
1822 5465 2048 5538 πέτρας,
2078 5469 2175 5522 καὶ
2204 5468 2511 5540 κρύπτεσθε
2540 5472 2621 5535 εἰς
2648 5472 2749 5544 τήν
2778 5474 2881 5547 γῆν
2910 5477 3026 5532 ἀπὸ
3056 5477 3269 5551 προσώ·

1694 5574 1794 5611 που
1825 5558 1922 5613 τοῦ
1945 5559 2109 5629 φόὸου
2138 5562 2366 5634 Κυρίου,
2398 5564 2490 5618 καὶ
2516 5566 2624 5619 ἀπὸ
2647 5565 2747 5638 τῆς
2772 5567 2937 5642 δόξης
2966 5574 3071 5647 τῆς
3097 5572 3268 5647 ἰσχύες
