3692 6134
112 319 250 379 ¹¹37

1323 318 1414 374 DE
1451 315 1914 374 thORPORALi
1953 316 2186 373 ahma,

3210 316 3343 374 11³8

110 436 450 508 incipiebant
487 433 539 490 ei
569 433 764 505 subjici
789 432 971 489 omnia
1011 447 1133 503 quae
1156 432 1297 490 l'acta
1328 448 1360 488 a
1385 434 1494 491 Deo
1520 443 1682 499 sunt3
1713 437 1759 495 Α
1784 448 1855 502 go
1887 442 2068 488 autem
2095 432 2324 488 necdum
2351 429 2546 487 virens
2572 469 2589 495 ,
2641 435 2697 483 et
2738 428 2952 496 iacebat
2978 426 3118 499 quod
3148 427 3343 484 iactum

102 536 168 585 ut
199 541 309 582 non
341 524 511 596 ipsius
538 534 862 596 putarentur
889 540 1051 596 opera
1083 541 1206 596 qun
1235 525 1382 584 sacta
1405 528 1678 594 ridentur,

105 619 441 676 novissimus
488 618 752 690 liguratur
800 618 964 674 homo
991 658 1009 684 ,
1070 626 1127 674 et
1173 631 1279 673 non
1330 619 1560 688 primus.
1619 616 1679 674 Si

104 711 253 767 enisu
282 718 342 766 ct
367 709 441 765 ita
463 708 761 765 novissimo
792 709 937 765 l'acto
978 708 1217 772 bomine,
1245 708 1366 764 ausi
1405 718 1534 764 sunt
1558 708 1681 781 qui-

104 799 235 857 dam
284 814 383 871 per
412 800 624 856 fabulas
673 801 1049 867 introducere:
1091 801 1220 869 quid
1250 815 1357 856 non
1391 801 1508 857 ausi
1543 798 1680 855 i'uis-

104 901 233 951 sent
262 892 308 948 si
346 906 457 947 uon
488 891 590 948 ista
625 892 991 963 praecessisset
1028 890 1192 946 tutela
1223 891 1250 946 2
1298 890 1472 947 Aliter
1498 900 1679 946 autem

105 992 169 1037 et
198 981 427 1036 decebat
470 991 761 1050 antequam
803 988 1089 1036 crearetur
1130 996 1225 1036 rex
1254 995 1418 1052 super
1449 990 1679 1045 terram,

108 1070 408 1143 praeparari
445 1070 754 1125 necessaria
780 1068 1013 1139 primum
1038 1109 1057 1137 ,
1092 1077 1152 1125 ut
1186 1071 1257 1126 ita
1286 1071 1563 1127 adveniret
1587 1072 1682 1141 qui

106 1177 177 1219 ea
208 1161 410 1232 perfrui
458 1160 699 1217 deberet.
742 1159 1006 1217 Servatur
1039 1169 1218 1217 autem
1272 1169 1330 1217 et
1382 1162 1434 1216 in
1467 1161 1682 1217 irratio·

111 1253 391 1308 nabilibus
444 1253 600 1318 ordo,
637 1253 935 1308 secundum
983 1252 1343 1325 scripturam.
1376 1252 1492 1310 Non
1537 1256 1683 1311 enim

110 1346 271 1418 prius
293 1345 436 1401 sacta
465 1354 595 1400 sunt
620 1346 874 1401 animalia
893 1386 910 1412 ,
946 1360 1110 1416 quam
1140 1344 1334 1402 flerent
1357 1361 1421 1402 ea
1452 1360 1573 1417 quae
1592 1362 1682 1418 pa·

111 1444 333 1493 acerent
380 1433 655 1491 animalia.
702 1433 838 1502 Quia
888 1435 1033 1490 euim
1072 1433 1274 1491 {actum
1300 1437 1547 1505 quidem·
1571 1437 1685 1509 jam

108 1523 293 1582 luerat
319 1524 534 1590 coelum,
560 1522 778 1579 fundata
806 1533 982 1580 autem
1001 1523 1114 1594 jam
1143 1533 1263 1580 erat
1291 1534 1457 1592 terra,
1488 1535 1545 1584 et
1572 1542 1687 1582 ma-

112 1631 181 1671 re
207 1613 385 1671 fuerat
405 1620 714 1683 separatum
738 1611 807 1670 ab
832 1613 1007 1679 arida,
1034 1608 1240 1669 eliusus
1264 1623 1448 1671 autem
1483 1624 1602 1671 erat
1629 1625 1688 1673 et

114 1719 235 1770 aer,
259 1712 517 1760 coronata
543 1711 721 1759 autem
757 1710 912 1758 erant
949 1716 1073 1771 quat
1112 1703 1257 1760 sacta
1305 1714 1460 1772 sunt,
1491 1720 1687 1761 unum-

1782 536 1956 584 estut
1986 535 2391 597 operamentum
2428 543 2444 581 ε
2489 523 2796 594 requirebat
2833 529 3012 578 autem
3059 522 3345 590 artificem,

1781 632 1889 672 non
1921 615 2197 673 intellectu
2224 626 2321 672 aut
2343 615 2538 673 effectu
2558 654 2578 681 ,
2607 612 2703 671 sed
2727 612 3046 670 necessitate
3070 614 3345 684 poscebat.

1783 706 2062 778 Scriptum
2111 708 2258 764 enim
2285 716 2409 774 est,
2443 707 2570 777 quia
2620 713 2742 776 post
2785 704 2885 761 boc
2913 722 2928 760 ε
2960 702 3246 775 Inspirarit
3286 707 3346 761 in

1781 813 1906 852 curn
1936 798 2189 853 Dominus
2224 798 2600 867 spiramentum
2631 795 2789 861 uitoe,·
2819 805 2871 851 et
2900 793 3072 866 {uetus
3095 804 3171 852 est
3191 796 3346 851 Ιιοπιο

1783 890 1839 943 in
1870 890 2104 944 unimam
2131 890 2387 945 uiuentem
2411 887 2478 943 ⁸⁸.
2502 886 2568 943 m
2591 888 2805 952 iterum,
2830 885 2894 941 ln
2920 885 3163 958 spiritum
3181 885 3354 955 uirili·

1781 990 1990 1036 cantem
2019 979 2090 1036 ⁸⁸.
2145 980 2289 1051 Ergo
2333 981 2403 1037 ab
2436 980 2588 1036 initio
2631 977 2922 1050 separatim
2967 978 3187 1047 quidem
3228 990 3347 1031 cor·

1780 1084 1881 1141 pus
1906 1109 1923 1136 ,
1956 1069 2252 1140 separatim
2286 1077 2465 1125 autem
2493 1068 2670 1124 anima
2720 1067 2863 1122 iacta
2911 1074 3017 1123 est.
3057 1066 3125 1122 Et
3149 1080 3347 1138 eorpus

1781 1159 2001 1229 quidem
2023 1158 2144 1217 sine
2171 1158 2355 1215 anima
2380 1174 2487 1215 nun
2527 1157 2661 1213 vivit
2691 1173 2707 1212 t
2739 1171 2863 1213 cum
2899 1164 3079 1212 autem
3101 1155 3348 1227 ingressa

1783 1251 1949 1309 luerit
1972 1252 2180 1319 anima,
2211 1260 2345 1307 tunc
2375 1249 2604 1307 efficitur
2628 1249 2790 1307 bomo
2824 1249 2877 1305 iu
2909 1251 3147 1305 animam
3169 1251 3350 1305 viven-

1786 1351 1919 1399 tem.
1948 1340 2020 1398 Et
2051 1343 2177 1412 quis
2207 1342 2542 1414 comparabit
2563 1349 2866 1413 opportune
2906 1353 3102 1410 corpus
3130 1340 3346 1411 quidem

1783 1434 1940 1500 nubi,
1965 1433 2204 1490 animam
2236 1443 2418 1490 autem
2441 1432 2699 1490 immissis
2726 1448 2757 1489 a
2785 1432 2899 1489 sole
2927 1430 3349 1504 splendoribus?

1784 1523 2039 1581 immutat
2064 1525 2210 1579 enim
2266 1524 2426 1579 nubis
2471 1524 2746 1591 colorem,
2779 1524 3025 1579 immutat
3074 1523 3191 1594 eius
3239 1520 3350 1579 efl-

1785 1617 1952 1687 giem,
1982 1615 2080 1672 sed
2110 1629 2217 1671 non
2238 1614 2503 1671 viriiicat.
2550 1614 2745 1682 Quaere
2770 1628 2899 1685 ergo
2941 1614 3211 1685 quomodo
3258 1629 3349 1671 ac-

1785 1707 1930 1779 cepit
1982 1708 2128 1765 Deus
2157 1707 2347 1764 limum
2399 1716 2558 1763 terra
2585 1748 2604 1776 ,
2649 1714 2706 1764 et
2749 1706 3022 1778 quomodo
3069 1704 3352 1778 inspirarit

112 1795 371 1867 quodque
405 1794 460 1850 in
488 1801 807 1850 ornamento
837 1807 939 1852 suo
980 1810 995 1851 ι
1035 1802 1183 1849 terra
1215 1794 1434 1864 quidem
1486 1793 1686 1851 florens
1715 1766 1761 1823 B
1786 1799 1950 1855 Deus.
1980 1799 2195 1870 Accipit
2222 1798 2368 1854 euim
2400 1800 2520 1855 sine
2558 1798 2810 1855 manibus
2835 1837 2857 1865 ,
2879 1806 2937 1854 et
2972 1796 3201 1868 inspirat
3230 1795 3354 1853 siue

112 1884 403 1940 arboribus
444 1891 503 1938 et
547 1882 745 1954 plantis
779 1895 914 1937 saer
962 1897 1062 1954 per
1112 1883 1292 1939 avium
1341 1883 1446 1939 iter
1493 1884 1685 1940 aribus

113 1975 365 2045 praebens
396 1991 412 2029 ε
449 1987 599 2028 mare
640 1982 699 2029 et
734 1970 954 2028 flumina
982 1980 1037 2029 et
1076 1972 1251 2030 tontes
1277 1973 1516 2044 piscibus
1540 1974 1687 2029 laeta-

115 2064 342 2129 bantur,
369 2063 539 2134 quiin
582 2059 644 2120 sc
671 2062 887 2121 fuerant
915 2063 1050 2118 nati.
1094 2062 1302 2121 Colum
1331 2075 1512 2120 autem
1545 2064 1687 2120 rari·

120 2166 307 2213 catum
353 2157 468 2229 (59)
499 2157 614 2214 suis
656 2156 882 2214 floribus
909 2166 1068 2224 erat,
1113 2165 1169 2213 et
1201 2164 1328 2213 tunc
1371 2154 1548 2212 sactus
1600 2165 1689 2213 est

127 2248 318 2304 bomo.
342 2245 572 2305 creatus
599 2256 779 2304 autem
813 2256 900 2304 est
934 2248 1098 2305 bomo
1130 2261 1237 2303 non
1265 2260 1371 2303 uno
1395 2254 1686 2319 praecepto,

119 2337 221 2394 aed
250 2351 447 2409 corpus
467 2337 681 2409 quidem
708 2338 906 2394 dicitur
960 2339 1209 2396 manibus
1241 2337 1549 2412 figuratum.
1576 2338 1686 2393 Ex-

122 2427 257 2486 biuc
282 2436 464 2485 autem
503 2426 617 2498 jam
654 2438 973 2501 argumenta
1013 2429 1124 2486 siut
1150 2429 1221 2487 de
1265 2429 1507 2486 incertis.
1542 2427 1690 2485 Scri·

126 2529 281 2593 ptum
302 2527 388 2577 est
414 2521 559 2576 enim
608 2520 676 2589 ⁸⁸,
707 2520 833 2592 quia
855 2520 1063 2592 accepit
1090 2518 1231 2577 Deus
1249 2536 1283 2578 e
1305 2529 1448 2577 terra
1474 2519 1685 2576 limum.

122 2612 295 2670 Putas
322 2612 447 2683 quia
497 2612 738 2682 accepit,
767 2612 946 2679 dixit,
1000 2612 1261 2669 addemus
1284 2611 1337 2669 ei
1368 2619 1425 2668 et
1448 2625 1636 2667 manus
1663 2610 1690 2666 i

126 2702 405 2776 Scriptum
425 2711 509 2762 est
536 2704 664 2775 quia
691 2714 748 2761 et
796 2704 1048 2775 figuravit
1071 2703 1371 2766 bominem.
1402 2702 1471 2760 Et
1490 2704 1689 2777 ligura·

118 2795 205 2853 tio
234 2795 455 2866 quidem
487 2795 731 2865 corporis
760 2794 998 2866 jacebat,
1027 2795 1209 2852 anima
1233 2804 1416 2852 autem
1445 2810 1552 2851 uon
1572 2802 1691 2851 erat

118 2888 293 2943 simut
325 2896 530 2943 creata.
562 2885 671 2943 Sed
696 2886 886 2943 volens
912 2886 1055 2944 Deus
1097 2901 1197 2958 per
1225 2900 1391 2959 opera
1415 2892 1715 2956 separatam

126 2989 427 3049 segregare
455 2983 678 3031 naturas
705 2976 1001 3047 separatim
1030 2976 1282 3047 figuravit
1309 2986 1548 3047 corpur,
1603 2987 1691 3032 ae·

114 3066 367 3139 ”ratim
384 3066 623 3122 animam
644 3064 797 3124 iecit.
822 3064 889 3122 Ει
916 3066 1120 3123 factum
1147 3074 1235 3123 est
1259 3066 1409 3123 velut
1433 3065 1687 3122 taberna·

120 3158 321 3215 culum
340 3172 539 3229 eorpus
569 3174 586 3215 ε
617 3157 924 3215 introducta
952 3165 1039 3216 est
1077 3166 1258 3214 autem
1282 3158 1487 3223 anima,
1504 3165 1561 3214 et
1588 3157 1689 3213 ba-

132 3246 355 3305 bttavit.
396 3248 464 3306 Et
486 3263 554 3304 ue
580 3257 736 3318 putes
764 3248 890 3319 quia
918 3248 1191 3318 praecessit
1216 3260 1416 3320 corpus
1452 3249 1508 3304 in
1534 3262 1691 3304 crea-

134 3339 295 3397 tione
318 3377 337 3407 ,
365 3339 477 3411 jam
519 3349 576 3395 et
624 3340 678 3395 in
725 3340 929 3396 bonore
953 3338 1229 3410 praecellit.
1273 3340 1381 3395 Sed
1424 3346 1694 3394 memento

124 3444 263 3503 qun
286 3431 532 3501 nuperius
559 3429 782 3497 audisti,
804 3429 929 3501 quia
955 3437 1010 3486 et
1033 3428 1418 3488 irrationabilia
1439 3427 1693 3485 animalia

123 3528 269 3581 ante
299 3519 568 3577 homiuem
597 3522 740 3576 lacta
766 3529 896 3576 sunt
928 3536 943 3575 ε
970 3525 1029 3576 et
1051 3534 1157 3576 non
1173 3518 1298 3590 quia
1324 3527 1697 3592 prevenerunt

122 3614 191 3673 in
226 3613 538 3684 operatione
566 3652 583 3678 ,
606 3612 721 3682 iam
752 3620 810 3667 ct
837 3610 1011 3682 prima
1047 3619 1175 3668 sunt
1213 3610 1269 3667 iu
1296 3612 1520 3668 bonore.
1549 3610 1697 3681 ipso-

130 3718 264 3761 rum
288 3710 465 3759 autem
495 3702 944 3760 irrationabilium
978 3716 1043 3760 ea
1066 3716 1189 3774 qua
1218 3702 1289 3761 ad
1312 3716 1497 3759 escam
1516 3715 1697 3761 ueces-

126 3796 287 3855 saria
304 3802 449 3862 aunt,
476 3794 657 3867 priora
684 3803 866 3850 creata
897 3803 1023 3850 suut
1044 3812 1065 3849 τ
1083 3802 1140 3851 et
1168 3808 1272 3851 non
1297 3795 1422 3866 quia
1455 3808 1574 3864 quat
1600 3793 1698 3850 uti·

128 3886 215 3943 iia
240 3891 370 3943 sunt
389 3883 736 3952 animalibus,
764 3892 820 3938 et
861 3882 975 3954 jam
1001 3883 1115 3956 (to)
1140 3883 1542 3940 honorabiliora
1566 3893 1697 3940 sunt

126 3974 361 4039 iisdem.
388 3973 530 4047 Ergo
551 3989 659 4030 non
690 3987 724 4031 a
757 3974 1089 4046 temporibus
1111 3973 1457 4045 accipiamus,
1492 3974 1695 4044 pretio·

130 4066 291 4127 dora
318 4080 384 4125 ea
418 4081 541 4125 esse
566 4081 690 4137 quas
727 4068 906 4139 priora
937 4076 1104 4124 sunt:
1142 4067 1407 4139 siquidem
1456 4077 1513 4124 et
1553 4079 1695 4124 terra

128 4168 273 4217 ante
316 4159 478 4217 istum
527 4158 623 4230 qui
675 4157 891 4214 videtur
918 4158 1116 4216 coelum
1153 4169 1237 4216 est
1269 4159 1429 4216 tacta.
1481 4159 1540 4216 Si
1574 4158 1698 4230 quis

130 4249 293 4308 euim
322 4248 451 4321 legit
482 4250 842 4320 scripturam,
863 4260 957 4304 aut
982 4249 1249 4322 legentem
1272 4251 1499 4316 audivit,
1548 4251 1697 4307 inre-

132 4338 264 4401 niet
280 4340 405 4412 quia
440 4342 696 4412 scriptum
720 4349 806 4398 est
833 4359 847 4395 ι
875 4340 901 4396 1
909 4358 942 4398 n
965 4342 1222 4411 principio
1261 4343 1385 4412 [ecit
1432 4340 1569 4397 Deus
1597 4358 1696 4397 εω-

1782 1901 1902 1944 ore.
1933 1888 2049 1945 Cur
2078 1904 2209 1960 ergo
2240 1888 2503 1959 accepit?
2548 1898 2610 1944 ut
2654 1896 2937 1959 appareret
2963 1888 3092 1960 quia
3127 1901 3236 1945 non
3281 1884 3356 1943 ab

1785 1977 1889 2033 alia
1915 1987 2164 2035 creatura
2181 1987 2274 2034 cst
2297 1978 2486 2044 bomo,
2513 1979 2610 2034 aed
2642 1993 2672 2033 a
2699 1978 3090 2049 conspersione
3120 1977 3356 2035 fermen-

1786 2077 1926 2125 tum.
1945 2067 2058 2125 Cur
2084 2077 2262 2125 autem
2285 2078 2342 2125 et
2368 2067 2653 2139 inspiravit
2675 2067 2702 2123 i
2730 2066 2837 2124 Pro
2856 2082 2923 2124 eo
2944 2077 3003 2125 ut
3024 2067 3194 2137 dicat,
3222 2068 3355 2141 quia

1786 2158 2035 2217 immisit.
2065 2158 2124 2215 Si
2150 2159 2295 2216 enim
2316 2156 2671 2229 corporaliter
2707 2158 3077 2226 acceperimus
3102 2158 3244 2229 quod
3269 2158 3359 2215 in·-

1784 2250 2014 2325 spiravit
2062 2249 2226 2318 Deus,
2256 2260 2318 2307 ut
2341 2265 2373 2306 a
2407 2248 2517 2307 Deo
2542 2262 2672 2321 pars
2693 2247 2958 2305 efficimur
2990 2246 3083 2305 Dei
3113 2248 3352 2321 inspira·

1787 2344 1934 2400 tione
1962 2343 2065 2399 ista
2091 2382 2108 2409 ,
2133 2350 2189 2397 et
2227 2340 2519 2398 dividimus
2543 2340 2858 2398 indivisum.
2893 2339 2962 2397 Et
2990 2340 3346 2410 quemadmo-

1785 2431 1917 2489 dum
1967 2430 2226 2503 possibile
2252 2440 2374 2488 erat
2392 2444 2620 2502 peccare
2644 2444 2761 2498 eos,
2786 2428 2881 2503 qui
2907 2445 2939 2486 a
2976 2426 3087 2487 Deo
3117 2439 3178 2486 ut
3208 2445 3337 2502 pars

1784 2521 1906 2591 eius
1946 2530 2102 2577 erant
2130 2520 2410 2591 separati?
2459 2518 2540 2577 ita
2571 2534 2704 2592 ergo
2755 2528 2824 2578 ex
2853 2528 3101 2577 ereatura
3128 2520 3345 2592 quidem
3373 2558 3379 2567 .

1786 2613 1901 2684 ipsa
1923 2614 2104 2668 statim
2128 2621 2440 2682 separatum
2467 2610 2553 2668 es't
2584 2620 2829 2667 nostrum
2861 2624 3060 2683 eorpus
3076 2611 3146 2666 ab
3167 2610 3349 2665 anima

1785 2712 1996 2759 nostra.
2024 2703 2220 2758 Anima
2255 2710 2438 2759 autem
2471 2701 2715 2759 omnium
2747 2701 3059 2757 animalium
3106 2714 3226 2772 qum
3276 2700 3347 2758 ab

1787 2794 2097 2851 bominibus
2139 2782 2565 2858 manducantur,
2613 2793 2791 2850 dictus
2827 2802 2910 2850 est
2945 2793 3204 2865 sanguis,
3240 2804 3349 2848 uun

1788 2899 1972 2945 numu
2001 2887 2260 2946 hominis.
2292 2886 2403 2943 Sed
2430 2900 2552 2943 cum
2600 2887 2804 2944 diceret
2850 2886 3055 2942 bomini
3086 2886 3227 2943 Deus
3248 2924 3265 2952 ,
3291 2894 3353 2940 ut

1784 2981 1937 3054 prius
1979 2978 2279 3037 effunderet
2324 2978 2640 3050 sanguinem
2662 3018 2680 3046 ,
2733 2985 2792 3034 ct
2840 2976 2916 3033 ita
2965 2976 3349 3039 manducaret:

1790 3072 1857 3129 de
1888 3071 2212 3129 animalibus
2235 3072 2339 3129 iate
2366 3070 2484 3141 eius
2512 3078 2635 3128 erat
2672 3082 2872 3126 sermo.
2912 3065 2997 3124 Ab
3028 3066 3184 3124 initio
3214 3080 3350 3139 ergo

1789 3162 2190 3231 creaturae,ita
2223 3161 2418 3219 melior
2455 3170 2538 3218 est
2579 3171 2767 3217 nostra
2812 3159 2991 3215 anima
3020 3172 3051 3214 a
3099 3172 3352 3229 corpore,

1789 3263 1846 3313 et
1877 3263 2124 3327 separata
2154 3261 2258 3312 cst.
2294 3254 2365 3312 Ut
2408 3265 2590 3309 autem
2627 3253 2908 3309 veniamus
2936 3251 3003 3307 ad
3029 3250 3145 3321 eius
3170 3250 3351 3324 digui-

1792 3352 1981 3409 tatem,
2005 3351 2308 3400 scrutantes
2336 3356 2643 3398 scrutemur
2672 3343 2797 3413 quia
2833 3354 3060 3412 corpora
3094 3356 3200 3397 non
3222 3354 3349 3413 ger·

1792 3435 2022 3500 minant,
2060 3435 2156 3491 sed
2184 3434 2410 3490 arbores
2443 3441 2499 3490 et
2527 3432 2729 3504 plantat
2748 3439 3071 3503 acceperunt
3103 3444 3349 3503 germen,

1792 3534 1848 3583 et
1867 3533 2238 3598 augmentum,
2265 3531 2323 3581 et
2341 3537 2548 3587 escam,
2576 3535 2742 3593 quam
2782 3534 2893 3578 nou
2923 3520 3195 3577 babebant
3220 3534 3350 3578 saxa

1792 3631 1914 3689 qua
1934 3630 2062 3673 vere
2105 3624 2231 3674 suut
2277 3630 2432 3672 saxa.
2458 3614 2779 3672 Germinare
2802 3613 2945 3671 enim
2973 3621 3029 3670 et
3058 3625 3308 3671 crescere
3331 3655 3349 3681 ,

1792 3717 1849 3766 et
1897 3707 2159 3764 imbribus
2187 3706 2385 3764 nutriri
2413 3721 2519 3764 non
2572 3706 2810 3774 babent,
2858 3706 2953 3764 sed
2982 3705 3099 3762 baec
3129 3719 3353 3778 accepe-

1796 3808 1922 3855 runt
1944 3799 2142 3871 planta
2167 3806 2224 3855 et
2244 3799 2486 3855 arbores.
2509 3796 2579 3853 Et
2600 3810 2668 3854 ne
2684 3794 2810 3868 quis
2844 3797 3106 3868 producat
3134 3805 3354 3855 contra-

1794 3890 2084 3948 dictionem
2106 3932 2123 3958 ,
2150 3890 2196 3948 si
2225 3889 2393 3962 aliqui
2439 3889 2643 3961 lapides
2684 3896 2937 3946 crescunt
2963 3888 3018 3945 in
3044 3888 3204 3955 mari,
3236 3888 3353 3945 sive

1796 3982 1977 4055 nigri,
2008 3981 2124 4038 sive
2171 3981 2322 4037 rubri
2347 3996 2366 4036 s
2391 3979 2470 4036 illi
2511 3978 2657 4035 enim
2706 3977 2903 4050 plantis
2931 3979 3103 4050 magis
3150 3978 3352 4037 similes

1793 4080 1921 4130 sunt
1943 4086 2103 4142 quam
2129 4070 2398 4143 lapidibus
2422 4088 2452 4133 z.
2466 4069 2621 4126 incisi
2653 4069 2804 4124 enim
2825 4083 2948 4125 cum
2972 4067 3198 4135 suerint,
3226 4078 3354 4125 tunc

1798 4161 2004 4232 lapides
2028 4159 2338 4217 efficiuntur
2365 4176 2382 4217 t
2408 4161 2462 4216 in
2490 4171 2750 4231 quantum
2788 4169 2966 4215 autem
2984 4165 3131 4214 stant
3149 4150 3354 4212 natura

1796 4253 2023 4326 legibus,
2051 4261 2107 4308 et
2141 4252 2354 4308 radicet
2381 4252 2671 4317 emittunt,
2699 4260 2756 4307 et
2796 4248 3195 4322 pullulationem
3223 4260 3358 4319 ope-

1797 4352 2006 4410 rantur,
2040 4352 2096 4399 et
2129 4344 2523 4400 incrementum
2545 4341 2841 4414 accipiunt,
2873 4350 2930 4396 et
2958 4339 3121 4395 ramis
3141 4353 3352 4394 aunun-

128 4432 257 4491 lnut
290 4441 339 4491 st
370 4443 564 4488 terrant
594 4433 665 4488 ⁸⁹.
708 4432 919 4490 coelum
965 4433 1109 4488 enim
1141 4448 1261 4489 cum
1311 4442 1451 4490 terra
1497 4432 1696 4500 factum
1729 4452 1774 4508 ῃ
1804 4439 1939 4493 tiant
1965 4434 2300 4492 affluitatem.
2333 4436 2476 4508 Ergo
2501 4434 2702 4507 plantis
2735 4440 2794 4490 et
2818 4432 3102 4489 arboribus
3129 4431 3229 4486 ista
3251 4431 3354 4487 ad-

132 4524 319 4592 dett,
352 4540 460 4581 non
489 4525 653 4580 istum
693 4513 785 4595 qu'i
832 4522 1066 4590 ridetur,
1102 4523 1198 4580 sed
1244 4523 1409 4579 alium
1453 4525 1699 4596 superio·

130 4628 287 4672 utu.
314 4612 565 4672 Secundo
590 4616 734 4671 enim
781 4613 871 4671 die
917 4612 1148 4670 eflicitur
1190 4614 1291 4671 iste
1334 4616 1426 4686 qui
1462 4617 1699 4684 ridetur,

132 4716 205 4765 et
230 4708 542 4764 nominatur
572 4704 985 4764 firmamentum.
1023 4705 1257 4764 'rantum
1299 4710 1443 4765 enim
1469 4711 1701 4767 bonora-

130 4796 309 4857 bilior
330 4807 386 4855 et
435 4799 539 4855 iste
561 4813 593 4853 a
619 4807 760 4856 terra
798 4808 881 4856 est
905 4837 922 4865 ,
955 4809 1212 4870 quantum
1236 4808 1295 4858 et
1333 4802 1508 4872 spatio
1534 4800 1699 4858 distat

126 4889 535 4961 superpositus.
560 4890 626 4947 Et
650 4904 757 4947 non
786 4891 910 4962 quia
949 4899 1061 4948 toto
1102 4892 1190 4948 die
1215 4893 1498 4962 praecessit
1551 4903 1695 4950 terra

128 4984 313 5043 istum
351 4983 443 5056 qul
472 4984 677 5042 videtur
699 4986 918 5050 coelum,
942 4983 1053 5054 jam
1079 4990 1135 5041 et
1172 4985 1374 5041 bonore
1406 4986 1577 5054 prima
1601 5001 1701 5058 pu·

134 5076 371 5135 labitur.
397 5076 475 5133 lta
507 5077 767 5149 figuretur
808 5076 957 5146 prius
989 5090 1209 5147 corpus,
1233 5085 1434 5148 etpost
1466 5081 1561 5135 liat
1582 5079 1698 5136 ani·

1802 4529 2024 4597 duntur,
2057 4528 2181 4600 quia
2213 4527 2414 4584 babent
2453 4537 2513 4583 ut
2540 4524 2879 4599 germinent,
2913 4533 2973 4578 ut
3018 4521 3310 4593 procedant
3333 4561 3354 4588 ,

1803 4631 1866 4677 ut
1900 4627 2192 4687 crescant,
2239 4628 2302 4675 ut
2348 4627 2656 4688 pascantur.
2688 4614 3023 4671 Animalibus
3067 4619 3247 4668 aetem
3300 4612 3356 4668 id

1801 4710 2107 4784 inestquod
2135 4713 2299 4775 inest,
2323 4710 2424 4768 boc
2447 4720 2534 4766 est
2567 4720 2627 4765 ut
2673 4717 2977 4773 nascantur,
3005 4714 3060 4762 et
3082 4713 3354 4772 crescant,

1798 4816 1856 4864 ct
1880 4815 2189 4879 pascantur.
2221 4804 2414 4862 iuncta
2438 4813 2614 4861 autem
2639 4803 2832 4859 iisdem
2854 4809 2939 4857 est
2971 4809 3025 4855 et
3055 4799 3356 4871 proprieta-

1803 4902 1874 4957 tis
1899 4899 2315 4956 additamentum
2334 4896 2677 4954 sensibilitas.
2697 4892 2794 4951 Est
2810 4902 2987 4949 autem
3011 4892 3114 4949 boc
3137 4890 3192 4948 iu
3222 4890 3358 4963 lapi·

1803 4988 1960 5046 dibus
1999 4997 2060 5045 ut
2083 4992 2211 5056 sint,
2239 4988 2332 5044 sed
2363 5002 2467 5042 nou
2504 4986 2644 5042 inest
2680 4985 2760 5041 eis
2787 4992 2847 5039 ut
2876 4991 3145 5048 crescant,
3178 4990 3235 5036 et
3262 4979 3358 5036 ad-

1805 5080 2100 5137 ditamenta
2130 5087 2367 5146 sumant,
2396 5079 2537 5149 quod
2559 5086 2640 5135 est
2670 5077 2722 5131 in
2746 5074 3066 5131 animalibus
3087 5072 3354 5129 omnibus.

19 5158 29 5203 '
132 5183 260 5237 sua,
287 5179 343 5225 et
368 5168 522 5225 nobis
550 5179 798 5225 servetur
819 5168 1075 5238 dignitas.
1109 5167 1308 5226 Factus
1336 5170 1500 5241 igitur
1536 5172 1700 5229 bomo
1800 5170 1936 5229 Esse
1966 5180 2147 5228 autem
2181 5171 2322 5226 inest
2341 5170 2489 5225 saxis
2516 5178 2574 5225 et
2619 5176 2814 5224 terras:
2849 5168 3149 5239 germinare
3170 5172 3349 5218 autem

19 5264 39 5305 ὖ·
134 5270 229 5318 eat
251 5303 268 5328 ,
300 5261 376 5317 ita
406 5260 549 5315 enim
574 5258 814 5314 nominat
844 5256 983 5315 Deus
1005 5259 1132 5315 dum
1165 5259 1314 5315 dicit.
1346 5258 1416 5314 Et
1456 5258 1699 5330 figurarit
1803 5270 1860 5317 et
1889 5275 2157 5328 crescere,
2192 5269 2248 5317 et
2276 5261 2484 5334 augeri,
2522 5260 2664 5332 quod
2690 5268 2810 5314 erat
2842 5258 3115 5319 arborum,
3147 5266 3250 5308 non
3271 5259 3357 5309 est

19 5346 53 5405 ν’
137 5352 288 5409 Deus
316 5353 600 5418 hominem,
633 5350 820 5406 limum
844 5369 879 5405 e
911 5360 1050 5406 terra
1071 5352 1327 5422 accipiens
1347 5351 1415 5405 ⁸¹.
1464 5350 1699 5409 Necdum
1801 5352 1857 5408 in
1884 5352 1985 5408 eis.
2017 5350 2454 5408 Additamentum
2486 5360 2666 5407 autem
2704 5363 2891 5407 eorum
2917 5354 3218 5420 separatum
3272 5352 3357 5399 eat

19 5454 59 5497 ν
138 5450 268 5501 erat
291 5452 435 5501 totus
467 5443 626 5498 bomo
657 5461 672 5498 ε
702 5442 796 5498 sed
829 5441 873 5497 si
904 5441 1046 5498 l'orte
1082 5443 1258 5513 imago
1286 5442 1536 5512 bominis,
1564 5444 1700 5500 ima·
1806 5441 2138 5500 sensibilitas
2162 5481 2177 5509 ,
2201 5451 2384 5513 utpote
2407 5454 2548 5500 ·uuae
2577 5442 2633 5499 iu
2659 5440 2981 5499 animalibus
3016 5435 3261 5496 babetur.
3298 5432 3360 5491 in

216 5558 264 5593 ⁸⁰
297 5558 436 5615 Gen.
489 5573 548 5622 tt,
590 5556 640 5610 7.
715 5556 762 5589 ⁸⁸
808 5555 944 5612 Gen.
995 5572 1032 5623 t,
1083 5557 1135 5611 l.
1209 5555 1254 5591 ⁸⁸
1282 5554 1417 5611 Gen.
1443 5571 1505 5622 tt,
1533 5556 1585 5610 7.
1658 5558 1706 5593 ⁸’
1730 5556 1859 5615 ibid.
1938 5557 1984 5589 ¹⁸
2012 5556 2140 5614 ibid.

54 5540 71 5581 i

215 5713 328 5790 139)
360 5716 539 5782 Forte,
571 5713 932 5779 verificatum.
957 5725 1010 5771 ut
1035 5728 1192 5783 supra
1222 5712 1324 5771 col.
1364 5712 1491 5775 tlzt
1530 5712 1593 5770 Β.

1880 5712 1994 5785 (io)
2020 5711 2086 5770 Et
2117 5714 2254 5784 jum.
2294 5711 2376 5771 An
2410 5711 2616 5770 stim?
