<?xml version="1.0" encoding="UTF-8"?>
<!DOCTYPE html PUBLIC "-//W3C//DTD XHTML 1.0 Transitional//EN"
    "http://www.w3.org/TR/xhtml1/DTD/xhtml1-transitional.dtd">
<html xmlns="http://www.w3.org/1999/xhtml" xml:lang="en" lang="en">
 <head>
  <title>
</title>
<meta http-equiv="Content-Type" content="text/html;charset=utf-8" />
  <meta name='ocr-system' content='tesseract 3.04.00' />
  <meta name='ocr-capabilities' content='ocr_page ocr_carea ocr_par ocr_line ocrx_word'/>
</head>
<body>
  <div class='ocr_page' id='page_1' title='image "./patrologicursus112migngoog_0454.png"; bbox 0 0 3692 6134; ppageno 0'>
   <div class='ocr_carea' id='block_1_1' title="bbox 24 3197 1689 3271">
    <p class='ocr_par' dir='ltr' id='par_1_1' title="bbox 24 3197 1689 3271">
     <span class='ocr_line' id='line_1_1' title="bbox 24 3197 1689 3271; baseline 0.001 -20"><span class='ocrx_word' id='word_1_1' title='bbox 24 3225 27 3234; x_wconf 94' lang='lat'>·</span> <span class='ocrx_word' id='word_1_2' title='bbox 121 3214 144 3251; x_wconf 81' lang='grc' dir='ltr'>ε</span> <span class='ocrx_word' id='word_1_3' title='bbox 186 3198 476 3268; x_wconf 87' lang='grc' dir='ltr'>ισχύσαντα</span> <span class='ocrx_word' id='word_1_4' title='bbox 537 3198 627 3251; x_wconf 85' lang='grc' dir='ltr'>τοῦ</span> <span class='ocrx_word' id='word_1_5' title='bbox 676 3198 966 3271; x_wconf 83' lang='grc' dir='ltr'>ἀνθρώπου</span> <span class='ocrx_word' id='word_1_6' title='bbox 1023 3197 1267 3253; x_wconf 80' lang='grc' dir='ltr'>διάὃολον</span> <span class='ocrx_word' id='word_1_7' title='bbox 1318 3198 1689 3266; x_wconf 86' lang='grc' dir='ltr'>καταγωνισά-</span> 
     </span>
    </p>
   </div>
   <div class='ocr_carea' id='block_1_2' title="bbox 1229 252 2253 313">
    <p class='ocr_par' dir='ltr' id='par_1_2' title="bbox 1229 252 2253 313">
     <span class='ocr_line' id='line_1_2' title="bbox 1229 252 2253 313; baseline 0.001 -3"><span class='ocrx_word' id='word_1_8' title='bbox 1229 252 1515 312; x_wconf 79' lang='lat' dir='ltr'>CONTRA</span> <span class='ocrx_word' id='word_1_9' title='bbox 1550 254 1981 312; x_wconf 72' lang='lat' dir='ltr'>MARCELLUM</span> <span class='ocrx_word' id='word_1_10' title='bbox 2019 255 2148 313; x_wconf 80' lang='lat' dir='ltr'>Lm.</span> <span class='ocrx_word' id='word_1_11' title='bbox 2186 254 2253 311; x_wconf 89' lang='lat'>11.</span> 
     </span>
    </p>
   </div>
   <div class='ocr_carea' id='block_1_3' title="bbox 3231 260 3336 318">
    <p class='ocr_par' dir='ltr' id='par_1_3' title="bbox 3231 260 3336 318">
     <span class='ocr_line' id='line_1_3' title="bbox 3231 260 3336 318; baseline -0.019 0"><span class='ocrx_word' id='word_1_12' title='bbox 3231 260 3336 318; x_wconf 71' lang='lat' dir='ltr'>eto</span> 
     </span>
    </p>
   </div>
   <div class='ocr_carea' id='block_1_4' title="bbox 115 367 3344 449">
    <p class='ocr_par' dir='ltr' id='par_1_4' title="bbox 115 367 3344 449">
     <span class='ocr_line' id='line_1_4' title="bbox 115 367 3344 449; baseline 0.003 -20"><span class='ocrx_word' id='word_1_13' title='bbox 115 391 138 428; x_wconf 80' lang='grc' dir='ltr'>ι</span> <span class='ocrx_word' id='word_1_14' title='bbox 174 371 268 429; x_wconf 84' lang='grc' dir='ltr'>σία</span> <span class='ocrx_word' id='word_1_15' title='bbox 296 370 358 425; x_wconf 80' lang='grc' dir='ltr'>οὐ</span> <span class='ocrx_word' id='word_1_16' title='bbox 393 368 555 442; x_wconf 76' lang='grc' dir='ltr'>μόνον</span> <span class='ocrx_word' id='word_1_17' title='bbox 579 371 687 423; x_wconf 84' lang='grc' dir='ltr'>τῶν</span> <span class='ocrx_word' id='word_1_18' title='bbox 715 367 808 423; x_wconf 75' lang='grc' dir='ltr'>ἐπὶ</span> <span class='ocrx_word' id='word_1_19' title='bbox 839 368 964 441; x_wconf 71' lang='grc' dir='ltr'>γῆς,</span> <span class='ocrx_word' id='word_1_20' title='bbox 998 368 1167 441; x_wconf 79' lang='grc' dir='ltr'>αὐτῷ,</span> <span class='ocrx_word' id='word_1_21' title='bbox 1197 370 1333 425; x_wconf 82' lang='grc' dir='ltr'>ἀλλὰ</span> <span class='ocrx_word' id='word_1_22' title='bbox 1361 374 1457 427; x_wconf 75' lang='grc' dir='ltr'>καὶ</span> <span class='ocrx_word' id='word_1_23' title='bbox 1481 373 1590 427; x_wconf 86' lang='grc' dir='ltr'>τῶν</span> <span class='ocrx_word' id='word_1_24' title='bbox 1619 375 1678 428; x_wconf 80' lang='grc' dir='ltr'>ὲν</span> <span class='ocrx_word' id='word_1_25' title='bbox 1707 379 1757 439; x_wconf 68' lang='grc' dir='ltr'><strong>Α</strong></span> <span class='ocrx_word' id='word_1_26' title='bbox 1785 392 1808 427; x_wconf 76' lang='grc' dir='ltr'>ι</span> <span class='ocrx_word' id='word_1_27' title='bbox 1849 373 1920 431; x_wconf 90' lang='lat' dir='ltr'>de</span> <span class='ocrx_word' id='word_1_28' title='bbox 1972 372 2193 444; x_wconf 75' lang='lat' dir='ltr'>Virgine</span> <span class='ocrx_word' id='word_1_29' title='bbox 2247 373 2536 432; x_wconf 86' lang='lat' dir='ltr'>Dominum</span> <span class='ocrx_word' id='word_1_30' title='bbox 2591 386 2841 434; x_wconf 82' lang='lat' dir='ltr'>nostrum</span> <span class='ocrx_word' id='word_1_31' title='bbox 2887 387 3238 449; x_wconf 77' lang='lat' dir='ltr'>generatum,</span> <span class='ocrx_word' id='word_1_32' title='bbox 3281 390 3344 443; x_wconf 79' lang='grc' dir='ltr'>οε</span> 
     </span>
    </p>
   </div>
   <div class='ocr_carea' id='block_1_5' title="bbox 109 456 1684 1630">
    <p class='ocr_par' dir='ltr' id='par_1_5' title="bbox 109 456 1684 1630">
     <span class='ocr_line' id='line_1_5' title="bbox 112 456 1676 539; baseline 0.003 -24"><span class='ocrx_word' id='word_1_33' title='bbox 112 485 138 521; x_wconf 70' lang='grc' dir='ltr'>ι</span> <span class='ocrx_word' id='word_1_34' title='bbox 174 464 423 539; x_wconf 82' lang='grc' dir='ltr'>ούρανοῖς</span> <span class='ocrx_word' id='word_1_35' title='bbox 448 462 676 516; x_wconf 86' lang='grc' dir='ltr'>δέδοται.</span> <span class='ocrx_word' id='word_1_36' title='bbox 724 462 834 515; x_wconf 71' lang='grc' dir='ltr'>Καὶ</span> <span class='ocrx_word' id='word_1_37' title='bbox 876 456 1032 525; x_wconf 76' lang='grc' dir='ltr'>αὖθις</span> <span class='ocrx_word' id='word_1_38' title='bbox 1075 461 1193 532; x_wconf 87' lang='grc' dir='ltr'>μεθ’</span> <span class='ocrx_word' id='word_1_39' title='bbox 1234 463 1398 535; x_wconf 75' lang='grc' dir='ltr'>ἕτερα</span> <span class='ocrx_word' id='word_1_40' title='bbox 1439 465 1636 534; x_wconf 80' lang='grc' dir='ltr'>ἐπάγει</span> <span class='ocrx_word' id='word_1_41' title='bbox 1660 483 1676 499; x_wconf 89' lang='grc'><em>·</em></span> 
     </span>
     <span class='ocr_line' id='line_1_6' title="bbox 115 551 1680 627; baseline 0.003 -21"><span class='ocrx_word' id='word_1_42' title='bbox 115 571 137 607; x_wconf 82' lang='grc' dir='ltr'>ε</span> <span class='ocrx_word' id='word_1_43' title='bbox 171 553 235 608; x_wconf 79' lang='lat' dir='ltr'>Et</span> <span class='ocrx_word' id='word_1_44' title='bbox 269 552 379 624; x_wconf 81' lang='grc' dir='ltr'>γὰρ</span> <span class='ocrx_word' id='word_1_45' title='bbox 405 551 533 622; x_wconf 85' lang='grc' dir='ltr'>περί</span> <span class='ocrx_word' id='word_1_46' title='bbox 563 568 707 615; x_wconf 85' lang='grc' dir='ltr'>τινος</span> <span class='ocrx_word' id='word_1_47' title='bbox 735 551 891 623; x_wconf 80' lang='grc' dir='ltr'>δόξης</span> <span class='ocrx_word' id='word_1_48' title='bbox 936 551 1183 624; x_wconf 77' lang='grc' dir='ltr'>δοθείσης</span> <span class='ocrx_word' id='word_1_49' title='bbox 1222 555 1371 625; x_wconf 79' lang='grc' dir='ltr'>αὐτῷ</span> <span class='ocrx_word' id='word_1_50' title='bbox 1399 556 1549 627; x_wconf 82' lang='grc' dir='ltr'>παρὰ</span> <span class='ocrx_word' id='word_1_51' title='bbox 1585 556 1680 610; x_wconf 77' lang='grc' dir='ltr'>τοῦ</span> 
     </span>
     <span class='ocr_line' id='line_1_7' title="bbox 115 643 1678 719; baseline -0.001 -17"><span class='ocrx_word' id='word_1_52' title='bbox 115 666 137 702; x_wconf 82' lang='grc' dir='ltr'>ε</span> <span class='ocrx_word' id='word_1_53' title='bbox 169 646 383 718; x_wconf 72' lang='grc' dir='ltr'>Πατρός</span> <span class='ocrx_word' id='word_1_54' title='bbox 425 644 486 698; x_wconf 82' lang='grc' dir='ltr'>τὸ</span> <span class='ocrx_word' id='word_1_55' title='bbox 517 645 660 716; x_wconf 73' lang='grc' dir='ltr'>ἱερὸν</span> <span class='ocrx_word' id='word_1_56' title='bbox 699 643 1032 713; x_wconf 81' lang='grc' dir='ltr'>Εὐαγγέλιον</span> <span class='ocrx_word' id='word_1_57' title='bbox 1079 644 1249 714; x_wconf 83' lang='grc' dir='ltr'><strong>λέγει,</strong></span> <span class='ocrx_word' id='word_1_58' title='bbox 1296 647 1497 719; x_wconf 88' lang='grc' dir='ltr'>ταύτην</span> <span class='ocrx_word' id='word_1_59' title='bbox 1523 650 1552 701; x_wconf 86' lang='grc' dir='ltr'>ό</span> <span class='ocrx_word' id='word_1_60' title='bbox 1582 649 1678 703; x_wconf 80' lang='grc' dir='ltr'>άν-</span> 
     </span>
     <span class='ocr_line' id='line_1_8' title="bbox 116 732 1682 810; baseline -0.003 -18"><span class='ocrx_word' id='word_1_61' title='bbox 116 756 138 792; x_wconf 82' lang='grc' dir='ltr'>ε</span> <span class='ocrx_word' id='word_1_62' title='bbox 172 736 387 810; x_wconf 87' lang='grc' dir='ltr'>θρωπος</span> <span class='ocrx_word' id='word_1_63' title='bbox 415 735 502 789; x_wconf 85' lang='grc' dir='ltr'>διά</span> <span class='ocrx_word' id='word_1_64' title='bbox 527 733 820 803; x_wconf 84' lang='grc' dir='ltr'>τοῦΛόγου</span> <span class='ocrx_word' id='word_1_65' title='bbox 861 732 1097 805; x_wconf 75' lang='grc' dir='ltr'>εἰληφὼς</span> <span class='ocrx_word' id='word_1_66' title='bbox 1129 732 1402 804; x_wconf 85' lang='grc' dir='ltr'>φαίνεται.</span> <span class='ocrx_word' id='word_1_67' title='bbox 1438 735 1682 807; x_wconf 86' lang='grc' dir='ltr'>Μεσίτης</span> 
     </span>
     <span class='ocr_line' id='line_1_9' title="bbox 116 821 1679 898; baseline -0.001 -17"><span class='ocrx_word' id='word_1_68' title='bbox 116 847 136 881; x_wconf 83' lang='grc' dir='ltr'>ι</span> <span class='ocrx_word' id='word_1_69' title='bbox 171 826 282 898; x_wconf 83' lang='grc' dir='ltr'>γάρ</span> <span class='ocrx_word' id='word_1_70' title='bbox 317 825 623 895; x_wconf 85' lang='grc' dir='ltr'>γενόμενος,</span> <span class='ocrx_word' id='word_1_71' title='bbox 654 822 796 877; x_wconf 86' lang='grc' dir='ltr'>κατά</span> <span class='ocrx_word' id='word_1_72' title='bbox 838 822 929 878; x_wconf 81' lang='grc' dir='ltr'>τὸν</span> <span class='ocrx_word' id='word_1_73' title='bbox 965 821 1106 894; x_wconf 77' lang='grc' dir='ltr'>ἱερὸν</span> <span class='ocrx_word' id='word_1_74' title='bbox 1164 824 1503 889; x_wconf 80' lang='grc' dir='ltr'>’Λπόστολον,</span> <span class='ocrx_word' id='word_1_75' title='bbox 1546 825 1679 879; x_wconf 82' lang='grc' dir='ltr'><strong>Θεοῦ</strong></span> 
     </span>
     <span class='ocr_line' id='line_1_10' title="bbox 115 912 1682 985; baseline -0.002 -14"><span class='ocrx_word' id='word_1_76' title='bbox 115 936 137 971; x_wconf 81' lang='grc' dir='ltr'>ε</span> <span class='ocrx_word' id='word_1_77' title='bbox 176 934 237 970; x_wconf 89' lang='grc' dir='ltr'>τε</span> <span class='ocrx_word' id='word_1_78' title='bbox 267 916 359 970; x_wconf 77' lang='grc' dir='ltr'>καὶ</span> <span class='ocrx_word' id='word_1_79' title='bbox 386 912 708 985; x_wconf 85' lang='grc' dir='ltr'>ἀνθρώπων,</span> <span class='ocrx_word' id='word_1_80' title='bbox 739 915 804 985; x_wconf 75' lang='grc' dir='ltr'>τῇ</span> <span class='ocrx_word' id='word_1_81' title='bbox 837 913 1050 982; x_wconf 79' lang='grc' dir='ltr'>δοθείσῃ</span> <span class='ocrx_word' id='word_1_82' title='bbox 1087 913 1238 983; x_wconf 83' lang='grc' dir='ltr'>αὐτῷ</span> <span class='ocrx_word' id='word_1_83' title='bbox 1270 914 1420 982; x_wconf 82' lang='grc' dir='ltr'>παρὰ</span> <span class='ocrx_word' id='word_1_84' title='bbox 1446 913 1539 967; x_wconf 86' lang='grc' dir='ltr'>τοῦ</span> <span class='ocrx_word' id='word_1_85' title='bbox 1568 915 1682 968; x_wconf 86' lang='grc' dir='ltr'>Πα-</span> 
     </span>
     <span class='ocr_line' id='line_1_11' title="bbox 116 1002 1675 1079; baseline -0.003 -19"><span class='ocrx_word' id='word_1_86' title='bbox 116 1025 137 1060; x_wconf 83' lang='grc' dir='ltr'>ε</span> <span class='ocrx_word' id='word_1_87' title='bbox 175 1007 302 1079; x_wconf 85' lang='grc' dir='ltr'>τρὸς</span> <span class='ocrx_word' id='word_1_88' title='bbox 346 1006 472 1078; x_wconf 81' lang='grc' dir='ltr'>δόξῃ</span> <span class='ocrx_word' id='word_1_89' title='bbox 511 1006 635 1069; x_wconf 82' lang='grc' dir='ltr'>τοὺς</span> <span class='ocrx_word' id='word_1_90' title='bbox 680 1003 949 1068; x_wconf 77' lang='grc' dir='ltr'>θεοσεὸεἴς</span> <span class='ocrx_word' id='word_1_91' title='bbox 986 1004 1234 1070; x_wconf 74' lang='grc' dir='ltr'>ἐδόξασεν</span> <span class='ocrx_word' id='word_1_92' title='bbox 1279 1002 1615 1077; x_wconf 85' lang='grc' dir='ltr'>ἀνθρώπους.</span> <span class='ocrx_word' id='word_1_93' title='bbox 1655 1022 1675 1056; x_wconf 80' lang='grc' dir='ltr'>ι</span> 
     </span>
     <span class='ocr_line' id='line_1_12' title="bbox 109 1094 1683 1167; baseline -0.003 -13"><span class='ocrx_word' id='word_1_94' title='bbox 109 1100 222 1154; x_wconf 73' lang='grc' dir='ltr'>Καὶ</span> <span class='ocrx_word' id='word_1_95' title='bbox 251 1097 410 1151; x_wconf 87' lang='grc' dir='ltr'>πάλιν</span> <span class='ocrx_word' id='word_1_96' title='bbox 453 1094 775 1167; x_wconf 84' lang='grc' dir='ltr'>προστίθησι</span> <span class='ocrx_word' id='word_1_97' title='bbox 814 1095 1003 1149; x_wconf 84' lang='grc' dir='ltr'>ταῦτα·</span> <span class='ocrx_word' id='word_1_98' title='bbox 1038 1113 1057 1145; x_wconf 79' lang='lat' dir='ltr'>t</span> <span class='ocrx_word' id='word_1_99' title='bbox 1097 1096 1207 1148; x_wconf 76' lang='grc' dir='ltr'>Καὶ</span> <span class='ocrx_word' id='word_1_100' title='bbox 1234 1094 1433 1165; x_wconf 76' lang='grc' dir='ltr'>ἠξίωσε</span> <span class='ocrx_word' id='word_1_101' title='bbox 1463 1097 1554 1149; x_wconf 78' lang='grc' dir='ltr'>τὸν</span> <span class='ocrx_word' id='word_1_102' title='bbox 1587 1113 1683 1149; x_wconf 89' lang='grc' dir='ltr'>πε-</span> 
     </span>
     <span class='ocr_line' id='line_1_13' title="bbox 116 1186 1680 1260; baseline -0.001 -15"><span class='ocrx_word' id='word_1_103' title='bbox 116 1210 136 1244; x_wconf 79' lang='lat'><strong>«</strong></span> <span class='ocrx_word' id='word_1_104' title='bbox 176 1191 336 1245; x_wconf 84' lang='grc' dir='ltr'>σόντα</span> <span class='ocrx_word' id='word_1_105' title='bbox 360 1189 449 1244; x_wconf 87' lang='grc' dir='ltr'>διά</span> <span class='ocrx_word' id='word_1_106' title='bbox 471 1189 573 1259; x_wconf 73' lang='grc' dir='ltr'>τῆς</span> <span class='ocrx_word' id='word_1_107' title='bbox 614 1189 898 1260; x_wconf 76' lang='grc' dir='ltr'><strong>παρακοῆς</strong></span> <span class='ocrx_word' id='word_1_108' title='bbox 924 1186 1208 1258; x_wconf 75' lang='grc' dir='ltr'>ἄνθρωπον</span> <span class='ocrx_word' id='word_1_109' title='bbox 1246 1188 1324 1259; x_wconf 82' lang='grc' dir='ltr'>τῷ</span> <span class='ocrx_word' id='word_1_110' title='bbox 1362 1189 1555 1243; x_wconf 82' lang='grc' dir='ltr'>ἑαυτοῦ</span> <span class='ocrx_word' id='word_1_111' title='bbox 1593 1189 1680 1244; x_wconf 72' lang='grc' dir='ltr'>διὰ</span> 
     </span>
     <span class='ocr_line' id='line_1_14' title="bbox 117 1280 1681 1355; baseline 0 -19"><span class='ocrx_word' id='word_1_112' title='bbox 117 1302 137 1336; x_wconf 81' lang='grc' dir='ltr'>ε</span> <span class='ocrx_word' id='word_1_113' title='bbox 167 1283 266 1355; x_wconf 82' lang='grc' dir='ltr'>τῆς</span> <span class='ocrx_word' id='word_1_114' title='bbox 291 1282 570 1354; x_wconf 82' lang='grc' dir='ltr'>Παρθένου</span> <span class='ocrx_word' id='word_1_115' title='bbox 606 1280 939 1351; x_wconf 83' lang='grc' dir='ltr'>συναφθῆναι</span> <span class='ocrx_word' id='word_1_116' title='bbox 968 1281 1144 1351; x_wconf 86' lang='grc' dir='ltr'>Λόγῳ.</span> <span class='ocrx_word' id='word_1_117' title='bbox 1181 1281 1316 1336; x_wconf 83' lang='grc' dir='ltr'>Ποία</span> <span class='ocrx_word' id='word_1_118' title='bbox 1343 1281 1450 1354; x_wconf 81' lang='grc' dir='ltr'>γὰρ</span> <span class='ocrx_word' id='word_1_119' title='bbox 1483 1285 1541 1336; x_wconf 79' lang='grc' dir='ltr'>ὲν</span> <span class='ocrx_word' id='word_1_120' title='bbox 1582 1284 1681 1336; x_wconf 86' lang='grc' dir='ltr'>ἀν·</span> 
     </span>
     <span class='ocr_line' id='line_1_15' title="bbox 114 1369 1681 1445; baseline -0.001 -19"><span class='ocrx_word' id='word_1_121' title='bbox 114 1390 139 1426; x_wconf 85' lang='grc' dir='ltr'>ε</span> <span class='ocrx_word' id='word_1_122' title='bbox 177 1372 414 1445; x_wconf 77' lang='grc' dir='ltr'>θρώποις</span> <span class='ocrx_word' id='word_1_123' title='bbox 462 1372 626 1443; x_wconf 80' lang='grc' dir='ltr'>ἑτέρα</span> <span class='ocrx_word' id='word_1_124' title='bbox 660 1370 858 1443; x_wconf 78' lang='grc' dir='ltr'>μείζων</span> <span class='ocrx_word' id='word_1_125' title='bbox 885 1369 1013 1434; x_wconf 84' lang='grc' dir='ltr'>δόξα</span> <span class='ocrx_word' id='word_1_126' title='bbox 1055 1369 1248 1438; x_wconf 84' lang='grc' dir='ltr'>γένοιτ’</span> <span class='ocrx_word' id='word_1_127' title='bbox 1279 1370 1346 1425; x_wconf 81' lang='grc' dir='ltr'>ἃν</span> <span class='ocrx_word' id='word_1_128' title='bbox 1389 1372 1488 1443; x_wconf 85' lang='grc' dir='ltr'>τῆς</span> <span class='ocrx_word' id='word_1_129' title='bbox 1525 1371 1681 1443; x_wconf 81' lang='grc' dir='ltr'>δόξης</span> 
     </span>
     <span class='ocr_line' id='line_1_16' title="bbox 113 1463 1680 1537; baseline -0.002 -17"><span class='ocrx_word' id='word_1_130' title='bbox 113 1483 139 1520; x_wconf 83' lang='grc' dir='ltr'>ε</span> <span class='ocrx_word' id='word_1_131' title='bbox 173 1464 412 1536; x_wconf 77' lang='grc' dir='ltr'>ταύτηςς</span> <span class='ocrx_word' id='word_1_132' title='bbox 444 1463 628 1517; x_wconf 81' lang='grc' dir='ltr'><strong>Εἰπὼν</strong></span> <span class='ocrx_word' id='word_1_133' title='bbox 650 1464 728 1527; x_wconf 87' lang='grc' dir='ltr'>δὲ,</span> <span class='ocrx_word' id='word_1_134' title='bbox 756 1464 856 1526; x_wconf 84' lang='grc' dir='ltr'>ὅτι,</span> <span class='ocrx_word' id='word_1_135' title='bbox 888 1463 1152 1529; x_wconf 80' lang='grc' dir='ltr'>ἐδόξασά</span> <span class='ocrx_word' id='word_1_136' title='bbox 1176 1481 1269 1530; x_wconf 81' lang='grc' dir='ltr'>σε,</span> <span class='ocrx_word' id='word_1_137' title='bbox 1301 1464 1551 1537; x_wconf 74' lang='grc' dir='ltr'>ἐπιφέρει</span> <span class='ocrx_word' id='word_1_138' title='bbox 1591 1465 1680 1518; x_wconf 80' lang='grc' dir='ltr'>λέ-</span> 
     </span>
     <span class='ocr_line' id='line_1_17' title="bbox 115 1555 1684 1630; baseline -0.002 -18"><span class='ocrx_word' id='word_1_139' title='bbox 115 1574 140 1612; x_wconf 82' lang='grc' dir='ltr'>ε</span> <span class='ocrx_word' id='word_1_140' title='bbox 172 1573 284 1628; x_wconf 84' lang='grc' dir='ltr'>γων</span> <span class='ocrx_word' id='word_1_141' title='bbox 304 1574 316 1587; x_wconf 91' lang='grc'><em>·</em></span> <span class='ocrx_word' id='word_1_142' title='bbox 344 1557 442 1611; x_wconf 76' lang='lat' dir='ltr'>xat</span> <span class='ocrx_word' id='word_1_143' title='bbox 467 1555 655 1611; x_wconf 67' lang='grc' dir='ltr'>,πάλιν</span> <span class='ocrx_word' id='word_1_144' title='bbox 679 1555 939 1624; x_wconf 78' lang='grc' dir='ltr'>δοξάσω,</span> <span class='ocrx_word' id='word_1_145' title='bbox 968 1558 1055 1611; x_wconf 85' lang='grc' dir='ltr'>ἴνα</span> <span class='ocrx_word' id='word_1_146' title='bbox 1078 1558 1144 1612; x_wconf 85' lang='grc' dir='ltr'>δι’</span> <span class='ocrx_word' id='word_1_147' title='bbox 1175 1557 1479 1630; x_wconf 77' lang='grc' dir='ltr'>ὐπερὸολὴν</span> <span class='ocrx_word' id='word_1_148' title='bbox 1503 1556 1684 1627; x_wconf 86' lang='grc' dir='ltr'>φιλαν-</span> 
     </span>
    </p>
   </div>
   <div class='ocr_carea' id='block_1_6' title="bbox 1780 463 3350 1633">
    <p class='ocr_par' dir='ltr' id='par_1_6' title="bbox 1780 463 3350 1633">
     <span class='ocr_line' id='line_1_18' title="bbox 1786 463 3343 537; baseline 0.008 -21"><span class='ocrx_word' id='word_1_149' title='bbox 1786 481 1807 516; x_wconf 77' lang='grc' dir='ltr'>ι</span> <span class='ocrx_word' id='word_1_150' title='bbox 1855 463 2116 532; x_wconf 76' lang='lat' dir='ltr'>deinceps</span> <span class='ocrx_word' id='word_1_151' title='bbox 2152 475 2328 518; x_wconf 90' lang='lat' dir='ltr'>ortum</span> <span class='ocrx_word' id='word_1_152' title='bbox 2371 463 2540 520; x_wconf 79' lang='lat' dir='ltr'>ruisse</span> <span class='ocrx_word' id='word_1_153' title='bbox 2585 465 2867 523; x_wconf 77' lang='lat' dir='ltr'>luciferum</span> <span class='ocrx_word' id='word_1_154' title='bbox 2893 468 2987 537; x_wconf 84' lang='lat' dir='ltr'>qui</span> <span class='ocrx_word' id='word_1_155' title='bbox 3016 467 3160 526; x_wconf 83' lang='lat' dir='ltr'>diem</span> <span class='ocrx_word' id='word_1_156' title='bbox 3197 470 3343 531; x_wconf 80' lang='lat' dir='ltr'>indt-</span> 
     </span>
     <span class='ocr_line' id='line_1_19' title="bbox 1786 555 3343 631; baseline 0.011 -24"><span class='ocrx_word' id='word_1_157' title='bbox 1786 573 1806 607; x_wconf 83' lang='grc' dir='ltr'>ι</span> <span class='ocrx_word' id='word_1_158' title='bbox 1851 565 2001 611; x_wconf 86' lang='lat' dir='ltr'>caret</span> <span class='ocrx_word' id='word_1_159' title='bbox 2061 555 2165 628; x_wconf 82' lang='lat' dir='ltr'>[R.</span> <span class='ocrx_word' id='word_1_160' title='bbox 2201 556 2408 631; x_wconf 77' lang='lat' dir='ltr'>xctVJ.</span> <span class='ocrx_word' id='word_1_161' title='bbox 2439 576 2459 609; x_wconf 84' lang='lat'><strong>»</strong></span> <span class='ocrx_word' id='word_1_162' title='bbox 2505 557 2829 628; x_wconf 75' lang='lat' dir='ltr'>Progressus</span> <span class='ocrx_word' id='word_1_163' title='bbox 2883 559 3063 615; x_wconf 77' lang='lat' dir='ltr'>adhuc</span> <span class='ocrx_word' id='word_1_164' title='bbox 3111 561 3343 624; x_wconf 73' lang='lat' dir='ltr'>ulterius</span> 
     </span>
     <span class='ocr_line' id='line_1_20' title="bbox 1780 645 3340 719; baseline 0.01 -18"><span class='ocrx_word' id='word_1_165' title='bbox 1780 645 1884 701; x_wconf 86' lang='lat' dir='ltr'>ista</span> <span class='ocrx_word' id='word_1_166' title='bbox 1937 645 2223 716; x_wconf 84' lang='lat' dir='ltr'>loquitur:</span> <span class='ocrx_word' id='word_1_167' title='bbox 2258 665 2278 699; x_wconf 83' lang='grc' dir='ltr'>ι</span> <span class='ocrx_word' id='word_1_168' title='bbox 2311 647 2561 719; x_wconf 77' lang='lat' dir='ltr'>Suscepit</span> <span class='ocrx_word' id='word_1_169' title='bbox 2606 651 2749 705; x_wconf 90' lang='lat' dir='ltr'>enim</span> <span class='ocrx_word' id='word_1_170' title='bbox 2793 652 2954 708; x_wconf 84' lang='lat' dir='ltr'>homo</span> <span class='ocrx_word' id='word_1_171' title='bbox 2996 670 3104 712; x_wconf 85' lang='lat' dir='ltr'>non</span> <span class='ocrx_word' id='word_1_172' title='bbox 3161 656 3340 716; x_wconf 79' lang='lat' dir='ltr'>solum</span> 
     </span>
     <span class='ocr_line' id='line_1_21' title="bbox 1785 741 3338 817; baseline 0.01 -27"><span class='ocrx_word' id='word_1_173' title='bbox 1785 754 1805 790; x_wconf 85' lang='grc' dir='ltr'>ι</span> <span class='ocrx_word' id='word_1_174' title='bbox 1848 746 2171 807; x_wconf 79' lang='lat' dir='ltr'>potestatem</span> <span class='ocrx_word' id='word_1_175' title='bbox 2216 752 2398 793; x_wconf 89' lang='lat' dir='ltr'>rerum</span> <span class='ocrx_word' id='word_1_176' title='bbox 2440 754 2628 794; x_wconf 85' lang='lat' dir='ltr'>earum</span> <span class='ocrx_word' id='word_1_177' title='bbox 2673 754 2791 809; x_wconf 77' lang='lat' dir='ltr'>quae</span> <span class='ocrx_word' id='word_1_178' title='bbox 2831 741 2886 796; x_wconf 91' lang='lat' dir='ltr'>in</span> <span class='ocrx_word' id='word_1_179' title='bbox 2926 752 3070 799; x_wconf 76' lang='lat' dir='ltr'>terra</span> <span class='ocrx_word' id='word_1_180' title='bbox 3099 744 3338 817; x_wconf 73' lang='lat' dir='ltr'>fuerant,</span> 
     </span>
     <span class='ocr_line' id='line_1_22' title="bbox 1786 828 3342 903; baseline 0.01 -23"><span class='ocrx_word' id='word_1_181' title='bbox 1786 846 1806 880; x_wconf 83' lang='grc' dir='ltr'>ι</span> <span class='ocrx_word' id='word_1_182' title='bbox 1851 828 1947 884; x_wconf 85' lang='lat' dir='ltr'>sed</span> <span class='ocrx_word' id='word_1_183' title='bbox 1983 839 2039 884; x_wconf 90' lang='lat' dir='ltr'>et</span> <span class='ocrx_word' id='word_1_184' title='bbox 2073 829 2239 885; x_wconf 89' lang='lat' dir='ltr'>etiam</span> <span class='ocrx_word' id='word_1_185' title='bbox 2270 843 2392 899; x_wconf 76' lang='lat' dir='ltr'>quae</span> <span class='ocrx_word' id='word_1_186' title='bbox 2427 829 2481 884; x_wconf 91' lang='lat' dir='ltr'>in</span> <span class='ocrx_word' id='word_1_187' title='bbox 2523 830 2697 886; x_wconf 86' lang='lat' dir='ltr'>coelis.</span> <span class='ocrx_word' id='word_1_188' title='bbox 2721 829 2831 888; x_wconf 88' lang='lat' dir='ltr'>Nec</span> <span class='ocrx_word' id='word_1_189' title='bbox 2875 832 3094 903; x_wconf 84' lang='lat' dir='ltr'>injuria.</span> <span class='ocrx_word' id='word_1_190' title='bbox 3123 835 3260 894; x_wconf 83' lang='lat' dir='ltr'>Nam</span> <span class='ocrx_word' id='word_1_191' title='bbox 3290 836 3342 896; x_wconf 76' lang='lat' dir='ltr'>el</span> 
     </span>
     <span class='ocr_line' id='line_1_23' title="bbox 1787 921 3344 1001; baseline 0.01 -29"><span class='ocrx_word' id='word_1_192' title='bbox 1787 936 1807 972; x_wconf 86' lang='grc' dir='ltr'>ι</span> <span class='ocrx_word' id='word_1_193' title='bbox 1854 930 1965 975; x_wconf 82' lang='grc' dir='ltr'>ιιιιιι</span> <span class='ocrx_word' id='word_1_194' title='bbox 2016 936 2137 976; x_wconf 90' lang='lat' dir='ltr'>cum</span> <span class='ocrx_word' id='word_1_195' title='bbox 2198 922 2362 977; x_wconf 83' lang='lat' dir='ltr'>homo</span> <span class='ocrx_word' id='word_1_196' title='bbox 2419 921 2594 989; x_wconf 83' lang='lat' dir='ltr'>lieret,</span> <span class='ocrx_word' id='word_1_197' title='bbox 2641 933 2700 978; x_wconf 91' lang='lat' dir='ltr'>et</span> <span class='ocrx_word' id='word_1_198' title='bbox 2738 924 2832 979; x_wconf 81' lang='lat' dir='ltr'>Dei</span> <span class='ocrx_word' id='word_1_199' title='bbox 2877 928 3141 985; x_wconf 80' lang='lat' dir='ltr'>mediator</span> <span class='ocrx_word' id='word_1_200' title='bbox 3177 937 3344 1001; x_wconf 74' lang='lat' dir='ltr'>atque</span> 
     </span>
     <span class='ocr_line' id='line_1_24' title="bbox 1787 1009 3342 1088; baseline 0.01 -25"><span class='ocrx_word' id='word_1_201' title='bbox 1787 1028 1807 1062; x_wconf 82' lang='grc' dir='ltr'>ι</span> <span class='ocrx_word' id='word_1_202' title='bbox 1854 1009 2160 1075; x_wconf 85' lang='lat' dir='ltr'>bominum,</span> <span class='ocrx_word' id='word_1_203' title='bbox 2186 1026 2282 1081; x_wconf 89' lang='lat' dir='ltr'>per</span> <span class='ocrx_word' id='word_1_204' title='bbox 2310 1025 2433 1066; x_wconf 91' lang='lat' dir='ltr'>eum</span> <span class='ocrx_word' id='word_1_205' title='bbox 2464 1022 2518 1067; x_wconf 91' lang='lat' dir='ltr'>et</span> <span class='ocrx_word' id='word_1_206' title='bbox 2557 1012 2612 1067; x_wconf 91' lang='lat' dir='ltr'>in</span> <span class='ocrx_word' id='word_1_207' title='bbox 2644 1027 2711 1068; x_wconf 91' lang='lat' dir='ltr'>eo</span> <span class='ocrx_word' id='word_1_208' title='bbox 2738 1016 2919 1070; x_wconf 90' lang='lat' dir='ltr'>omnia</span> <span class='ocrx_word' id='word_1_209' title='bbox 2946 1032 3131 1075; x_wconf 79' lang='lat' dir='ltr'>creata</span> <span class='ocrx_word' id='word_1_210' title='bbox 3157 1028 3342 1088; x_wconf 75' lang='lat' dir='ltr'>erunt,</span> 
     </span>
     <span class='ocr_line' id='line_1_25' title="bbox 1786 1099 3345 1176; baseline 0.01 -23"><span class='ocrx_word' id='word_1_211' title='bbox 1786 1117 1808 1153; x_wconf 80' lang='grc' dir='ltr'>ε</span> <span class='ocrx_word' id='word_1_212' title='bbox 1854 1110 1912 1153; x_wconf 87' lang='grc' dir='ltr'>ιιι</span> <span class='ocrx_word' id='word_1_213' title='bbox 1937 1101 2135 1155; x_wconf 81' lang='lat' dir='ltr'>asserit</span> <span class='ocrx_word' id='word_1_214' title='bbox 2168 1099 2457 1170; x_wconf 72' lang='lat' dir='ltr'><strong>Apostolus</strong></span> <span class='ocrx_word' id='word_1_215' title='bbox 2479 1140 2497 1165; x_wconf 86' lang='lat'>,</span> <span class='ocrx_word' id='word_1_216' title='bbox 2527 1118 2754 1173; x_wconf 84' lang='lat' dir='ltr'>quaeque</span> <span class='ocrx_word' id='word_1_217' title='bbox 2796 1104 2851 1160; x_wconf 89' lang='lat' dir='ltr'>in</span> <span class='ocrx_word' id='word_1_218' title='bbox 2881 1108 3035 1164; x_wconf 84' lang='lat' dir='ltr'>coelis</span> <span class='ocrx_word' id='word_1_219' title='bbox 3076 1119 3253 1176; x_wconf 77' lang='lat' dir='ltr'>eraut,</span> <span class='ocrx_word' id='word_1_220' title='bbox 3286 1120 3345 1168; x_wconf 82' lang='lat' dir='ltr'>et</span> 
     </span>
     <span class='ocr_line' id='line_1_26' title="bbox 1788 1191 3345 1263; baseline 0.01 -21"><span class='ocrx_word' id='word_1_221' title='bbox 1788 1207 1808 1243; x_wconf 86' lang='grc' dir='ltr'>ι</span> <span class='ocrx_word' id='word_1_222' title='bbox 1852 1205 1974 1259; x_wconf 82' lang='lat' dir='ltr'>quae</span> <span class='ocrx_word' id='word_1_223' title='bbox 2008 1191 2062 1244; x_wconf 92' lang='lat' dir='ltr'>in</span> <span class='ocrx_word' id='word_1_224' title='bbox 2095 1200 2236 1246; x_wconf 89' lang='lat' dir='ltr'>terra</span> <span class='ocrx_word' id='word_1_225' title='bbox 2262 1193 2328 1257; x_wconf 69' lang='lat'>⁸³,</span> <span class='ocrx_word' id='word_1_226' title='bbox 2359 1206 2699 1263; x_wconf 83' lang='lat' dir='ltr'>consequens</span> <span class='ocrx_word' id='word_1_227' title='bbox 2736 1205 2820 1251; x_wconf 92' lang='lat' dir='ltr'>est</span> <span class='ocrx_word' id='word_1_228' title='bbox 2848 1206 3042 1254; x_wconf 72' lang='lat' dir='ltr'>exacte</span> <span class='ocrx_word' id='word_1_229' title='bbox 3064 1200 3345 1257; x_wconf 82' lang='lat' dir='ltr'>sciendum</span> 
     </span>
     <span class='ocr_line' id='line_1_27' title="bbox 1787 1284 3348 1352; baseline 0.01 -19"><span class='ocrx_word' id='word_1_230' title='bbox 1787 1299 1808 1333; x_wconf 77' lang='grc' dir='ltr'>ι</span> <span class='ocrx_word' id='word_1_231' title='bbox 1851 1297 1995 1348; x_wconf 86' lang='lat' dir='ltr'>esse,</span> <span class='ocrx_word' id='word_1_232' title='bbox 2049 1292 2375 1352; x_wconf 87' lang='lat' dir='ltr'>potestatem</span> <span class='ocrx_word' id='word_1_233' title='bbox 2413 1284 2465 1340; x_wconf 91' lang='lat' dir='ltr'>ei</span> <span class='ocrx_word' id='word_1_234' title='bbox 2511 1294 2829 1342; x_wconf 78' lang='lat' dir='ltr'><strong>concessam</strong></span> <span class='ocrx_word' id='word_1_235' title='bbox 2861 1299 2967 1344; x_wconf 87' lang='lat' dir='ltr'>non</span> <span class='ocrx_word' id='word_1_236' title='bbox 3014 1299 3217 1346; x_wconf 83' lang='lat' dir='ltr'>tantum</span> <span class='ocrx_word' id='word_1_237' title='bbox 3252 1305 3348 1348; x_wconf 87' lang='lat' dir='ltr'>eo·</span> 
     </span>
     <span class='ocr_line' id='line_1_28' title="bbox 1788 1376 3349 1451; baseline 0.009 -25"><span class='ocrx_word' id='word_1_238' title='bbox 1788 1390 1808 1425; x_wconf 83' lang='lat' dir='ltr'>t</span> <span class='ocrx_word' id='word_1_239' title='bbox 1849 1389 1967 1428; x_wconf 90' lang='lat' dir='ltr'>rum</span> <span class='ocrx_word' id='word_1_240' title='bbox 1999 1389 2119 1445; x_wconf 87' lang='lat' dir='ltr'>quae</span> <span class='ocrx_word' id='word_1_241' title='bbox 2173 1376 2225 1430; x_wconf 91' lang='lat' dir='ltr'>in</span> <span class='ocrx_word' id='word_1_242' title='bbox 2272 1380 2454 1443; x_wconf 83' lang='lat' dir='ltr'>terris,</span> <span class='ocrx_word' id='word_1_243' title='bbox 2507 1377 2603 1433; x_wconf 88' lang='lat' dir='ltr'>sed</span> <span class='ocrx_word' id='word_1_244' title='bbox 2639 1381 2801 1434; x_wconf 86' lang='lat' dir='ltr'>etiam</span> <span class='ocrx_word' id='word_1_245' title='bbox 2838 1387 2893 1434; x_wconf 88' lang='lat' dir='ltr'>et</span> <span class='ocrx_word' id='word_1_246' title='bbox 2934 1393 3056 1451; x_wconf 73' lang='lat' dir='ltr'>quac</span> <span class='ocrx_word' id='word_1_247' title='bbox 3083 1380 3140 1438; x_wconf 91' lang='lat' dir='ltr'>ln</span> <span class='ocrx_word' id='word_1_248' title='bbox 3191 1382 3349 1440; x_wconf 72' lang='lat' dir='ltr'>coelie</span> 
     </span>
     <span class='ocr_line' id='line_1_29' title="bbox 1786 1466 3346 1546; baseline 0.01 -28"><span class='ocrx_word' id='word_1_249' title='bbox 1786 1483 1806 1518; x_wconf 84' lang='lat' dir='ltr'>t</span> <span class='ocrx_word' id='word_1_250' title='bbox 1854 1473 2031 1521; x_wconf 89' lang='lat' dir='ltr'>erant.</span> <span class='ocrx_word' id='word_1_251' title='bbox 2089 1466 2149 1522; x_wconf 90' lang='lat' dir='ltr'>Si</span> <span class='ocrx_word' id='word_1_252' title='bbox 2208 1466 2448 1538; x_wconf 88' lang='lat' dir='ltr'>loquitur</span> <span class='ocrx_word' id='word_1_253' title='bbox 2530 1480 2935 1527; x_wconf 85' lang='lat' dir='ltr'>sacrosanctum</span> <span class='ocrx_word' id='word_1_254' title='bbox 2994 1472 3346 1546; x_wconf 67' lang='lat' dir='ltr'>Evangelium</span> 
     </span>
     <span class='ocr_line' id='line_1_30' title="bbox 1785 1552 3350 1633; baseline 0.012 -29"><span class='ocrx_word' id='word_1_255' title='bbox 1785 1572 1806 1604; x_wconf 80' lang='grc' dir='ltr'>ι</span> <span class='ocrx_word' id='word_1_256' title='bbox 1854 1554 1921 1609; x_wconf 92' lang='lat' dir='ltr'>de</span> <span class='ocrx_word' id='word_1_257' title='bbox 1970 1554 2148 1623; x_wconf 87' lang='lat' dir='ltr'>aliqua</span> <span class='ocrx_word' id='word_1_258' title='bbox 2198 1555 2272 1610; x_wconf 87' lang='lat' dir='ltr'>illi</span> <span class='ocrx_word' id='word_1_259' title='bbox 2327 1570 2356 1609; x_wconf 81' lang='lat' dir='ltr'>a</span> <span class='ocrx_word' id='word_1_260' title='bbox 2399 1552 2565 1612; x_wconf 83' lang='lat' dir='ltr'>Patre</span> <span class='ocrx_word' id='word_1_261' title='bbox 2615 1572 2874 1616; x_wconf 79' lang='lat' dir='ltr'>concessa</span> <span class='ocrx_word' id='word_1_262' title='bbox 2924 1561 3141 1633; x_wconf 72' lang='lat' dir='ltr'>gloria,</span> <span class='ocrx_word' id='word_1_263' title='bbox 3201 1564 3350 1623; x_wconf 77' lang='lat' dir='ltr'>banc</span> 
     </span>
    </p>
   </div>
   <div class='ocr_carea' id='block_1_7' title="bbox 116 1645 3347 1816">
    <p class='ocr_par' dir='ltr' id='par_1_7' title="bbox 116 1645 3347 1816">
     <span class='ocr_line' id='line_1_31' title="bbox 117 1645 3345 1727; baseline 0.003 -24"><span class='ocrx_word' id='word_1_264' title='bbox 117 1666 139 1703; x_wconf 82' lang='grc' dir='ltr'>ι</span> <span class='ocrx_word' id='word_1_265' title='bbox 174 1649 438 1724; x_wconf 83' lang='grc' dir='ltr'>θρωπίας,</span> <span class='ocrx_word' id='word_1_266' title='bbox 482 1651 541 1701; x_wconf 81' lang='grc' dir='ltr'>ὲν</span> <span class='ocrx_word' id='word_1_267' title='bbox 578 1653 644 1722; x_wconf 78' lang='grc' dir='ltr'>τῇ</span> <span class='ocrx_word' id='word_1_268' title='bbox 692 1648 830 1721; x_wconf 75' lang='grc' dir='ltr'>μετὰ</span> <span class='ocrx_word' id='word_1_269' title='bbox 861 1650 959 1720; x_wconf 82' lang='grc' dir='ltr'>τὴν</span> <span class='ocrx_word' id='word_1_270' title='bbox 1003 1650 1298 1704; x_wconf 71' lang='grc' dir='ltr'>ἀνάστασιν</span> <span class='ocrx_word' id='word_1_271' title='bbox 1342 1651 1441 1722; x_wconf 81' lang='grc' dir='ltr'>τῆς</span> <span class='ocrx_word' id='word_1_272' title='bbox 1479 1645 1681 1721; x_wconf 77' lang='grc' dir='ltr'>σαρκὸς</span> <span class='ocrx_word' id='word_1_273' title='bbox 1789 1662 1808 1696; x_wconf 83' lang='grc' dir='ltr'>ι</span> <span class='ocrx_word' id='word_1_274' title='bbox 1849 1655 2002 1701; x_wconf 80' lang='lat' dir='ltr'>certe</span> <span class='ocrx_word' id='word_1_275' title='bbox 2067 1661 2163 1716; x_wconf 88' lang='lat' dir='ltr'>per</span> <span class='ocrx_word' id='word_1_276' title='bbox 2215 1645 2384 1701; x_wconf 87' lang='lat' dir='ltr'>Deum</span> <span class='ocrx_word' id='word_1_277' title='bbox 2437 1647 2598 1702; x_wconf 84' lang='lat' dir='ltr'>ltomo</span> <span class='ocrx_word' id='word_1_278' title='bbox 2648 1651 2987 1707; x_wconf 84' lang='lat' dir='ltr'>convincitur</span> <span class='ocrx_word' id='word_1_279' title='bbox 3049 1654 3345 1727; x_wconf 73' lang='lat' dir='ltr'>accepisse.</span> 
     </span>
     <span class='ocr_line' id='line_1_32' title="bbox 116 1713 3347 1816; baseline 0.003 -24"><span class='ocrx_word' id='word_1_280' title='bbox 116 1759 136 1795; x_wconf 77' lang='grc' dir='ltr'>ι</span> <span class='ocrx_word' id='word_1_281' title='bbox 171 1740 397 1811; x_wconf 83' lang='grc' dir='ltr'>δευτέρᾳ</span> <span class='ocrx_word' id='word_1_282' title='bbox 419 1739 544 1813; x_wconf 79' lang='grc' dir='ltr'>δόξῃ</span> <span class='ocrx_word' id='word_1_283' title='bbox 586 1740 675 1794; x_wconf 82' lang='grc' dir='ltr'>τὸν</span> <span class='ocrx_word' id='word_1_284' title='bbox 706 1741 970 1812; x_wconf 79' lang='grc' dir='ltr'>πρότερον</span> <span class='ocrx_word' id='word_1_285' title='bbox 1003 1740 1195 1811; x_wconf 83' lang='grc' dir='ltr'>θνητὸν</span> <span class='ocrx_word' id='word_1_286' title='bbox 1239 1740 1525 1813; x_wconf 76' lang='grc' dir='ltr'>ἄνθρωπον</span> <span class='ocrx_word' id='word_1_287' title='bbox 1552 1739 1685 1796; x_wconf 83' lang='grc' dir='ltr'>ἀθά-</span> <span class='ocrx_word' id='word_1_288' title='bbox 1713 1713 1757 1769; x_wconf 75' lang='grc' dir='ltr'><strong>Β</strong></span> <span class='ocrx_word' id='word_1_289' title='bbox 1790 1753 1810 1789; x_wconf 86' lang='grc' dir='ltr'>ι</span> <span class='ocrx_word' id='word_1_290' title='bbox 1856 1736 2056 1793; x_wconf 88' lang='lat' dir='ltr'>Factus</span> <span class='ocrx_word' id='word_1_291' title='bbox 2102 1737 2368 1806; x_wconf 85' lang='lat' dir='ltr'>siquidem</span> <span class='ocrx_word' id='word_1_292' title='bbox 2396 1776 2415 1805; x_wconf 84' lang='lat'>,</span> <span class='ocrx_word' id='word_1_293' title='bbox 2476 1750 2537 1796; x_wconf 92' lang='lat' dir='ltr'>ut</span> <span class='ocrx_word' id='word_1_294' title='bbox 2587 1752 2808 1797; x_wconf 78' lang='lat' dir='ltr'>sanctus</span> <span class='ocrx_word' id='word_1_295' title='bbox 2853 1744 2969 1798; x_wconf 87' lang='lat' dir='ltr'>vult</span> <span class='ocrx_word' id='word_1_296' title='bbox 3029 1745 3347 1816; x_wconf 78' lang='lat' dir='ltr'>Apostolus.</span> 
     </span>
    </p>
   </div>
   <div class='ocr_carea' id='block_1_8' title="bbox 116 1829 1691 2910">
    <p class='ocr_par' dir='ltr' id='par_1_8' title="bbox 116 1829 1691 2910">
     <span class='ocr_line' id='line_1_33' title="bbox 118 1829 1682 1905; baseline -0.001 -20"><span class='ocrx_word' id='word_1_297' title='bbox 118 1851 137 1885; x_wconf 83' lang='grc' dir='ltr'>ι</span> <span class='ocrx_word' id='word_1_298' title='bbox 174 1849 333 1888; x_wconf 87' lang='grc' dir='ltr'>νατον</span> <span class='ocrx_word' id='word_1_299' title='bbox 349 1831 747 1904; x_wconf 89' lang='grc' dir='ltr'>ἀπεργάσηται,</span> <span class='ocrx_word' id='word_1_300' title='bbox 765 1832 858 1885; x_wconf 73' lang='grc' dir='ltr'>καὶ</span> <span class='ocrx_word' id='word_1_301' title='bbox 880 1831 1114 1905; x_wconf 81' lang='grc' dir='ltr'>τοσαύτῃ</span> <span class='ocrx_word' id='word_1_302' title='bbox 1137 1832 1295 1886; x_wconf 74' lang='grc' dir='ltr'>αὑτὸν</span> <span class='ocrx_word' id='word_1_303' title='bbox 1317 1830 1513 1903; x_wconf 80' lang='grc' dir='ltr'>δοξάσῃ</span> <span class='ocrx_word' id='word_1_304' title='bbox 1537 1829 1682 1902; x_wconf 82' lang='grc' dir='ltr'>δόξῃ,</span> 
     </span>
     <span class='ocr_line' id='line_1_34' title="bbox 116 1922 1685 1994; baseline -0.001 -18"><span class='ocrx_word' id='word_1_305' title='bbox 116 1942 136 1976; x_wconf 82' lang='grc' dir='ltr'>ι</span> <span class='ocrx_word' id='word_1_306' title='bbox 178 1922 318 1977; x_wconf 75' lang='grc' dir='ltr'>ὥστε</span> <span class='ocrx_word' id='word_1_307' title='bbox 357 1922 431 1994; x_wconf 83' lang='grc' dir='ltr'>μὴ</span> <span class='ocrx_word' id='word_1_308' title='bbox 465 1923 622 1993; x_wconf 89' lang='grc' dir='ltr'>μόνον</span> <span class='ocrx_word' id='word_1_309' title='bbox 656 1924 816 1977; x_wconf 79' lang='grc' dir='ltr'>αὑτὸν</span> <span class='ocrx_word' id='word_1_310' title='bbox 847 1923 948 1994; x_wconf 79' lang='grc' dir='ltr'>τῆς</span> <span class='ocrx_word' id='word_1_311' title='bbox 983 1923 1255 1994; x_wconf 84' lang='grc' dir='ltr'>προτέρας</span> <span class='ocrx_word' id='word_1_312' title='bbox 1300 1922 1685 1993; x_wconf 83' lang='grc' dir='ltr'>ἀπαλλαγῆναι</span> 
     </span>
     <span class='ocr_line' id='line_1_35' title="bbox 117 2012 1685 2086; baseline -0.001 -20"><span class='ocrx_word' id='word_1_313' title='bbox 117 2032 137 2066; x_wconf 85' lang='grc' dir='ltr'>ι</span> <span class='ocrx_word' id='word_1_314' title='bbox 175 2013 437 2077; x_wconf 78' lang='grc' dir='ltr'>δουλείας,</span> <span class='ocrx_word' id='word_1_315' title='bbox 467 2013 599 2067; x_wconf 75' lang='grc' dir='ltr'>ἀλλὰ</span> <span class='ocrx_word' id='word_1_316' title='bbox 629 2014 724 2067; x_wconf 77' lang='grc' dir='ltr'>καὶ</span> <span class='ocrx_word' id='word_1_317' title='bbox 758 2015 857 2085; x_wconf 84' lang='grc' dir='ltr'>τῆς</span> <span class='ocrx_word' id='word_1_318' title='bbox 891 2014 1033 2086; x_wconf 81' lang='grc' dir='ltr'>ὑπὲρ</span> <span class='ocrx_word' id='word_1_319' title='bbox 1066 2014 1349 2084; x_wconf 74' lang='grc' dir='ltr'>ἄνθρωπον</span> <span class='ocrx_word' id='word_1_320' title='bbox 1386 2012 1685 2083; x_wconf 78' lang='grc' dir='ltr'>ἀξιωθῆναι</span> 
     </span>
     <span class='ocr_line' id='line_1_36' title="bbox 117 2102 1688 2179; baseline 0.001 -21"><span class='ocrx_word' id='word_1_321' title='bbox 117 2124 137 2158; x_wconf 78' lang='grc' dir='ltr'>ε</span> <span class='ocrx_word' id='word_1_322' title='bbox 174 2106 352 2178; x_wconf 82' lang='grc' dir='ltr'>δόξης.</span> <span class='ocrx_word' id='word_1_323' title='bbox 391 2125 409 2158; x_wconf 86' lang='grc' dir='ltr'>ι</span> <span class='ocrx_word' id='word_1_324' title='bbox 448 2106 556 2160; x_wconf 76' lang='grc' dir='ltr'>Καὶ</span> <span class='ocrx_word' id='word_1_325' title='bbox 587 2102 743 2170; x_wconf 80' lang='grc' dir='ltr'>αὖθις</span> <span class='ocrx_word' id='word_1_326' title='bbox 767 2107 1030 2176; x_wconf 80' lang='grc' dir='ltr'>ἐπιλέγει·</span> <span class='ocrx_word' id='word_1_327' title='bbox 1068 2126 1087 2159; x_wconf 80' lang='lat' dir='ltr'>t</span> <span class='ocrx_word' id='word_1_328' title='bbox 1117 2108 1254 2171; x_wconf 85' lang='grc' dir='ltr'>Ἵνα,</span> <span class='ocrx_word' id='word_1_329' title='bbox 1281 2107 1357 2171; x_wconf 83' lang='grc' dir='ltr'>ὡς</span> <span class='ocrx_word' id='word_1_330' title='bbox 1383 2107 1540 2179; x_wconf 76' lang='grc' dir='ltr'>ἔφην,</span> <span class='ocrx_word' id='word_1_331' title='bbox 1582 2106 1688 2160; x_wconf 81' lang='grc' dir='ltr'>ὑπὸ</span> 
     </span>
     <span class='ocr_line' id='line_1_37' title="bbox 121 2196 1685 2270; baseline 0.003 -21"><span class='ocrx_word' id='word_1_332' title='bbox 121 2215 140 2249; x_wconf 83' lang='grc' dir='ltr'>ι</span> <span class='ocrx_word' id='word_1_333' title='bbox 178 2197 272 2251; x_wconf 83' lang='grc' dir='ltr'>τοῦ</span> <span class='ocrx_word' id='word_1_334' title='bbox 302 2196 548 2250; x_wconf 71' lang='grc' dir='ltr'>διαδόλου</span> <span class='ocrx_word' id='word_1_335' title='bbox 577 2197 929 2268; x_wconf 84' lang='grc' dir='ltr'>άπατηθέντα</span> <span class='ocrx_word' id='word_1_336' title='bbox 960 2197 1224 2270; x_wconf 86' lang='grc' dir='ltr'>πρότερον</span> <span class='ocrx_word' id='word_1_337' title='bbox 1260 2197 1351 2252; x_wconf 81' lang='grc' dir='ltr'>τὸν</span> <span class='ocrx_word' id='word_1_338' title='bbox 1378 2199 1685 2270; x_wconf 77' lang='grc' dir='ltr'>ἄνθρωπον,</span> 
     </span>
     <span class='ocr_line' id='line_1_38' title="bbox 122 2285 1689 2365; baseline 0.002 -23"><span class='ocrx_word' id='word_1_339' title='bbox 122 2308 141 2342; x_wconf 82' lang='grc' dir='ltr'>ε</span> <span class='ocrx_word' id='word_1_340' title='bbox 178 2289 342 2342; x_wconf 77' lang='grc' dir='ltr'>αὑτὸν</span> <span class='ocrx_word' id='word_1_341' title='bbox 362 2285 517 2352; x_wconf 82' lang='grc' dir='ltr'>αὖθις</span> <span class='ocrx_word' id='word_1_342' title='bbox 540 2293 759 2361; x_wconf 83' lang='grc' dir='ltr'>νικῆσαι</span> <span class='ocrx_word' id='word_1_343' title='bbox 785 2290 875 2343; x_wconf 83' lang='grc' dir='ltr'>τὸν</span> <span class='ocrx_word' id='word_1_344' title='bbox 897 2290 1139 2345; x_wconf 76' lang='grc' dir='ltr'>διάὸολον</span> <span class='ocrx_word' id='word_1_345' title='bbox 1161 2290 1689 2365; x_wconf 79' lang='grc' dir='ltr'>παρασκευάσῃ.Διά</span> 
     </span>
     <span class='ocr_line' id='line_1_39' title="bbox 122 2379 1689 2453; baseline 0.004 -21"><span class='ocrx_word' id='word_1_346' title='bbox 122 2398 141 2432; x_wconf 83' lang='grc' dir='ltr'>ι</span> <span class='ocrx_word' id='word_1_347' title='bbox 176 2379 333 2433; x_wconf 82' lang='grc' dir='ltr'>τοῦτο</span> <span class='ocrx_word' id='word_1_348' title='bbox 352 2380 609 2452; x_wconf 78' lang='grc' dir='ltr'>ἀνείληφε</span> <span class='ocrx_word' id='word_1_349' title='bbox 626 2383 721 2434; x_wconf 72' lang='grc' dir='ltr'>τὸν</span> <span class='ocrx_word' id='word_1_350' title='bbox 751 2381 848 2435; x_wconf 75' lang='grc' dir='ltr'>ἀνθ</span> <span class='ocrx_word' id='word_1_351' title='bbox 857 2399 1058 2453; x_wconf 89' lang='grc' dir='ltr'>ρωπον,</span> <span class='ocrx_word' id='word_1_352' title='bbox 1074 2383 1161 2437; x_wconf 85' lang='grc' dir='ltr'>ἴνα</span> <span class='ocrx_word' id='word_1_353' title='bbox 1181 2381 1486 2446; x_wconf 83' lang='grc' dir='ltr'>ἀκολούθως</span> <span class='ocrx_word' id='word_1_354' title='bbox 1498 2382 1689 2438; x_wconf 84' lang='grc' dir='ltr'>τοῦτον</span> 
     </span>
     <span class='ocr_line' id='line_1_40' title="bbox 121 2472 1683 2548; baseline 0.002 -24"><span class='ocrx_word' id='word_1_355' title='bbox 121 2491 143 2524; x_wconf 81' lang='grc' dir='ltr'>ε</span> <span class='ocrx_word' id='word_1_356' title='bbox 180 2472 433 2544; x_wconf 78' lang='grc' dir='ltr'>ἀπαρχὴν</span> <span class='ocrx_word' id='word_1_357' title='bbox 457 2473 555 2544; x_wconf 78' lang='grc' dir='ltr'>τῆς</span> <span class='ocrx_word' id='word_1_358' title='bbox 583 2473 828 2537; x_wconf 79' lang='grc' dir='ltr'>ἐξουσίας</span> <span class='ocrx_word' id='word_1_359' title='bbox 851 2474 1183 2547; x_wconf 78' lang='grc' dir='ltr'>παραλαὸεϊν</span> <span class='ocrx_word' id='word_1_360' title='bbox 1214 2474 1626 2548; x_wconf 79' lang='grc' dir='ltr'>παρασκευάσῃ.</span> <span class='ocrx_word' id='word_1_361' title='bbox 1659 2492 1683 2527; x_wconf 75' lang='grc' dir='ltr'>ε</span> 
     </span>
     <span class='ocr_line' id='line_1_41' title="bbox 116 2560 1691 2635; baseline 0.002 -19"><span class='ocrx_word' id='word_1_362' title='bbox 116 2562 227 2616; x_wconf 71' lang='grc' dir='ltr'>Καὶ</span> <span class='ocrx_word' id='word_1_363' title='bbox 252 2563 605 2634; x_wconf 80' lang='grc' dir='ltr'>προστίθησιν</span> <span class='ocrx_word' id='word_1_364' title='bbox 634 2564 710 2617; x_wconf 84' lang='grc' dir='ltr'>ἔτι</span> <span class='ocrx_word' id='word_1_365' title='bbox 741 2564 934 2634; x_wconf 90' lang='grc' dir='ltr'>λέγων·</span> <span class='ocrx_word' id='word_1_366' title='bbox 966 2584 985 2616; x_wconf 78' lang='lat' dir='ltr'>t</span> <span class='ocrx_word' id='word_1_367' title='bbox 1015 2560 1182 2628; x_wconf 74' lang='grc' dir='ltr'>Οὗτος</span> <span class='ocrx_word' id='word_1_368' title='bbox 1207 2564 1316 2635; x_wconf 90' lang='grc' dir='ltr'>γάρ</span> <span class='ocrx_word' id='word_1_369' title='bbox 1341 2565 1488 2617; x_wconf 77' lang='grc' dir='ltr'>ἐστιν</span> <span class='ocrx_word' id='word_1_370' title='bbox 1510 2565 1539 2616; x_wconf 88' lang='grc' dir='ltr'>ό</span> <span class='ocrx_word' id='word_1_371' title='bbox 1559 2565 1691 2634; x_wconf 85' lang='grc' dir='ltr'>ἀγα-</span> 
     </span>
     <span class='ocr_line' id='line_1_42' title="bbox 118 2650 1688 2727; baseline 0.002 -20"><span class='ocrx_word' id='word_1_372' title='bbox 118 2673 143 2707; x_wconf 82' lang='grc' dir='ltr'>ε</span> <span class='ocrx_word' id='word_1_373' title='bbox 178 2655 348 2725; x_wconf 81' lang='grc' dir='ltr'>πητδς</span> <span class='ocrx_word' id='word_1_374' title='bbox 368 2693 383 2719; x_wconf 91' lang='grc'>,</span> <span class='ocrx_word' id='word_1_375' title='bbox 426 2658 454 2709; x_wconf 90' lang='grc' dir='ltr'>ό</span> <span class='ocrx_word' id='word_1_376' title='bbox 487 2654 567 2726; x_wconf 84' lang='grc' dir='ltr'>τῷ</span> <span class='ocrx_word' id='word_1_377' title='bbox 595 2656 753 2726; x_wconf 85' lang='grc' dir='ltr'>Λόγῳ</span> <span class='ocrx_word' id='word_1_378' title='bbox 785 2655 1006 2719; x_wconf 73' lang='grc' dir='ltr'>ὲνωθεὶς</span> <span class='ocrx_word' id='word_1_379' title='bbox 1037 2654 1343 2727; x_wconf 77' lang='grc' dir='ltr'>ἄνθρωπος,</span> <span class='ocrx_word' id='word_1_380' title='bbox 1389 2657 1520 2726; x_wconf 75' lang='grc' dir='ltr'>περὶ</span> <span class='ocrx_word' id='word_1_381' title='bbox 1556 2650 1616 2712; x_wconf 75' lang='grc' dir='ltr'>οὗ</span> <span class='ocrx_word' id='word_1_382' title='bbox 1658 2657 1688 2710; x_wconf 88' lang='grc' dir='ltr'>ό</span> 
     </span>
     <span class='ocr_line' id='line_1_43' title="bbox 122 2744 1689 2819; baseline 0.001 -20"><span class='ocrx_word' id='word_1_383' title='bbox 122 2764 144 2799; x_wconf 81' lang='grc' dir='ltr'>ε</span> <span class='ocrx_word' id='word_1_384' title='bbox 183 2746 569 2819; x_wconf 84' lang='grc' dir='ltr'>εύαγγελιστὴς</span> <span class='ocrx_word' id='word_1_385' title='bbox 609 2747 746 2819; x_wconf 74' lang='grc' dir='ltr'>ἔφη·</span> <span class='ocrx_word' id='word_1_386' title='bbox 798 2744 986 2814; x_wconf 80' lang='grc' dir='ltr'>Οὗτός</span> <span class='ocrx_word' id='word_1_387' title='bbox 1030 2748 1202 2801; x_wconf 81' lang='grc' dir='ltr'>ἐστιν</span> <span class='ocrx_word' id='word_1_388' title='bbox 1248 2750 1282 2802; x_wconf 86' lang='grc' dir='ltr'><em>ὀ</em></span> <span class='ocrx_word' id='word_1_389' title='bbox 1332 2747 1462 2812; x_wconf 78' lang='grc' dir='ltr'>Υἱός</span> <span class='ocrx_word' id='word_1_390' title='bbox 1501 2763 1620 2816; x_wconf 83' lang='grc' dir='ltr'>μου</span> <span class='ocrx_word' id='word_1_391' title='bbox 1654 2749 1689 2801; x_wconf 84' lang='grc' dir='ltr'>ό</span> 
     </span>
     <span class='ocr_line' id='line_1_44' title="bbox 120 2833 1683 2910; baseline 0 -17"><span class='ocrx_word' id='word_1_392' title='bbox 120 2856 143 2893; x_wconf 82' lang='grc' dir='ltr'>ε</span> <span class='ocrx_word' id='word_1_393' title='bbox 176 2838 504 2910; x_wconf 72' lang='grc' dir='ltr'>ἀγαπητὸς,</span> <span class='ocrx_word' id='word_1_394' title='bbox 524 2841 596 2894; x_wconf 81' lang='grc' dir='ltr'>ἐν</span> <span class='ocrx_word' id='word_1_395' title='bbox 623 2833 671 2906; x_wconf 79' lang='grc' dir='ltr'><strong>ᾧ</strong></span> <span class='ocrx_word' id='word_1_396' title='bbox 696 2839 1020 2908; x_wconf 78' lang='grc' dir='ltr'>εὐδόκησα.</span> <span class='ocrx_word' id='word_1_397' title='bbox 1052 2858 1070 2891; x_wconf 84' lang='grc' dir='ltr'>ι</span> <span class='ocrx_word' id='word_1_398' title='bbox 1093 2840 1202 2893; x_wconf 78' lang='grc' dir='ltr'>Καὶ</span> <span class='ocrx_word' id='word_1_399' title='bbox 1230 2836 1384 2903; x_wconf 81' lang='grc' dir='ltr'>αὗθις</span> <span class='ocrx_word' id='word_1_400' title='bbox 1416 2840 1683 2910; x_wconf 75' lang='grc' dir='ltr'>ἐπιφέρει·</span> 
     </span>
    </p>
   </div>
   <div class='ocr_carea' id='block_1_9' title="bbox 1787 1826 3356 2908">
    <p class='ocr_par' dir='ltr' id='par_1_9' title="bbox 1787 1826 3356 2908">
     <span class='ocr_line' id='line_1_45' title="bbox 1791 1826 3350 1906; baseline 0.008 -25"><span class='ocrx_word' id='word_1_401' title='bbox 1791 1846 1811 1881; x_wconf 84' lang='grc' dir='ltr'>ι</span> <span class='ocrx_word' id='word_1_402' title='bbox 1858 1826 1954 1882; x_wconf 86' lang='lat' dir='ltr'>Dei</span> <span class='ocrx_word' id='word_1_403' title='bbox 1987 1828 2253 1883; x_wconf 78' lang='lat' dir='ltr'>mediator</span> <span class='ocrx_word' id='word_1_404' title='bbox 2304 1837 2469 1897; x_wconf 87' lang='lat' dir='ltr'>atque</span> <span class='ocrx_word' id='word_1_405' title='bbox 2518 1831 2884 1896; x_wconf 84' lang='lat' dir='ltr'>hominum¹⁸,</span> <span class='ocrx_word' id='word_1_406' title='bbox 2927 1834 3073 1892; x_wconf 80' lang='lat' dir='ltr'>viros</span> <span class='ocrx_word' id='word_1_407' title='bbox 3115 1836 3234 1906; x_wconf 75' lang='lat' dir='ltr'>pios</span> <span class='ocrx_word' id='word_1_408' title='bbox 3282 1850 3350 1894; x_wconf 74' lang='lat' dir='ltr'>ea</span> 
     </span>
     <span class='ocr_line' id='line_1_46' title="bbox 1791 1917 3343 1991; baseline 0.008 -21"><span class='ocrx_word' id='word_1_409' title='bbox 1791 1936 1811 1970; x_wconf 75' lang='grc' dir='ltr'>ε</span> <span class='ocrx_word' id='word_1_410' title='bbox 1853 1918 2023 1989; x_wconf 75' lang='lat' dir='ltr'>gloria</span> <span class='ocrx_word' id='word_1_411' title='bbox 2051 1917 2388 1989; x_wconf 75' lang='lat' dir='ltr'>glorificavit,</span> <span class='ocrx_word' id='word_1_412' title='bbox 2424 1935 2585 1988; x_wconf 84' lang='lat' dir='ltr'>quam</span> <span class='ocrx_word' id='word_1_413' title='bbox 2640 1923 2744 1991; x_wconf 90' lang='lat' dir='ltr'>ipsi</span> <span class='ocrx_word' id='word_1_414' title='bbox 2787 1923 3086 1982; x_wconf 84' lang='lat' dir='ltr'>donaverat</span> <span class='ocrx_word' id='word_1_415' title='bbox 3113 1925 3294 1984; x_wconf 78' lang='lat' dir='ltr'>Pater.</span> <span class='ocrx_word' id='word_1_416' title='bbox 3322 1945 3343 1982; x_wconf 79' lang='grc' dir='ltr'>ι</span> 
     </span>
     <span class='ocr_line' id='line_1_47' title="bbox 1787 2008 3349 2087; baseline 0.006 -22"><span class='ocrx_word' id='word_1_417' title='bbox 1787 2010 1856 2065; x_wconf 87' lang='grc' dir='ltr'>Ει</span> <span class='ocrx_word' id='word_1_418' title='bbox 1887 2009 2038 2063; x_wconf 84' lang='lat' dir='ltr'>addit</span> <span class='ocrx_word' id='word_1_419' title='bbox 2076 2023 2263 2064; x_wconf 89' lang='lat' dir='ltr'>rursus</span> <span class='ocrx_word' id='word_1_420' title='bbox 2302 2008 2397 2083; x_wconf 80' lang='lat' dir='ltr'>[R.</span> <span class='ocrx_word' id='word_1_421' title='bbox 2422 2010 2604 2085; x_wconf 85' lang='lat' dir='ltr'>XCVl]</span> <span class='ocrx_word' id='word_1_422' title='bbox 2645 2030 2659 2067; x_wconf 73' lang='grc' dir='ltr'>ι</span> <span class='ocrx_word' id='word_1_423' title='bbox 2699 2032 2718 2065; x_wconf 81' lang='grc' dir='ltr'>ι</span> <span class='ocrx_word' id='word_1_424' title='bbox 2747 2014 2812 2068; x_wconf 82' lang='lat' dir='ltr'>Et</span> <span class='ocrx_word' id='word_1_425' title='bbox 2855 2015 3169 2087; x_wconf 75' lang='lat' dir='ltr'>dignitatem</span> <span class='ocrx_word' id='word_1_426' title='bbox 3200 2017 3349 2074; x_wconf 80' lang='lat' dir='ltr'>illam</span> 
     </span>
     <span class='ocr_line' id='line_1_48' title="bbox 1792 2099 3351 2174; baseline 0.008 -21"><span class='ocrx_word' id='word_1_427' title='bbox 1792 2117 1812 2153; x_wconf 85' lang='grc' dir='ltr'>ι</span> <span class='ocrx_word' id='word_1_428' title='bbox 1858 2099 2061 2155; x_wconf 87' lang='lat' dir='ltr'>homini</span> <span class='ocrx_word' id='word_1_429' title='bbox 2113 2113 2212 2170; x_wconf 85' lang='lat' dir='ltr'>per</span> <span class='ocrx_word' id='word_1_430' title='bbox 2263 2111 2548 2170; x_wconf 80' lang='lat' dir='ltr'>peccatum</span> <span class='ocrx_word' id='word_1_431' title='bbox 2603 2102 2753 2174; x_wconf 87' lang='lat' dir='ltr'>lapso</span> <span class='ocrx_word' id='word_1_432' title='bbox 2807 2107 3111 2171; x_wconf 86' lang='lat' dir='ltr'>concessit,</span> <span class='ocrx_word' id='word_1_433' title='bbox 3153 2117 3216 2163; x_wconf 93' lang='lat' dir='ltr'>ut</span> <span class='ocrx_word' id='word_1_434' title='bbox 3250 2124 3351 2166; x_wconf 82' lang='lat' dir='ltr'>suo</span> 
     </span>
     <span class='ocr_line' id='line_1_49' title="bbox 1794 2190 3351 2267; baseline 0.007 -22"><span class='ocrx_word' id='word_1_435' title='bbox 1794 2210 1814 2245; x_wconf 80' lang='grc' dir='ltr'>ι</span> <span class='ocrx_word' id='word_1_436' title='bbox 1862 2191 2035 2262; x_wconf 90' lang='lat' dir='ltr'>ipsius</span> <span class='ocrx_word' id='word_1_437' title='bbox 2063 2191 2238 2246; x_wconf 79' lang='lat' dir='ltr'>Verbo</span> <span class='ocrx_word' id='word_1_438' title='bbox 2266 2205 2361 2261; x_wconf 88' lang='lat' dir='ltr'>per</span> <span class='ocrx_word' id='word_1_439' title='bbox 2387 2190 2661 2261; x_wconf 72' lang='lat' dir='ltr'>Virginem</span> <span class='ocrx_word' id='word_1_440' title='bbox 2693 2195 2958 2252; x_wconf 89' lang='lat' dir='ltr'>uniretur.</span> <span class='ocrx_word' id='word_1_441' title='bbox 2993 2196 3180 2267; x_wconf 80' lang='lat' dir='ltr'>Ecqua</span> <span class='ocrx_word' id='word_1_442' title='bbox 3203 2199 3351 2256; x_wconf 82' lang='lat' dir='ltr'>enim</span> 
     </span>
     <span class='ocr_line' id='line_1_50' title="bbox 1793 2282 3354 2359; baseline 0.004 -21"><span class='ocrx_word' id='word_1_443' title='bbox 1793 2301 1815 2338; x_wconf 81' lang='grc' dir='ltr'>ι</span> <span class='ocrx_word' id='word_1_444' title='bbox 1858 2282 1964 2339; x_wconf 88' lang='lat' dir='ltr'>alia</span> <span class='ocrx_word' id='word_1_445' title='bbox 2005 2283 2175 2338; x_wconf 83' lang='lat' dir='ltr'>hacce</span> <span class='ocrx_word' id='word_1_446' title='bbox 2220 2282 2396 2354; x_wconf 76' lang='lat' dir='ltr'>maJor</span> <span class='ocrx_word' id='word_1_447' title='bbox 2426 2283 2597 2352; x_wconf 75' lang='lat' dir='ltr'>gloria</span> <span class='ocrx_word' id='word_1_448' title='bbox 2637 2286 2782 2339; x_wconf 87' lang='lat' dir='ltr'>iuter</span> <span class='ocrx_word' id='word_1_449' title='bbox 2809 2286 3062 2344; x_wconf 84' lang='lat' dir='ltr'>homines</span> <span class='ocrx_word' id='word_1_450' title='bbox 3087 2289 3354 2359; x_wconf 72' lang='lat' dir='ltr'>proedica-</span> 
     </span>
     <span class='ocr_line' id='line_1_51' title="bbox 1793 2373 3352 2446; baseline 0.004 -18"><span class='ocrx_word' id='word_1_451' title='bbox 1793 2394 1814 2428; x_wconf 78' lang='lat'><strong>«</strong></span> <span class='ocrx_word' id='word_1_452' title='bbox 1864 2374 2146 2430; x_wconf 74' lang='lat' dir='ltr'>turicum</span> <span class='ocrx_word' id='word_1_453' title='bbox 2184 2373 2411 2430; x_wconf 78' lang='lat' dir='ltr'><strong>dixisset</strong></span> <span class='ocrx_word' id='word_1_454' title='bbox 2439 2375 2731 2446; x_wconf 63' lang='lat' dir='ltr'>glorificavi</span> <span class='ocrx_word' id='word_1_455' title='bbox 2752 2389 2821 2441; x_wconf 78' lang='lat' dir='ltr'>te,</span> <span class='ocrx_word' id='word_1_456' title='bbox 2852 2376 3040 2445; x_wconf 75' lang='lat' dir='ltr'>infert,</span> <span class='ocrx_word' id='word_1_457' title='bbox 3067 2386 3122 2434; x_wconf 81' lang='grc' dir='ltr'>ει</span> <span class='ocrx_word' id='word_1_458' title='bbox 3157 2378 3352 2435; x_wconf 68' lang='lat' dir='ltr'>iurant</span> 
     </span>
     <span class='ocr_line' id='line_1_52' title="bbox 1794 2465 3354 2538; baseline 0.006 -19"><span class='ocrx_word' id='word_1_459' title='bbox 1794 2484 1814 2519; x_wconf 84' lang='lat' dir='ltr'>t</span> <span class='ocrx_word' id='word_1_460' title='bbox 1859 2467 2170 2538; x_wconf 68' lang='lat' dir='ltr'>glorificabo</span> <span class='ocrx_word' id='word_1_461' title='bbox 2190 2465 2238 2498; x_wconf 70' lang='lat'>¹⁸</span> <span class='ocrx_word' id='word_1_462' title='bbox 2283 2475 2394 2521; x_wconf 83' lang='lat' dir='ltr'>:ut</span> <span class='ocrx_word' id='word_1_463' title='bbox 2452 2482 2517 2521; x_wconf 80' lang='lat' dir='ltr'>cx</span> <span class='ocrx_word' id='word_1_464' title='bbox 2574 2467 2837 2524; x_wconf 77' lang='lat' dir='ltr'>immensa</span> <span class='ocrx_word' id='word_1_465' title='bbox 2895 2471 3006 2530; x_wconf 53' lang='lat' dir='ltr'>sut</span> <span class='ocrx_word' id='word_1_466' title='bbox 3041 2470 3354 2528; x_wconf 66' lang='lat' dir='ltr'>misericor-</span> 
     </span>
     <span class='ocr_line' id='line_1_53' title="bbox 1795 2559 3352 2628; baseline 0.003 -16"><span class='ocrx_word' id='word_1_467' title='bbox 1795 2576 1815 2611; x_wconf 85' lang='grc' dir='ltr'>ι</span> <span class='ocrx_word' id='word_1_468' title='bbox 1862 2560 1946 2613; x_wconf 86' lang='lat' dir='ltr'>dia</span> <span class='ocrx_word' id='word_1_469' title='bbox 1971 2598 1988 2625; x_wconf 85' lang='lat'>,</span> <span class='ocrx_word' id='word_1_470' title='bbox 2056 2559 2109 2613; x_wconf 88' lang='lat' dir='ltr'>in</span> <span class='ocrx_word' id='word_1_471' title='bbox 2162 2560 2400 2614; x_wconf 82' lang='lat' dir='ltr'>secunda</span> <span class='ocrx_word' id='word_1_472' title='bbox 2460 2568 2585 2628; x_wconf 88' lang='lat' dir='ltr'>post</span> <span class='ocrx_word' id='word_1_473' title='bbox 2651 2560 2834 2615; x_wconf 86' lang='lat' dir='ltr'>carnis</span> <span class='ocrx_word' id='word_1_474' title='bbox 2898 2560 3352 2618; x_wconf 72' lang='lat' dir='ltr'>resurrectionem</span> 
     </span>
     <span class='ocr_line' id='line_1_54' title="bbox 1795 2650 3356 2721; baseline 0.005 -18"><span class='ocrx_word' id='word_1_475' title='bbox 1795 2668 1815 2703; x_wconf 80' lang='grc' dir='ltr'>ι</span> <span class='ocrx_word' id='word_1_476' title='bbox 1863 2651 2068 2721; x_wconf 74' lang='lat' dir='ltr'>glorta,</span> <span class='ocrx_word' id='word_1_477' title='bbox 2149 2650 2427 2706; x_wconf 85' lang='lat' dir='ltr'>hominem</span> <span class='ocrx_word' id='word_1_478' title='bbox 2508 2650 2658 2721; x_wconf 88' lang='lat' dir='ltr'>prius</span> <span class='ocrx_word' id='word_1_479' title='bbox 2738 2650 3022 2710; x_wconf 81' lang='lat' dir='ltr'>mortalem</span> <span class='ocrx_word' id='word_1_480' title='bbox 3099 2652 3356 2710; x_wconf 83' lang='lat' dir='ltr'>redderet</span> 
     </span>
     <span class='ocr_line' id='line_1_55' title="bbox 1794 2740 3348 2813; baseline 0.005 -19"><span class='ocrx_word' id='word_1_481' title='bbox 1794 2762 1813 2794; x_wconf 76' lang='grc' dir='ltr'>ι</span> <span class='ocrx_word' id='word_1_482' title='bbox 1860 2741 2244 2810; x_wconf 75' lang='lat' dir='ltr'>immortalem,</span> <span class='ocrx_word' id='word_1_483' title='bbox 2274 2752 2329 2797; x_wconf 90' lang='lat' dir='ltr'>et</span> <span class='ocrx_word' id='word_1_484' title='bbox 2360 2751 2507 2798; x_wconf 87' lang='lat' dir='ltr'>tanta</span> <span class='ocrx_word' id='word_1_485' title='bbox 2536 2742 2685 2797; x_wconf 93' lang='lat' dir='ltr'>illum</span> <span class='ocrx_word' id='word_1_486' title='bbox 2712 2740 2883 2813; x_wconf 76' lang='lat' dir='ltr'>gloria</span> <span class='ocrx_word' id='word_1_487' title='bbox 2911 2740 3348 2812; x_wconf 61' lang='lat' dir='ltr'>gloriae-reum</span> 
     </span>
     <span class='ocr_line' id='line_1_56' title="bbox 1796 2833 3355 2908; baseline 0.006 -22"><span class='ocrx_word' id='word_1_488' title='bbox 1796 2852 1816 2886; x_wconf 80' lang='grc' dir='ltr'>ι</span> <span class='ocrx_word' id='word_1_489' title='bbox 1858 2843 1913 2889; x_wconf 90' lang='grc' dir='ltr'>ιιι</span> <span class='ocrx_word' id='word_1_490' title='bbox 1933 2849 2037 2887; x_wconf 93' lang='lat' dir='ltr'>non</span> <span class='ocrx_word' id='word_1_491' title='bbox 2056 2835 2214 2888; x_wconf 83' lang='lat' dir='ltr'>modo</span> <span class='ocrx_word' id='word_1_492' title='bbox 2244 2835 2506 2889; x_wconf 84' lang='lat' dir='ltr'>servitute</span> <span class='ocrx_word' id='word_1_493' title='bbox 2528 2833 2694 2904; x_wconf 81' lang='lat' dir='ltr'>priori</span> <span class='ocrx_word' id='word_1_494' title='bbox 2719 2833 2980 2889; x_wconf 81' lang='lat' dir='ltr'>liberetur</span> <span class='ocrx_word' id='word_1_495' title='bbox 2998 2872 3017 2901; x_wconf 82' lang='lat'><strong>.</strong></span> <span class='ocrx_word' id='word_1_496' title='bbox 3039 2834 3134 2892; x_wconf 69' lang='lat' dir='ltr'>ted</span> <span class='ocrx_word' id='word_1_497' title='bbox 3161 2834 3355 2908; x_wconf 67' lang='lat' dir='ltr'>melori</span> 
     </span>
    </p>
   </div>
   <div class='ocr_carea' id='block_1_10' title="bbox 120 2923 3357 3273">
    <p class='ocr_par' dir='ltr' id='par_1_10' title="bbox 120 2923 3357 3273">
     <span class='ocr_line' id='line_1_57' title="bbox 120 2923 3352 3000; baseline 0.001 -20"><span class='ocrx_word' id='word_1_498' title='bbox 120 2942 145 2980; x_wconf 82' lang='grc' dir='ltr'>ε</span> <span class='ocrx_word' id='word_1_499' title='bbox 181 2925 301 2981; x_wconf 85' lang='grc' dir='ltr'>Ὅτι</span> <span class='ocrx_word' id='word_1_500' title='bbox 333 2929 362 2980; x_wconf 89' lang='grc' dir='ltr'>ό</span> <span class='ocrx_word' id='word_1_501' title='bbox 383 2925 553 2995; x_wconf 82' lang='grc' dir='ltr'>Λόγος</span> <span class='ocrx_word' id='word_1_502' title='bbox 581 2926 673 2981; x_wconf 75' lang='grc' dir='ltr'>τοῦ</span> <span class='ocrx_word' id='word_1_503' title='bbox 705 2928 937 2998; x_wconf 77' lang='grc' dir='ltr'>ἀοράτου</span> <span class='ocrx_word' id='word_1_504' title='bbox 967 2928 1102 2983; x_wconf 82' lang='grc' dir='ltr'>Θεοῦ</span> <span class='ocrx_word' id='word_1_505' title='bbox 1148 2928 1235 2982; x_wconf 86' lang='grc' dir='ltr'>διά</span> <span class='ocrx_word' id='word_1_506' title='bbox 1269 2928 1545 3000; x_wconf 82' lang='grc' dir='ltr'>Παρθένου</span> <span class='ocrx_word' id='word_1_507' title='bbox 1574 2930 1686 2999; x_wconf 88' lang='grc'>(77)</span> <span class='ocrx_word' id='word_1_508' title='bbox 1794 2944 1814 2977; x_wconf 76' lang='grc' dir='ltr'>ε</span> <span class='ocrx_word' id='word_1_509' title='bbox 1858 2926 2025 2996; x_wconf 79' lang='lat' dir='ltr'>gloria</span> <span class='ocrx_word' id='word_1_510' title='bbox 2062 2926 2326 2981; x_wconf 71' lang='lat' dir='ltr'>vestiatur</span> <span class='ocrx_word' id='word_1_511' title='bbox 2353 2940 2516 2997; x_wconf 82' lang='lat' dir='ltr'>quatu</span> <span class='ocrx_word' id='word_1_512' title='bbox 2552 2925 2738 2995; x_wconf 79' lang='lat' dir='ltr'>capiat</span> <span class='ocrx_word' id='word_1_513' title='bbox 2760 2924 2942 2980; x_wconf 78' lang='lat' dir='ltr'>bomo-</span> <span class='ocrx_word' id='word_1_514' title='bbox 2962 2942 2983 2978; x_wconf 73' lang='grc' dir='ltr'>ι</span> <span class='ocrx_word' id='word_1_515' title='bbox 3031 2923 3100 2981; x_wconf 76' lang='lat' dir='ltr'>Et</span> <span class='ocrx_word' id='word_1_516' title='bbox 3129 2924 3352 2994; x_wconf 69' lang='lat' dir='ltr'>lterum,</span> 
     </span>
     <span class='ocr_line' id='line_1_58' title="bbox 120 3015 3357 3109; baseline 0.002 -40"><span class='ocrx_word' id='word_1_517' title='bbox 120 3031 145 3070; x_wconf 84' lang='grc' dir='ltr'>ε</span> <span class='ocrx_word' id='word_1_518' title='bbox 177 3015 535 3086; x_wconf 76' lang='grc' dir='ltr'>τεχθησεσθαι</span> <span class='ocrx_word' id='word_1_519' title='bbox 581 3016 795 3087; x_wconf 77' lang='grc' dir='ltr'>ἔμελλε,</span> <span class='ocrx_word' id='word_1_520' title='bbox 828 3018 922 3071; x_wconf 73' lang='grc' dir='ltr'>καὶ</span> <span class='ocrx_word' id='word_1_521' title='bbox 952 3016 1049 3088; x_wconf 81' lang='grc' dir='ltr'>τὴν</span> <span class='ocrx_word' id='word_1_522' title='bbox 1088 3016 1433 3086; x_wconf 81' lang='grc' dir='ltr'>ἀνθρωπίνην</span> <span class='ocrx_word' id='word_1_523' title='bbox 1484 3017 1685 3085; x_wconf 84' lang='grc' dir='ltr'>ἀναλή-</span> <span class='ocrx_word' id='word_1_524' title='bbox 1713 3048 1756 3109; x_wconf 70' lang='lat' dir='ltr'>C</span> <span class='ocrx_word' id='word_1_525' title='bbox 1791 3018 1883 3091; x_wconf 73' lang='lat' dir='ltr'>[tt.</span> <span class='ocrx_word' id='word_1_526' title='bbox 1906 3016 2140 3091; x_wconf 77' lang='lat' dir='ltr'>XCVHJ:</span> <span class='ocrx_word' id='word_1_527' title='bbox 2163 3037 2182 3070; x_wconf 80' lang='lat' dir='ltr'>t</span> <span class='ocrx_word' id='word_1_528' title='bbox 2206 3018 2271 3073; x_wconf 89' lang='lat' dir='ltr'>Ut</span> <span class='ocrx_word' id='word_1_529' title='bbox 2295 3018 2566 3073; x_wconf 73' lang='lat' dir='ltr'>bominem</span> <span class='ocrx_word' id='word_1_530' title='bbox 2579 3016 2728 3071; x_wconf 78' lang='lat' dir='ltr'>illum</span> <span class='ocrx_word' id='word_1_531' title='bbox 2745 3017 2937 3086; x_wconf 67' lang='lat' dir='ltr'>priuati</span> <span class='ocrx_word' id='word_1_532' title='bbox 2958 3015 3171 3074; x_wconf 82' lang='lat' dir='ltr'>diabolo</span> <span class='ocrx_word' id='word_1_533' title='bbox 3191 3028 3357 3087; x_wconf 75' lang='grc' dir='ltr'>Ιιψο-</span> 
     </span>
     <span class='ocr_line' id='line_1_59' title="bbox 121 3105 3351 3180; baseline 0.001 -19"><span class='ocrx_word' id='word_1_534' title='bbox 121 3123 144 3160; x_wconf 80' lang='grc' dir='ltr'>ε</span> <span class='ocrx_word' id='word_1_535' title='bbox 172 3105 367 3178; x_wconf 71' lang='grc' dir='ltr'>ψεσθαι</span> <span class='ocrx_word' id='word_1_536' title='bbox 392 3108 590 3180; x_wconf 85' lang='grc' dir='ltr'>σάρκα.</span> <span class='ocrx_word' id='word_1_537' title='bbox 621 3110 728 3162; x_wconf 77' lang='grc' dir='ltr'>Καὶ</span> <span class='ocrx_word' id='word_1_538' title='bbox 755 3109 840 3162; x_wconf 88' lang='grc' dir='ltr'>ἴνα</span> <span class='ocrx_word' id='word_1_539' title='bbox 863 3108 1115 3177; x_wconf 77' lang='grc' dir='ltr'>διἀύτῆς</span> <span class='ocrx_word' id='word_1_540' title='bbox 1145 3108 1236 3161; x_wconf 84' lang='grc' dir='ltr'>τὸν</span> <span class='ocrx_word' id='word_1_541' title='bbox 1271 3109 1532 3179; x_wconf 81' lang='grc' dir='ltr'>πρότερον</span> <span class='ocrx_word' id='word_1_542' title='bbox 1559 3126 1689 3162; x_wconf 82' lang='grc' dir='ltr'>κατ·</span> <span class='ocrx_word' id='word_1_543' title='bbox 1793 3129 1813 3163; x_wconf 80' lang='grc' dir='ltr'>ε</span> <span class='ocrx_word' id='word_1_544' title='bbox 1862 3121 2061 3177; x_wconf 84' lang='lat' dir='ltr'>ratum,</span> <span class='ocrx_word' id='word_1_545' title='bbox 2115 3109 2380 3165; x_wconf 80' lang='lat' dir='ltr'>victorem</span> <span class='ocrx_word' id='word_1_546' title='bbox 2407 3107 2610 3166; x_wconf 73' lang='lat' dir='ltr'>diaboti</span> <span class='ocrx_word' id='word_1_547' title='bbox 2647 3106 3022 3164; x_wconf 70' lang='lat' dir='ltr'>constitueret.</span> <span class='ocrx_word' id='word_1_548' title='bbox 3065 3106 3351 3166; x_wconf 73' lang='lat' dir='ltr'>Hominem</span> 
     </span>
     <span class='ocr_line' id='line_1_60' title="bbox 1794 3197 3350 3273; baseline -0.003 -14"><span class='ocrx_word' id='word_1_549' title='bbox 1794 3224 1814 3258; x_wconf 83' lang='grc' dir='ltr'>ι</span> <span class='ocrx_word' id='word_1_550' title='bbox 1861 3203 2065 3259; x_wconf 85' lang='lat' dir='ltr'>idcirco</span> <span class='ocrx_word' id='word_1_551' title='bbox 2089 3206 2145 3259; x_wconf 89' lang='lat' dir='ltr'>in</span> <span class='ocrx_word' id='word_1_552' title='bbox 2179 3216 2242 3258; x_wconf 84' lang='lat' dir='ltr'>sc</span> <span class='ocrx_word' id='word_1_553' title='bbox 2264 3201 2591 3273; x_wconf 71' lang='lat' dir='ltr'>assumpsit,</span> <span class='ocrx_word' id='word_1_554' title='bbox 2617 3208 2680 3256; x_wconf 85' lang='lat' dir='ltr'>ut</span> <span class='ocrx_word' id='word_1_555' title='bbox 2698 3200 2840 3270; x_wconf 87' lang='lat' dir='ltr'>quod</span> <span class='ocrx_word' id='word_1_556' title='bbox 2867 3212 3204 3269; x_wconf 75' lang='lat' dir='ltr'>consequens</span> <span class='ocrx_word' id='word_1_557' title='bbox 3224 3197 3350 3266; x_wconf 72' lang='lat' dir='ltr'>tuit.</span> 
     </span>
    </p>
   </div>
   <div class='ocr_carea' id='block_1_11' title="bbox 23 3289 3358 3365">
    <p class='ocr_par' dir='ltr' id='par_1_11' title="bbox 23 3289 3358 3365">
     <span class='ocr_line' id='line_1_61' title="bbox 23 3289 3358 3365; baseline 0.001 -25"><span class='ocrx_word' id='word_1_558' title='bbox 23 3295 29 3328; x_wconf 68' lang='grc' dir='ltr'>ἰ</span> <span class='ocrx_word' id='word_1_559' title='bbox 121 3304 146 3341; x_wconf 84' lang='grc' dir='ltr'>ε</span> <span class='ocrx_word' id='word_1_560' title='bbox 184 3304 362 3357; x_wconf 85' lang='grc' dir='ltr'>μενος,</span> <span class='ocrx_word' id='word_1_561' title='bbox 390 3289 464 3359; x_wconf 81' lang='grc' dir='ltr'>μὴ</span> <span class='ocrx_word' id='word_1_562' title='bbox 496 3291 653 3359; x_wconf 89' lang='grc' dir='ltr'>μόνον</span> <span class='ocrx_word' id='word_1_563' title='bbox 687 3290 962 3362; x_wconf 81' lang='grc' dir='ltr'>ἄφθαρτον</span> <span class='ocrx_word' id='word_1_564' title='bbox 988 3289 1151 3344; x_wconf 78' lang='grc' dir='ltr'>αὐτὸν</span> <span class='ocrx_word' id='word_1_565' title='bbox 1182 3289 1277 3344; x_wconf 76' lang='grc' dir='ltr'>καὶ</span> <span class='ocrx_word' id='word_1_566' title='bbox 1307 3290 1574 3344; x_wconf 87' lang='grc' dir='ltr'>ἀθάνατον</span> <span class='ocrx_word' id='word_1_567' title='bbox 1604 3307 1691 3358; x_wconf 83' lang='grc' dir='ltr'>γε-</span> <span class='ocrx_word' id='word_1_568' title='bbox 1794 3313 1814 3349; x_wconf 80' lang='grc' dir='ltr'>ι</span> <span class='ocrx_word' id='word_1_569' title='bbox 1858 3295 1986 3351; x_wconf 83' lang='lat' dir='ltr'>huic</span> <span class='ocrx_word' id='word_1_570' title='bbox 2017 3294 2289 3365; x_wconf 76' lang='lat' dir='ltr'>primitias</span> <span class='ocrx_word' id='word_1_571' title='bbox 2322 3292 2607 3363; x_wconf 72' lang='lat' dir='ltr'>potestatis</span> <span class='ocrx_word' id='word_1_572' title='bbox 2637 3305 2750 3348; x_wconf 71' lang='lat' dir='ltr'>suae</span> <span class='ocrx_word' id='word_1_573' title='bbox 2773 3289 3094 3359; x_wconf 76' lang='lat' dir='ltr'>impertiret.</span> <span class='ocrx_word' id='word_1_574' title='bbox 3115 3308 3136 3344; x_wconf 85' lang='grc' dir='ltr'>ι</span> <span class='ocrx_word' id='word_1_575' title='bbox 3167 3289 3236 3346; x_wconf 74' lang='lat' dir='ltr'>Et</span> <span class='ocrx_word' id='word_1_576' title='bbox 3256 3304 3358 3346; x_wconf 70' lang='lat' dir='ltr'>an-</span> 
     </span>
    </p>
   </div>
   <div class='ocr_carea' id='block_1_12' title="bbox 23 4837 65 5098">
    <p class='ocr_par' dir='ltr' id='par_1_12' title="bbox 23 4837 65 5098">
     <span class='ocr_line' id='line_1_62' title="bbox 23 4837 65 4904; baseline 0 -9"><span class='ocrx_word' id='word_1_577' title='bbox 23 4837 65 4904; x_wconf 64' lang='lat' dir='ltr'>a,</span> 
     </span>
     <span class='ocr_line' id='line_1_63' title="bbox 23 4907 65 5033; baseline -0.357 1"><span class='ocrx_word' id='word_1_578' title='bbox 23 4907 65 5033; x_wconf 69' lang='lat' dir='ltr'>t:</span> 
     </span>
     <span class='ocr_line' id='line_1_64' title="bbox 23 5045 53 5098; baseline 0 0"><span class='ocrx_word' id='word_1_579' title='bbox 23 5045 53 5098; x_wconf 63' lang='lat' dir='ltr'><em>a</em></span> 
     </span>
    </p>
   </div>
   <div class='ocr_carea' id='block_1_13' title="bbox 23 5121 79 5508">
    <p class='ocr_par' dir='ltr' id='par_1_13' title="bbox 23 5121 79 5508">
     <span class='ocr_line' id='line_1_65' title="bbox 23 5121 55 5169; baseline 0 -9"><span class='ocrx_word' id='word_1_580' title='bbox 23 5121 55 5169; x_wconf 66' lang='lat' dir='ltr'>‚r</span> 
     </span>
     <span class='ocr_line' id='line_1_66' title="bbox 23 5203 79 5264; baseline 0 -34"><span class='ocrx_word' id='word_1_581' title='bbox 23 5203 79 5264; x_wconf 52' lang='lat'>1¹.-</span> 
     </span>
     <span class='ocr_line' id='line_1_67' title="bbox 24 5257 79 5308; baseline 0 0"><span class='ocrx_word' id='word_1_582' title='bbox 24 5257 45 5301; x_wconf 85' lang='grc' dir='ltr'>Ι·</span> <span class='ocrx_word' id='word_1_583' title='bbox 66 5269 79 5308; x_wconf 75' lang='grc' dir='ltr'><strong><em>τ</em></strong></span> 
     </span>
     <span class='ocr_line' id='line_1_68' title="bbox 24 5403 41 5434; baseline 0 0"><span class='ocrx_word' id='word_1_584' title='bbox 24 5403 41 5434; x_wconf 83' lang='grc' dir='ltr'>Ι</span> 
     </span>
     <span class='ocr_line' id='line_1_69' title="bbox 23 5467 45 5508; baseline 0 0"><span class='ocrx_word' id='word_1_585' title='bbox 23 5467 45 5508; x_wconf 79' lang='grc' dir='ltr'>ι</span> 
     </span>
    </p>
   </div>
   <div class='ocr_carea' id='block_1_14' title="bbox 78 3376 3355 3459">
    <p class='ocr_par' dir='ltr' id='par_1_14' title="bbox 78 3376 3355 3459">
     <span class='ocr_line' id='line_1_70' title="bbox 78 3376 3355 3459; baseline 0.002 -30"><span class='ocrx_word' id='word_1_586' title='bbox 78 3376 89 3384; x_wconf 89' lang='grc'><em>”</em></span> <span class='ocrx_word' id='word_1_587' title='bbox 124 3390 147 3429; x_wconf 84' lang='grc' dir='ltr'>ε</span> <span class='ocrx_word' id='word_1_588' title='bbox 176 3376 362 3432; x_wconf 85' lang='grc' dir='ltr'>νέσθαι</span> <span class='ocrx_word' id='word_1_589' title='bbox 395 3380 811 3453; x_wconf 80' lang='grc' dir='ltr'>παρασκευάσῃ,</span> <span class='ocrx_word' id='word_1_590' title='bbox 840 3380 977 3435; x_wconf 75' lang='grc' dir='ltr'>ἀλλὰ</span> <span class='ocrx_word' id='word_1_591' title='bbox 1008 3382 1103 3435; x_wconf 72' lang='grc' dir='ltr'>καὶ</span> <span class='ocrx_word' id='word_1_592' title='bbox 1134 3380 1420 3452; x_wconf 86' lang='grc' dir='ltr'>σύνθρονον</span> <span class='ocrx_word' id='word_1_593' title='bbox 1445 3382 1502 3434; x_wconf 77' lang='grc' dir='ltr'>ὲν</span> <span class='ocrx_word' id='word_1_594' title='bbox 1526 3379 1692 3453; x_wconf 63' lang='grc' dir='ltr'>οὐρα·-</span> <span class='ocrx_word' id='word_1_595' title='bbox 1782 3386 1957 3445; x_wconf 76' lang='lat' dir='ltr'>nectit</span> <span class='ocrx_word' id='word_1_596' title='bbox 1975 3382 2339 3459; x_wconf 76' lang='lat' dir='ltr'><strong>[R.XXXV]:</strong></span> <span class='ocrx_word' id='word_1_597' title='bbox 2363 3400 2383 3436; x_wconf 81' lang='lat' dir='ltr'>t</span> <span class='ocrx_word' id='word_1_598' title='bbox 2406 3382 2506 3440; x_wconf 78' lang='lat' dir='ltr'>uic</span> <span class='ocrx_word' id='word_1_599' title='bbox 2518 3382 2706 3439; x_wconf 81' lang='lat' dir='ltr'>estille</span> <span class='ocrx_word' id='word_1_600' title='bbox 2721 3379 2968 3446; x_wconf 80' lang='lat' dir='ltr'>dilectus,</span> <span class='ocrx_word' id='word_1_601' title='bbox 2987 3380 3144 3436; x_wconf 85' lang='lat' dir='ltr'>bomo</span> <span class='ocrx_word' id='word_1_602' title='bbox 3158 3395 3355 3452; x_wconf 72' lang='lat' dir='ltr'>nempe</span> 
     </span>
    </p>
   </div>
   <div class='ocr_carea' id='block_1_15' title="bbox 125 3469 1691 3540">
    <p class='ocr_par' dir='ltr' id='par_1_15' title="bbox 125 3469 1691 3540">
     <span class='ocr_line' id='line_1_71' title="bbox 125 3469 1691 3540; baseline 0.003 -19"><span class='ocrx_word' id='word_1_603' title='bbox 125 3485 147 3520; x_wconf 83' lang='grc' dir='ltr'>ε</span> <span class='ocrx_word' id='word_1_604' title='bbox 189 3469 292 3531; x_wconf 62' lang='lat' dir='ltr'>oei&lt;</span> <span class='ocrx_word' id='word_1_605' title='bbox 323 3469 404 3540; x_wconf 84' lang='grc' dir='ltr'>τῷ</span> <span class='ocrx_word' id='word_1_606' title='bbox 441 3469 579 3540; x_wconf 83' lang='grc' dir='ltr'>Θεῷ.</span> <span class='ocrx_word' id='word_1_607' title='bbox 622 3489 642 3524; x_wconf 84' lang='grc' dir='ltr'>ι</span> <span class='ocrx_word' id='word_1_608' title='bbox 695 3470 882 3525; x_wconf 86' lang='grc' dir='ltr'>Ταῦτα</span> <span class='ocrx_word' id='word_1_609' title='bbox 907 3470 966 3526; x_wconf 82' lang='grc' dir='ltr'>δὲ</span> <span class='ocrx_word' id='word_1_610' title='bbox 997 3472 1175 3526; x_wconf 82' lang='grc' dir='ltr'>πάντα</span> <span class='ocrx_word' id='word_1_611' title='bbox 1206 3473 1500 3540; x_wconf 86' lang='grc' dir='ltr'>ἀναγκαῖον</span> <span class='ocrx_word' id='word_1_612' title='bbox 1555 3486 1691 3525; x_wconf 77' lang='grc' dir='ltr'>κατ-</span> 
     </span>
    </p>
   </div>
   <div class='ocr_carea' id='block_1_16' title="bbox 1793 3471 3351 3544">
    <p class='ocr_par' dir='ltr' id='par_1_16' title="bbox 1793 3471 3351 3544">
     <span class='ocr_line' id='line_1_72' title="bbox 1793 3471 3351 3544; baseline -0.003 -13"><span class='ocrx_word' id='word_1_613' title='bbox 1793 3495 1815 3531; x_wconf 78' lang='lat'><strong>«</strong></span> <span class='ocrx_word' id='word_1_614' title='bbox 1862 3475 2042 3532; x_wconf 77' lang='lat' dir='ltr'>Verbo</span> <span class='ocrx_word' id='word_1_615' title='bbox 2085 3474 2342 3531; x_wconf 86' lang='lat' dir='ltr'>adunitus</span> <span class='ocrx_word' id='word_1_616' title='bbox 2370 3474 2480 3530; x_wconf 89' lang='lat' dir='ltr'>:de</span> <span class='ocrx_word' id='word_1_617' title='bbox 2522 3487 2631 3544; x_wconf 82' lang='lat' dir='ltr'>quo</span> <span class='ocrx_word' id='word_1_618' title='bbox 2668 3472 2909 3543; x_wconf 78' lang='lat' dir='ltr'>loquitur</span> <span class='ocrx_word' id='word_1_619' title='bbox 2958 3471 3289 3542; x_wconf 67' lang='lat' dir='ltr'>evangelista</span> <span class='ocrx_word' id='word_1_620' title='bbox 3333 3489 3351 3509; x_wconf 91' lang='lat'><strong>·</strong></span> 
     </span>
    </p>
   </div>
   <div class='ocr_carea' id='block_1_17' title="bbox 119 3553 3350 3634">
    <p class='ocr_par' dir='ltr' id='par_1_17' title="bbox 119 3553 3350 3634">
     <span class='ocr_line' id='line_1_73' title="bbox 119 3553 3350 3634; baseline -0.002 -7"><span class='ocrx_word' id='word_1_621' title='bbox 119 3553 267 3628; x_wconf 59' lang='lat'>‘1⁸²2</span> <span class='ocrx_word' id='word_1_622' title='bbox 290 3559 347 3611; x_wconf 66' lang='lat' dir='ltr'>lv</span> <span class='ocrx_word' id='word_1_623' title='bbox 377 3560 564 3631; x_wconf 73' lang='grc' dir='ltr'><strong>μνήμῃ</strong></span> <span class='ocrx_word' id='word_1_624' title='bbox 579 3559 667 3614; x_wconf 69' lang='grc' dir='ltr'>διὰ</span> <span class='ocrx_word' id='word_1_625' title='bbox 691 3560 760 3613; x_wconf 72' lang='grc' dir='ltr'>τὰ</span> <span class='ocrx_word' id='word_1_626' title='bbox 789 3560 1049 3631; x_wconf 69' lang='grc' dir='ltr'>μέλλοντα</span> <span class='ocrx_word' id='word_1_627' title='bbox 1083 3561 1174 3615; x_wconf 73' lang='grc' dir='ltr'>ὑπ’</span> <span class='ocrx_word' id='word_1_628' title='bbox 1200 3560 1364 3616; x_wconf 76' lang='grc' dir='ltr'>αὐτοῦ</span> <span class='ocrx_word' id='word_1_629' title='bbox 1387 3560 1497 3632; x_wconf 79' lang='grc'>(78)</span> <span class='ocrx_word' id='word_1_630' title='bbox 1527 3556 1694 3634; x_wconf 70' lang='lat' dir='ltr'>Map-</span> <span class='ocrx_word' id='word_1_631' title='bbox 1795 3585 1817 3622; x_wconf 81' lang='grc' dir='ltr'>ι</span> <span class='ocrx_word' id='word_1_632' title='bbox 1861 3568 1961 3624; x_wconf 77' lang='lat' dir='ltr'>iiic</span> <span class='ocrx_word' id='word_1_633' title='bbox 1984 3577 2067 3624; x_wconf 73' lang='lat' dir='ltr'>est</span> <span class='ocrx_word' id='word_1_634' title='bbox 2095 3561 2267 3623; x_wconf 84' lang='lat' dir='ltr'>Filius</span> <span class='ocrx_word' id='word_1_635' title='bbox 2299 3580 2451 3623; x_wconf 84' lang='lat' dir='ltr'>meus</span> <span class='ocrx_word' id='word_1_636' title='bbox 2485 3564 2714 3622; x_wconf 75' lang='lat' dir='ltr'>dilectus</span> <span class='ocrx_word' id='word_1_637' title='bbox 2744 3565 2797 3620; x_wconf 90' lang='lat' dir='ltr'>in</span> <span class='ocrx_word' id='word_1_638' title='bbox 2827 3578 2935 3634; x_wconf 91' lang='lat' dir='ltr'>quo</span> <span class='ocrx_word' id='word_1_639' title='bbox 2966 3563 3291 3634; x_wconf 74' lang='lat' dir='ltr'>complacui.</span> <span class='ocrx_word' id='word_1_640' title='bbox 3323 3580 3350 3619; x_wconf 77' lang='grc' dir='ltr'>ε</span> 
     </span>
    </p>
   </div>
   <div class='ocr_carea' id='block_1_18' title="bbox 118 3647 1691 4183">
    <p class='ocr_par' dir='ltr' id='par_1_18' title="bbox 118 3647 1691 4183">
     <span class='ocr_line' id='line_1_74' title="bbox 120 3647 1688 3726; baseline 0.004 -21"><span class='ocrx_word' id='word_1_641' title='bbox 120 3647 313 3705; x_wconf 62' lang='lat' dir='ltr'>nmen</span> <span class='ocrx_word' id='word_1_642' title='bbox 346 3652 487 3705; x_wconf 79' lang='grc' dir='ltr'>κατὰ</span> <span class='ocrx_word' id='word_1_643' title='bbox 527 3654 624 3723; x_wconf 77' lang='grc' dir='ltr'>τῆς</span> <span class='ocrx_word' id='word_1_644' title='bbox 670 3652 890 3725; x_wconf 80' lang='grc' dir='ltr'>σαρκὸς,</span> <span class='ocrx_word' id='word_1_645' title='bbox 925 3648 995 3726; x_wconf 82' lang='grc' dir='ltr'>ἦς</span> <span class='ocrx_word' id='word_1_646' title='bbox 1029 3652 1320 3724; x_wconf 75' lang='grc' dir='ltr'>ἀνείληφεν</span> <span class='ocrx_word' id='word_1_647' title='bbox 1348 3655 1377 3707; x_wconf 89' lang='grc' dir='ltr'>ό</span> <span class='ocrx_word' id='word_1_648' title='bbox 1413 3651 1510 3707; x_wconf 79' lang='grc' dir='ltr'>τοῦ</span> <span class='ocrx_word' id='word_1_649' title='bbox 1553 3651 1688 3712; x_wconf 70' lang='grc' dir='ltr'>Θεοῦ</span> 
     </span>
     <span class='ocr_line' id='line_1_75' title="bbox 121 3740 1690 3816; baseline 0.004 -22"><span class='ocrx_word' id='word_1_650' title='bbox 121 3740 312 3810; x_wconf 77' lang='grc' dir='ltr'>Λόγος,</span> <span class='ocrx_word' id='word_1_651' title='bbox 353 3740 738 3813; x_wconf 82' lang='grc' dir='ltr'>προφέρεσθαι.</span> <span class='ocrx_word' id='word_1_652' title='bbox 802 3743 888 3807; x_wconf 80' lang='grc' dir='ltr'>Ὦς</span> <span class='ocrx_word' id='word_1_653' title='bbox 917 3741 1026 3814; x_wconf 84' lang='grc' dir='ltr'>γὰρ</span> <span class='ocrx_word' id='word_1_654' title='bbox 1064 3744 1452 3816; x_wconf 77' lang='grc' dir='ltr'>ἀμνημονησας</span> <span class='ocrx_word' id='word_1_655' title='bbox 1485 3745 1690 3800; x_wconf 86' lang='grc' dir='ltr'>τούτων</span> 
     </span>
     <span class='ocr_line' id='line_1_76' title="bbox 118 3827 1689 3904; baseline 0.003 -16"><span class='ocrx_word' id='word_1_656' title='bbox 118 3833 377 3888; x_wconf 71' lang='grc' dir='ltr'>ἁπάντων</span> <span class='ocrx_word' id='word_1_657' title='bbox 404 3827 481 3888; x_wconf 82' lang='grc' dir='ltr'>ὧν</span> <span class='ocrx_word' id='word_1_658' title='bbox 523 3833 756 3901; x_wconf 77' lang='grc' dir='ltr'>ἐξέθετο,</span> <span class='ocrx_word' id='word_1_659' title='bbox 793 3835 946 3901; x_wconf 77' lang='grc' dir='ltr'>τέλος</span> <span class='ocrx_word' id='word_1_660' title='bbox 976 3837 1078 3890; x_wconf 80' lang='grc' dir='ltr'>οὐκ</span> <span class='ocrx_word' id='word_1_661' title='bbox 1114 3836 1288 3891; x_wconf 78' lang='grc' dir='ltr'>αἴσιον</span> <span class='ocrx_word' id='word_1_662' title='bbox 1329 3838 1438 3891; x_wconf 77' lang='grc' dir='ltr'>οὐδ’</span> <span class='ocrx_word' id='word_1_663' title='bbox 1469 3838 1689 3904; x_wconf 78' lang='grc' dir='ltr'>εὐσεδὲς</span> 
     </span>
     <span class='ocr_line' id='line_1_77' title="bbox 120 3924 1686 3999; baseline 0.005 -22"><span class='ocrx_word' id='word_1_664' title='bbox 120 3924 319 3993; x_wconf 69' lang='grc' dir='ltr'>ἐπάγει</span> <span class='ocrx_word' id='word_1_665' title='bbox 357 3924 439 3996; x_wconf 82' lang='grc' dir='ltr'>τῷ</span> <span class='ocrx_word' id='word_1_666' title='bbox 476 3926 730 3998; x_wconf 75' lang='grc' dir='ltr'>σωτηρίῳ</span> <span class='ocrx_word' id='word_1_667' title='bbox 763 3925 994 3999; x_wconf 84' lang='grc' dir='ltr'>σώματι.</span> <span class='ocrx_word' id='word_1_668' title='bbox 1034 3927 1180 3999; x_wconf 84' lang='grc' dir='ltr'>Πρὸς</span> <span class='ocrx_word' id='word_1_669' title='bbox 1221 3928 1430 3994; x_wconf 86' lang='grc' dir='ltr'>τούτοις</span> <span class='ocrx_word' id='word_1_670' title='bbox 1463 3929 1686 3993; x_wconf 77' lang='grc' dir='ltr'>ἆπασιν,</span> 
     </span>
     <span class='ocr_line' id='line_1_78' title="bbox 121 4014 1691 4094; baseline 0 -20"><span class='ocrx_word' id='word_1_671' title='bbox 121 4014 312 4089; x_wconf 76' lang='grc' dir='ltr'>ὥσπερ</span> <span class='ocrx_word' id='word_1_672' title='bbox 342 4018 450 4073; x_wconf 84' lang='grc' dir='ltr'>τῶν</span> <span class='ocrx_word' id='word_1_673' title='bbox 496 4019 776 4091; x_wconf 86' lang='grc' dir='ltr'>προτέρων</span> <span class='ocrx_word' id='word_1_674' title='bbox 824 4019 973 4091; x_wconf 84' lang='grc' dir='ltr'>αύτῷ</span> <span class='ocrx_word' id='word_1_675' title='bbox 1007 4020 1469 4093; x_wconf 78' lang='grc' dir='ltr'>κατωρθωμένων,</span> <span class='ocrx_word' id='word_1_676' title='bbox 1500 4023 1691 4094; x_wconf 74' lang='grc' dir='ltr'>πειρᾶ-</span> 
     </span>
     <span class='ocr_line' id='line_1_79' title="bbox 119 4106 1691 4183; baseline 0.004 -22"><span class='ocrx_word' id='word_1_677' title='bbox 119 4121 218 4167; x_wconf 68' lang='grc' dir='ltr'>ται</span> <span class='ocrx_word' id='word_1_678' title='bbox 236 4106 506 4163; x_wconf 73' lang='grc' dir='ltr'>δεικνύναι</span> <span class='ocrx_word' id='word_1_679' title='bbox 540 4110 636 4163; x_wconf 75' lang='grc' dir='ltr'>καὶ</span> <span class='ocrx_word' id='word_1_680' title='bbox 660 4109 742 4174; x_wconf 83' lang='grc' dir='ltr'>τὸ,</span> <span class='ocrx_word' id='word_1_681' title='bbox 773 4113 806 4165; x_wconf 86' lang='grc' dir='ltr'><em>ὀ</em></span> <span class='ocrx_word' id='word_1_682' title='bbox 837 4111 1050 4179; x_wconf 79' lang='grc' dir='ltr'>Κύριος</span> <span class='ocrx_word' id='word_1_683' title='bbox 1076 4112 1491 4176; x_wconf 73' lang='grc' dir='ltr'>ἐδασίλευσεν,</span> <span class='ocrx_word' id='word_1_684' title='bbox 1509 4113 1691 4183; x_wconf 56' lang='grc' dir='ltr'>ἀγαλ-</span> 
     </span>
    </p>
   </div>
   <div class='ocr_carea' id='block_1_19' title="bbox 106 4199 1690 4276">
    <p class='ocr_par' dir='ltr' id='par_1_19' title="bbox 106 4199 1690 4276">
     <span class='ocr_line' id='line_1_80' title="bbox 106 4199 1690 4276; baseline 0.003 -20"><span class='ocrx_word' id='word_1_685' title='bbox 106 4200 350 4256; x_wconf 59' lang='grc' dir='ltr'>-αιόσθω</span> <span class='ocrx_word' id='word_1_686' title='bbox 375 4202 415 4268; x_wconf 79' lang='grc' dir='ltr'><strong><em>ἡ</em></strong></span> <span class='ocrx_word' id='word_1_687' title='bbox 453 4199 551 4270; x_wconf 72' lang='grc' dir='ltr'>γῆ,</span> <span class='ocrx_word' id='word_1_688' title='bbox 584 4203 662 4266; x_wconf 78' lang='grc' dir='ltr'>εἰς</span> <span class='ocrx_word' id='word_1_689' title='bbox 689 4201 787 4273; x_wconf 73' lang='grc' dir='ltr'>τὴν</span> <span class='ocrx_word' id='word_1_690' title='bbox 826 4202 1003 4273; x_wconf 89' lang='grc' dir='ltr'>σάρκα</span> <span class='ocrx_word' id='word_1_691' title='bbox 1027 4203 1410 4276; x_wconf 74' lang='grc' dir='ltr'>ἀναφέρεσθαι.</span> <span class='ocrx_word' id='word_1_692' title='bbox 1438 4204 1601 4273; x_wconf 80' lang='grc' dir='ltr'>Λέγει</span> <span class='ocrx_word' id='word_1_693' title='bbox 1633 4204 1690 4260; x_wconf 77' lang='grc' dir='ltr'>δὲ</span> 
     </span>
    </p>
   </div>
   <div class='ocr_carea' id='block_1_20' title="bbox 121 4290 1690 4368">
    <p class='ocr_par' dir='ltr' id='par_1_20' title="bbox 121 4290 1690 4368">
     <span class='ocr_line' id='line_1_81' title="bbox 121 4290 1690 4368; baseline 0.001 -21"><span class='ocrx_word' id='word_1_694' title='bbox 121 4290 316 4354; x_wconf 76' lang='grc' dir='ltr'>οὕτως·</span> <span class='ocrx_word' id='word_1_695' title='bbox 351 4311 371 4343; x_wconf 78' lang='grc' dir='ltr'>ι</span> <span class='ocrx_word' id='word_1_696' title='bbox 414 4293 472 4345; x_wconf 79' lang='grc' dir='ltr'>Ὀ</span> <span class='ocrx_word' id='word_1_697' title='bbox 504 4293 633 4363; x_wconf 84' lang='grc' dir='ltr'>γοῦν</span> <span class='ocrx_word' id='word_1_698' title='bbox 677 4294 941 4357; x_wconf 77' lang='grc' dir='ltr'>καταόάς,</span> <span class='ocrx_word' id='word_1_699' title='bbox 988 4295 1081 4349; x_wconf 77' lang='grc' dir='ltr'>καὶ</span> <span class='ocrx_word' id='word_1_700' title='bbox 1120 4295 1218 4367; x_wconf 82' lang='grc' dir='ltr'>τὴν</span> <span class='ocrx_word' id='word_1_701' title='bbox 1251 4296 1429 4368; x_wconf 85' lang='grc' dir='ltr'>σάρκα</span> <span class='ocrx_word' id='word_1_702' title='bbox 1463 4293 1551 4348; x_wconf 91' lang='grc' dir='ltr'>διά</span> <span class='ocrx_word' id='word_1_703' title='bbox 1591 4294 1690 4367; x_wconf 79' lang='grc' dir='ltr'>τῆς</span> 
     </span>
    </p>
   </div>
   <div class='ocr_carea' id='block_1_21' title="bbox 1788 3652 3358 4362">
    <p class='ocr_par' dir='ltr' id='par_1_21' title="bbox 1788 3652 3358 4362">
     <span class='ocr_line' id='line_1_82' title="bbox 1791 3652 3355 3733; baseline -0.002 -18"><span class='ocrx_word' id='word_1_704' title='bbox 1791 3656 2151 3733; x_wconf 69' lang='lat' dir='ltr'>Adiungitsst.</span> <span class='ocrx_word' id='word_1_705' title='bbox 2180 3655 2408 3729; x_wconf 81' lang='lat' dir='ltr'>xcvttt]</span> <span class='ocrx_word' id='word_1_706' title='bbox 2430 3674 2443 3712; x_wconf 75' lang='lat' dir='ltr'><strong><em>z</em></strong></span> <span class='ocrx_word' id='word_1_707' title='bbox 2468 3674 2488 3710; x_wconf 86' lang='grc' dir='ltr'>ι</span> <span class='ocrx_word' id='word_1_708' title='bbox 2510 3655 2665 3724; x_wconf 86' lang='lat' dir='ltr'>Quod</span> <span class='ocrx_word' id='word_1_709' title='bbox 2692 3652 2921 3711; x_wconf 81' lang='lat' dir='ltr'>Verbum</span> <span class='ocrx_word' id='word_1_710' title='bbox 2948 3653 3230 3710; x_wconf 76' lang='lat' dir='ltr'>invisibilis</span> <span class='ocrx_word' id='word_1_711' title='bbox 3255 3653 3355 3712; x_wconf 73' lang='lat' dir='ltr'>net</span> 
     </span>
     <span class='ocr_line' id='line_1_83' title="bbox 1794 3745 3346 3819; baseline -0.001 -19"><span class='ocrx_word' id='word_1_712' title='bbox 1794 3766 1814 3800; x_wconf 83' lang='grc' dir='ltr'>ι</span> <span class='ocrx_word' id='word_1_713' title='bbox 1860 3749 1953 3819; x_wconf 85' lang='lat' dir='ltr'>qui</span> <span class='ocrx_word' id='word_1_714' title='bbox 1984 3748 2107 3813; x_wconf 82' lang='lat' dir='ltr'>fuit,</span> <span class='ocrx_word' id='word_1_715' title='bbox 2131 3762 2228 3818; x_wconf 86' lang='lat' dir='ltr'>per</span> <span class='ocrx_word' id='word_1_716' title='bbox 2264 3745 2541 3818; x_wconf 77' lang='lat' dir='ltr'>Virginem</span> <span class='ocrx_word' id='word_1_717' title='bbox 2578 3753 2696 3800; x_wconf 84' lang='lat' dir='ltr'>erat</span> <span class='ocrx_word' id='word_1_718' title='bbox 2731 3746 3068 3811; x_wconf 77' lang='lat' dir='ltr'>nasciturus,</span> <span class='ocrx_word' id='word_1_719' title='bbox 3113 3751 3171 3798; x_wconf 87' lang='lat' dir='ltr'>ct</span> <span class='ocrx_word' id='word_1_720' title='bbox 3195 3756 3346 3798; x_wconf 77' lang='lat' dir='ltr'>sum-</span> 
     </span>
     <span class='ocr_line' id='line_1_84' title="bbox 1794 3833 3352 3908; baseline -0.001 -16"><span class='ocrx_word' id='word_1_721' title='bbox 1794 3857 1815 3892; x_wconf 77' lang='lat'><strong>«</strong></span> <span class='ocrx_word' id='word_1_722' title='bbox 1858 3848 2048 3908; x_wconf 77' lang='lat' dir='ltr'>pturus</span> <span class='ocrx_word' id='word_1_723' title='bbox 2093 3840 2386 3895; x_wconf 85' lang='lat' dir='ltr'>humanam</span> <span class='ocrx_word' id='word_1_724' title='bbox 2443 3852 2703 3902; x_wconf 76' lang='lat' dir='ltr'>carnem,</span> <span class='ocrx_word' id='word_1_725' title='bbox 2758 3845 2814 3891; x_wconf 90' lang='lat' dir='ltr'>et</span> <span class='ocrx_word' id='word_1_726' title='bbox 2867 3835 2922 3890; x_wconf 93' lang='lat' dir='ltr'>in</span> <span class='ocrx_word' id='word_1_727' title='bbox 2972 3833 3059 3890; x_wconf 84' lang='lat' dir='ltr'>illa</span> <span class='ocrx_word' id='word_1_728' title='bbox 3084 3833 3352 3890; x_wconf 78' lang='lat' dir='ltr'>diabolum</span> 
     </span>
     <span class='ocr_line' id='line_1_85' title="bbox 1795 3925 3358 4001; baseline 0.001 -17"><span class='ocrx_word' id='word_1_729' title='bbox 1795 3948 1815 3984; x_wconf 86' lang='grc' dir='ltr'>ι</span> <span class='ocrx_word' id='word_1_730' title='bbox 1861 3929 2230 3987; x_wconf 82' lang='lat' dir='ltr'>debellaturus</span> <span class='ocrx_word' id='word_1_731' title='bbox 2272 3930 2364 4001; x_wconf 85' lang='lat' dir='ltr'>qui</span> <span class='ocrx_word' id='word_1_732' title='bbox 2409 3928 2538 3985; x_wconf 90' lang='lat' dir='ltr'>olim</span> <span class='ocrx_word' id='word_1_733' title='bbox 2590 3927 2946 3997; x_wconf 81' lang='lat' dir='ltr'>praevaluerat</span> <span class='ocrx_word' id='word_1_734' title='bbox 2981 3943 2996 3982; x_wconf 76' lang='grc' dir='ltr'>ι</span> <span class='ocrx_word' id='word_1_735' title='bbox 3026 3940 3135 3983; x_wconf 81' lang='lat' dir='ltr'>nott</span> <span class='ocrx_word' id='word_1_736' title='bbox 3181 3925 3238 3982; x_wconf 83' lang='lat' dir='ltr'>in</span> <span class='ocrx_word' id='word_1_737' title='bbox 3287 3940 3358 3986; x_wconf 79' lang='grc' dir='ltr'>οο</span> 
     </span>
     <span class='ocr_line' id='line_1_86' title="bbox 1792 4015 3358 4090; baseline 0.002 -19"><span class='ocrx_word' id='word_1_738' title='bbox 1792 4039 1814 4071; x_wconf 72' lang='grc' dir='ltr'>ι</span> <span class='ocrx_word' id='word_1_739' title='bbox 1859 4029 2066 4076; x_wconf 81' lang='lat' dir='ltr'>tantum</span> <span class='ocrx_word' id='word_1_740' title='bbox 2106 4022 2249 4090; x_wconf 86' lang='lat' dir='ltr'>quod</span> <span class='ocrx_word' id='word_1_741' title='bbox 2296 4020 2443 4074; x_wconf 88' lang='lat' dir='ltr'>illum</span> <span class='ocrx_word' id='word_1_742' title='bbox 2477 4020 2783 4074; x_wconf 87' lang='lat' dir='ltr'>redditurus</span> <span class='ocrx_word' id='word_1_743' title='bbox 2823 4016 2924 4071; x_wconf 84' lang='lat' dir='ltr'>l&#39;uit</span> <span class='ocrx_word' id='word_1_744' title='bbox 2970 4015 3358 4086; x_wconf 80' lang='lat' dir='ltr'>incorruptibi-</span> 
     </span>
     <span class='ocr_line' id='line_1_87' title="bbox 1794 4106 3357 4177; baseline -0.002 -10"><span class='ocrx_word' id='word_1_745' title='bbox 1794 4131 1816 4167; x_wconf 77' lang='grc' dir='ltr'>ε</span> <span class='ocrx_word' id='word_1_746' title='bbox 1862 4111 1966 4167; x_wconf 85' lang='lat' dir='ltr'>lem</span> <span class='ocrx_word' id='word_1_747' title='bbox 2011 4121 2068 4166; x_wconf 89' lang='lat' dir='ltr'>et</span> <span class='ocrx_word' id='word_1_748' title='bbox 2099 4110 2483 4177; x_wconf 82' lang='lat' dir='ltr'>immortalem,</span> <span class='ocrx_word' id='word_1_749' title='bbox 2525 4110 2620 4166; x_wconf 84' lang='lat' dir='ltr'>sed</span> <span class='ocrx_word' id='word_1_750' title='bbox 2671 4109 2862 4163; x_wconf 82' lang='lat' dir='ltr'>eodem</span> <span class='ocrx_word' id='word_1_751' title='bbox 2908 4106 3047 4163; x_wconf 78' lang='lat' dir='ltr'>solio</span> <span class='ocrx_word' id='word_1_752' title='bbox 3100 4106 3156 4163; x_wconf 88' lang='lat' dir='ltr'>in</span> <span class='ocrx_word' id='word_1_753' title='bbox 3199 4107 3357 4164; x_wconf 74' lang='lat' dir='ltr'>coelin</span> 
     </span>
     <span class='ocr_line' id='line_1_88' title="bbox 1788 4197 3355 4258; baseline -0.001 -1"><span class='ocrx_word' id='word_1_754' title='bbox 1788 4220 1814 4257; x_wconf 81' lang='grc' dir='ltr'>ε</span> <span class='ocrx_word' id='word_1_755' title='bbox 1860 4217 1982 4258; x_wconf 87' lang='lat' dir='ltr'>cum</span> <span class='ocrx_word' id='word_1_756' title='bbox 2019 4202 2129 4257; x_wconf 87' lang='lat' dir='ltr'>Deo</span> <span class='ocrx_word' id='word_1_757' title='bbox 2157 4216 2560 4257; x_wconf 81' lang='lat' dir='ltr'>consessurum.</span> <span class='ocrx_word' id='word_1_758' title='bbox 2593 4218 2614 4254; x_wconf 82' lang='grc' dir='ltr'>ι</span> <span class='ocrx_word' id='word_1_759' title='bbox 2662 4198 2799 4255; x_wconf 85' lang='lat' dir='ltr'>Sunt</span> <span class='ocrx_word' id='word_1_760' title='bbox 2831 4198 2938 4254; x_wconf 89' lang='lat' dir='ltr'>ista</span> <span class='ocrx_word' id='word_1_761' title='bbox 2979 4197 3204 4256; x_wconf 84' lang='lat' dir='ltr'>omnino</span> <span class='ocrx_word' id='word_1_762' title='bbox 3237 4212 3355 4255; x_wconf 77' lang='lat' dir='ltr'>me-</span> 
     </span>
     <span class='ocr_line' id='line_1_89' title="bbox 1790 4287 3356 4362; baseline -0.003 -14"><span class='ocrx_word' id='word_1_763' title='bbox 1790 4296 1961 4350; x_wconf 89' lang='lat' dir='ltr'>moria</span> <span class='ocrx_word' id='word_1_764' title='bbox 2006 4293 2306 4356; x_wconf 86' lang='lat' dir='ltr'>retinenda.</span> <span class='ocrx_word' id='word_1_765' title='bbox 2355 4303 2572 4362; x_wconf 85' lang='lat' dir='ltr'>propter</span> <span class='ocrx_word' id='word_1_766' title='bbox 2602 4291 2694 4345; x_wconf 82' lang='lat' dir='ltr'>illa</span> <span class='ocrx_word' id='word_1_767' title='bbox 2721 4305 2840 4361; x_wconf 84' lang='lat' dir='ltr'>quae</span> <span class='ocrx_word' id='word_1_768' title='bbox 2876 4287 3134 4359; x_wconf 83' lang='lat' dir='ltr'>producet</span> <span class='ocrx_word' id='word_1_769' title='bbox 3169 4288 3356 4346; x_wconf 74' lang='lat' dir='ltr'>statim</span> 
     </span>
    </p>
   </div>
   <div class='ocr_carea' id='block_1_22' title="bbox 128 4379 3355 4458">
    <p class='ocr_par' dir='ltr' id='par_1_22' title="bbox 128 4379 3355 4458">
     <span class='ocr_line' id='line_1_90' title="bbox 128 4379 3355 4458; baseline -0.001 -21"><span class='ocrx_word' id='word_1_770' title='bbox 128 4400 151 4437; x_wconf 81' lang='grc' dir='ltr'>ε</span> <span class='ocrx_word' id='word_1_771' title='bbox 186 4383 460 4457; x_wconf 85' lang='grc' dir='ltr'>Παρθένου</span> <span class='ocrx_word' id='word_1_772' title='bbox 491 4379 828 4457; x_wconf 77' lang='grc' dir='ltr'>προσλαὸὼν,</span> <span class='ocrx_word' id='word_1_773' title='bbox 863 4385 1168 4456; x_wconf 83' lang='grc' dir='ltr'>κατεστάθη</span> <span class='ocrx_word' id='word_1_774' title='bbox 1191 4386 1442 4457; x_wconf 82' lang='grc' dir='ltr'>βασιλεὺς</span> <span class='ocrx_word' id='word_1_775' title='bbox 1474 4385 1566 4439; x_wconf 76' lang='grc' dir='ltr'>ἐπὶ</span> <span class='ocrx_word' id='word_1_776' title='bbox 1592 4384 1689 4458; x_wconf 81' lang='grc' dir='ltr'>τὴν</span> <span class='ocrx_word' id='word_1_777' title='bbox 1719 4391 1765 4447; x_wconf 86' lang='grc' dir='ltr'>Ι)</span> <span class='ocrx_word' id='word_1_778' title='bbox 1793 4386 2022 4457; x_wconf 80' lang='lat' dir='ltr'>ipsemet</span> <span class='ocrx_word' id='word_1_779' title='bbox 2075 4384 2360 4441; x_wconf 75' lang='lat' dir='ltr'>Marcellus</span> <span class='ocrx_word' id='word_1_780' title='bbox 2390 4424 2406 4452; x_wconf 90' lang='lat'>,</span> <span class='ocrx_word' id='word_1_781' title='bbox 2460 4395 2648 4440; x_wconf 88' lang='lat' dir='ltr'>contra</span> <span class='ocrx_word' id='word_1_782' title='bbox 2707 4398 2925 4439; x_wconf 82' lang='lat' dir='ltr'>carnem</span> <span class='ocrx_word' id='word_1_783' title='bbox 2983 4380 3132 4436; x_wconf 76' lang='lat' dir='ltr'>illam</span> <span class='ocrx_word' id='word_1_784' title='bbox 3191 4395 3355 4453; x_wconf 82' lang='lat' dir='ltr'>quam</span> 
     </span>
    </p>
   </div>
   <div class='ocr_carea' id='block_1_23' title="bbox 120 4473 1690 5092">
    <p class='ocr_par' dir='ltr' id='par_1_23' title="bbox 120 4473 1690 5092">
     <span class='ocr_line' id='line_1_91' title="bbox 128 4473 1688 4547; baseline 0.001 -19"><span class='ocrx_word' id='word_1_785' title='bbox 128 4491 151 4528; x_wconf 77' lang='grc' dir='ltr'>ε</span> <span class='ocrx_word' id='word_1_786' title='bbox 200 4473 542 4545; x_wconf 81' lang='grc' dir='ltr'>Ἐκκλησίαν,</span> <span class='ocrx_word' id='word_1_787' title='bbox 569 4474 827 4545; x_wconf 83' lang='grc' dir='ltr'>δηλονότι,</span> <span class='ocrx_word' id='word_1_788' title='bbox 856 4474 942 4528; x_wconf 84' lang='grc' dir='ltr'>ἵνα</span> <span class='ocrx_word' id='word_1_789' title='bbox 972 4474 1060 4527; x_wconf 81' lang='grc' dir='ltr'>διὰ</span> <span class='ocrx_word' id='word_1_790' title='bbox 1083 4475 1179 4528; x_wconf 76' lang='grc' dir='ltr'>τοῦ</span> <span class='ocrx_word' id='word_1_791' title='bbox 1211 4477 1383 4545; x_wconf 88' lang='grc' dir='ltr'>Λόγου</span> <span class='ocrx_word' id='word_1_792' title='bbox 1412 4477 1441 4529; x_wconf 89' lang='grc' dir='ltr'>ό</span> <span class='ocrx_word' id='word_1_793' title='bbox 1465 4476 1564 4547; x_wconf 82' lang='grc' dir='ltr'>τῆς</span> <span class='ocrx_word' id='word_1_794' title='bbox 1594 4475 1688 4546; x_wconf 87' lang='grc' dir='ltr'>βα-</span> 
     </span>
     <span class='ocr_line' id='line_1_92' title="bbox 128 4563 1689 4636; baseline 0.001 -16"><span class='ocrx_word' id='word_1_795' title='bbox 128 4581 151 4620; x_wconf 71' lang='lat' dir='ltr'>c</span> <span class='ocrx_word' id='word_1_796' title='bbox 191 4565 394 4628; x_wconf 86' lang='grc' dir='ltr'>σιλείας</span> <span class='ocrx_word' id='word_1_797' title='bbox 434 4564 541 4618; x_wconf 84' lang='grc' dir='ltr'>τῶν</span> <span class='ocrx_word' id='word_1_798' title='bbox 576 4564 821 4635; x_wconf 82' lang='grc' dir='ltr'>οὐρανῶν</span> <span class='ocrx_word' id='word_1_799' title='bbox 869 4563 1134 4636; x_wconf 82' lang='grc' dir='ltr'>πρότερον</span> <span class='ocrx_word' id='word_1_800' title='bbox 1181 4566 1550 4631; x_wconf 83' lang='grc' dir='ltr'>ἐκπεπτωκὼς</span> <span class='ocrx_word' id='word_1_801' title='bbox 1596 4568 1689 4622; x_wconf 81' lang='grc' dir='ltr'>άν-</span> 
     </span>
     <span class='ocr_line' id='line_1_93' title="bbox 128 4654 1689 4727; baseline 0.004 -20"><span class='ocrx_word' id='word_1_802' title='bbox 128 4672 153 4714; x_wconf 69' lang='lat' dir='ltr'><em>a</em></span> <span class='ocrx_word' id='word_1_803' title='bbox 189 4654 407 4727; x_wconf 87' lang='grc' dir='ltr'>θρωπος</span> <span class='ocrx_word' id='word_1_804' title='bbox 439 4654 719 4726; x_wconf 82' lang='grc' dir='ltr'>βασιλείας</span> <span class='ocrx_word' id='word_1_805' title='bbox 760 4656 961 4726; x_wconf 79' lang='grc' dir='ltr'>δυνηθῇ</span> <span class='ocrx_word' id='word_1_806' title='bbox 996 4659 1199 4727; x_wconf 77' lang='grc' dir='ltr'>τυχεῖν.</span> <span class='ocrx_word' id='word_1_807' title='bbox 1243 4657 1442 4713; x_wconf 83' lang='grc' dir='ltr'>Τοῦτον</span> <span class='ocrx_word' id='word_1_808' title='bbox 1480 4654 1572 4713; x_wconf 82' lang='grc' dir='ltr'>οὗν</span> <span class='ocrx_word' id='word_1_809' title='bbox 1600 4658 1689 4714; x_wconf 82' lang='grc' dir='ltr'>τὸν</span> 
     </span>
     <span class='ocr_line' id='line_1_94' title="bbox 126 4745 1690 4821; baseline 0.001 -19"><span class='ocrx_word' id='word_1_810' title='bbox 126 4762 153 4802; x_wconf 80' lang='grc' dir='ltr'>ε</span> <span class='ocrx_word' id='word_1_811' title='bbox 184 4745 467 4818; x_wconf 70' lang='grc' dir='ltr'>ἄνθρωπον</span> <span class='ocrx_word' id='word_1_812' title='bbox 490 4746 582 4800; x_wconf 78' lang='grc' dir='ltr'>τὸν</span> <span class='ocrx_word' id='word_1_813' title='bbox 611 4747 895 4818; x_wconf 86' lang='grc' dir='ltr'>πρότερον,</span> <span class='ocrx_word' id='word_1_814' title='bbox 919 4746 1007 4799; x_wconf 88' lang='grc' dir='ltr'>διά</span> <span class='ocrx_word' id='word_1_815' title='bbox 1031 4746 1128 4818; x_wconf 83' lang='grc' dir='ltr'>τὴν</span> <span class='ocrx_word' id='word_1_816' title='bbox 1154 4748 1433 4821; x_wconf 82' lang='grc' dir='ltr'>παρακοὴν</span> <span class='ocrx_word' id='word_1_817' title='bbox 1461 4749 1563 4820; x_wconf 80' lang='grc' dir='ltr'>τῆς</span> <span class='ocrx_word' id='word_1_818' title='bbox 1595 4750 1690 4821; x_wconf 82' lang='grc' dir='ltr'>βα-</span> 
     </span>
     <span class='ocr_line' id='line_1_95' title="bbox 124 4834 1687 4907; baseline 0.001 -16"><span class='ocrx_word' id='word_1_819' title='bbox 124 4853 149 4891; x_wconf 82' lang='grc' dir='ltr'>ε</span> <span class='ocrx_word' id='word_1_820' title='bbox 192 4834 395 4901; x_wconf 85' lang='grc' dir='ltr'>σιλείας</span> <span class='ocrx_word' id='word_1_821' title='bbox 441 4836 852 4900; x_wconf 79' lang='grc' dir='ltr'>ἐκπεπτωκότα,</span> <span class='ocrx_word' id='word_1_822' title='bbox 903 4836 1105 4907; x_wconf 82' lang='grc' dir='ltr'>Κύριον</span> <span class='ocrx_word' id='word_1_823' title='bbox 1140 4838 1234 4891; x_wconf 75' lang='grc' dir='ltr'>καὶ</span> <span class='ocrx_word' id='word_1_824' title='bbox 1269 4836 1400 4892; x_wconf 78' lang='grc' dir='ltr'>Θεὸν</span> <span class='ocrx_word' id='word_1_825' title='bbox 1436 4838 1687 4907; x_wconf 87' lang='grc' dir='ltr'>γενέσθαι</span> 
     </span>
     <span class='ocr_line' id='line_1_96' title="bbox 124 4925 1690 4999; baseline -0.001 -15"><span class='ocrx_word' id='word_1_826' title='bbox 124 4947 147 4984; x_wconf 84' lang='grc' dir='ltr'>ε</span> <span class='ocrx_word' id='word_1_827' title='bbox 188 4927 508 4999; x_wconf 80' lang='grc' dir='ltr'>βουλόμενος</span> <span class='ocrx_word' id='word_1_828' title='bbox 533 4931 562 4982; x_wconf 87' lang='grc' dir='ltr'>ό</span> <span class='ocrx_word' id='word_1_829' title='bbox 600 4928 751 4991; x_wconf 77' lang='grc' dir='ltr'>Θεὸς,</span> <span class='ocrx_word' id='word_1_830' title='bbox 793 4925 995 4997; x_wconf 87' lang='grc' dir='ltr'>ταύτην</span> <span class='ocrx_word' id='word_1_831' title='bbox 1036 4926 1134 4997; x_wconf 82' lang='grc' dir='ltr'>τὴν</span> <span class='ocrx_word' id='word_1_832' title='bbox 1175 4928 1483 4999; x_wconf 76' lang='grc' dir='ltr'>οἰκονομίαν</span> <span class='ocrx_word' id='word_1_833' title='bbox 1512 4929 1690 4999; x_wconf 69' lang='grc' dir='ltr'>εἰργά-</span> 
     </span>
     <span class='ocr_line' id='line_1_97' title="bbox 120 5016 1687 5092; baseline -0.002 -17"><span class='ocrx_word' id='word_1_834' title='bbox 120 5037 145 5075; x_wconf 82' lang='grc' dir='ltr'>ε</span> <span class='ocrx_word' id='word_1_835' title='bbox 191 5035 342 5073; x_wconf 86' lang='grc' dir='ltr'>σατο.</span> <span class='ocrx_word' id='word_1_836' title='bbox 388 5020 449 5073; x_wconf 79' lang='lat'>‘0</span> <span class='ocrx_word' id='word_1_837' title='bbox 477 5016 570 5073; x_wconf 83' lang='grc' dir='ltr'>οὖν</span> <span class='ocrx_word' id='word_1_838' title='bbox 601 5017 900 5087; x_wconf 83' lang='grc' dir='ltr'>ἀγιὼτατος</span> <span class='ocrx_word' id='word_1_839' title='bbox 927 5020 1210 5090; x_wconf 79' lang='grc' dir='ltr'>προφήτης</span> <span class='ocrx_word' id='word_1_840' title='bbox 1234 5018 1394 5072; x_wconf 75' lang='grc' dir='ltr'>Δαυῖδ</span> <span class='ocrx_word' id='word_1_841' title='bbox 1420 5035 1687 5092; x_wconf 83' lang='grc' dir='ltr'>προφητι-</span> 
     </span>
    </p>
   </div>
   <div class='ocr_carea' id='block_1_24' title="bbox 1792 4472 3357 5091">
    <p class='ocr_par' dir='ltr' id='par_1_24' title="bbox 1792 4472 3357 5091">
     <span class='ocr_line' id='line_1_98' title="bbox 1793 4472 3354 4546; baseline -0.002 -16"><span class='ocrx_word' id='word_1_842' title='bbox 1793 4476 2083 4546; x_wconf 83' lang='lat' dir='ltr'>assumpsit</span> <span class='ocrx_word' id='word_1_843' title='bbox 2109 4475 2202 4531; x_wconf 86' lang='lat' dir='ltr'>Dei</span> <span class='ocrx_word' id='word_1_844' title='bbox 2241 4475 2499 4531; x_wconf 79' lang='lat' dir='ltr'>Verbum.</span> <span class='ocrx_word' id='word_1_845' title='bbox 2537 4474 2709 4530; x_wconf 89' lang='lat' dir='ltr'>Veluti</span> <span class='ocrx_word' id='word_1_846' title='bbox 2736 4474 2879 4529; x_wconf 89' lang='lat' dir='ltr'>enim</span> <span class='ocrx_word' id='word_1_847' title='bbox 2905 4472 3103 4529; x_wconf 83' lang='lat' dir='ltr'>oblitus</span> <span class='ocrx_word' id='word_1_848' title='bbox 3124 4473 3354 4530; x_wconf 77' lang='lat' dir='ltr'>istorum</span> 
     </span>
     <span class='ocr_line' id='line_1_99' title="bbox 1792 4566 3356 4638; baseline 0 -16"><span class='ocrx_word' id='word_1_849' title='bbox 1792 4568 2031 4622; x_wconf 91' lang='lat' dir='ltr'>omnium</span> <span class='ocrx_word' id='word_1_850' title='bbox 2052 4581 2173 4638; x_wconf 86' lang='lat' dir='ltr'>quae</span> <span class='ocrx_word' id='word_1_851' title='bbox 2198 4566 2451 4634; x_wconf 83' lang='lat' dir='ltr'>adduxit,</span> <span class='ocrx_word' id='word_1_852' title='bbox 2483 4567 2642 4622; x_wconf 81' lang='lat' dir='ltr'>linem</span> <span class='ocrx_word' id='word_1_853' title='bbox 2684 4566 2906 4621; x_wconf 90' lang='lat' dir='ltr'>minime</span> <span class='ocrx_word' id='word_1_854' title='bbox 2930 4574 3356 4623; x_wconf 78' lang='lat' dir='ltr'>consentaneum</span> 
     </span>
     <span class='ocr_line' id='line_1_100' title="bbox 1792 4654 3357 4727; baseline 0 -17"><span class='ocrx_word' id='word_1_855' title='bbox 1792 4656 2005 4727; x_wconf 83' lang='lat' dir='ltr'>pietati,</span> <span class='ocrx_word' id='word_1_856' title='bbox 2069 4665 2125 4712; x_wconf 89' lang='lat' dir='ltr'>et</span> <span class='ocrx_word' id='word_1_857' title='bbox 2177 4655 2470 4712; x_wconf 75' lang='lat' dir='ltr'>infaustum</span> <span class='ocrx_word' id='word_1_858' title='bbox 2518 4656 2655 4711; x_wconf 81' lang='lat' dir='ltr'>satis</span> <span class='ocrx_word' id='word_1_859' title='bbox 2710 4656 2922 4726; x_wconf 89' lang='lat' dir='ltr'>corpori</span> <span class='ocrx_word' id='word_1_860' title='bbox 2984 4654 3357 4726; x_wconf 78' lang='lat' dir='ltr'>superinducit</span> 
     </span>
     <span class='ocr_line' id='line_1_101' title="bbox 1806 4746 3354 4817; baseline -0.003 -15"><span class='ocrx_word' id='word_1_861' title='bbox 1806 4746 2139 4802; x_wconf 75' lang='lat' dir='ltr'>Servatoris.</span> <span class='ocrx_word' id='word_1_862' title='bbox 2200 4746 2348 4801; x_wconf 86' lang='lat' dir='ltr'>Ultra</span> <span class='ocrx_word' id='word_1_863' title='bbox 2403 4746 2505 4801; x_wconf 81' lang='lat' dir='ltr'>ista</span> <span class='ocrx_word' id='word_1_864' title='bbox 2574 4747 2788 4817; x_wconf 83' lang='lat' dir='ltr'>quidem</span> <span class='ocrx_word' id='word_1_865' title='bbox 2839 4746 3044 4811; x_wconf 79' lang='lat' dir='ltr'>omnia,</span> <span class='ocrx_word' id='word_1_866' title='bbox 3099 4754 3354 4814; x_wconf 73' lang='lat' dir='ltr'>tanquam</span> 
     </span>
     <span class='ocr_line' id='line_1_102' title="bbox 1793 4839 3357 4910; baseline -0.002 -17"><span class='ocrx_word' id='word_1_867' title='bbox 1793 4848 1941 4893; x_wconf 88' lang='lat' dir='ltr'>rccte</span> <span class='ocrx_word' id='word_1_868' title='bbox 1970 4840 2353 4903; x_wconf 77' lang='lat' dir='ltr'>successerint,</span> <span class='ocrx_word' id='word_1_869' title='bbox 2387 4847 2441 4892; x_wconf 85' lang='lat' dir='ltr'>et</span> <span class='ocrx_word' id='word_1_870' title='bbox 2469 4853 2534 4893; x_wconf 89' lang='lat' dir='ltr'>ex</span> <span class='ocrx_word' id='word_1_871' title='bbox 2562 4839 2742 4893; x_wconf 73' lang='lat' dir='ltr'>antimo</span> <span class='ocrx_word' id='word_1_872' title='bbox 2762 4839 3043 4910; x_wconf 84' lang='lat' dir='ltr'>superiora</span> <span class='ocrx_word' id='word_1_873' title='bbox 3068 4876 3085 4902; x_wconf 83' lang='lat'>,</span> <span class='ocrx_word' id='word_1_874' title='bbox 3128 4846 3357 4892; x_wconf 80' lang='lat' dir='ltr'>conatur</span> 
     </span>
     <span class='ocr_line' id='line_1_103' title="bbox 1793 4925 3355 4999; baseline -0.004 -14"><span class='ocrx_word' id='word_1_875' title='bbox 1793 4932 2100 4992; x_wconf 77' lang='lat' dir='ltr'>ostendere,</span> <span class='ocrx_word' id='word_1_876' title='bbox 2129 4939 2183 4984; x_wconf 92' lang='lat' dir='ltr'>et</span> <span class='ocrx_word' id='word_1_877' title='bbox 2213 4930 2359 4984; x_wconf 90' lang='lat' dir='ltr'>illum</span> <span class='ocrx_word' id='word_1_878' title='bbox 2397 4929 2559 4983; x_wconf 88' lang='lat' dir='ltr'>etiam</span> <span class='ocrx_word' id='word_1_879' title='bbox 2594 4939 2828 4993; x_wconf 82' lang='lat' dir='ltr'>textum,</span> <span class='ocrx_word' id='word_1_880' title='bbox 2875 4927 3126 4999; x_wconf 63' lang='lat' dir='ltr'>Regnavit</span> <span class='ocrx_word' id='word_1_881' title='bbox 3169 4925 3355 4981; x_wconf 80' lang='lat' dir='ltr'>Domi-</span> 
     </span>
     <span class='ocr_line' id='line_1_104' title="bbox 1794 5018 3357 5091; baseline -0.001 -17"><span class='ocrx_word' id='word_1_882' title='bbox 1794 5036 1917 5086; x_wconf 77' lang='grc' dir='ltr'>ιιιιε,</span> <span class='ocrx_word' id='word_1_883' title='bbox 1955 5019 2176 5074; x_wconf 71' lang='lat' dir='ltr'>exsultet</span> <span class='ocrx_word' id='word_1_884' title='bbox 2203 5032 2344 5075; x_wconf 81' lang='lat' dir='ltr'>terra</span> <span class='ocrx_word' id='word_1_885' title='bbox 2379 5021 2450 5085; x_wconf 81' lang='lat'>⁸⁸,</span> <span class='ocrx_word' id='word_1_886' title='bbox 2488 5024 2554 5075; x_wconf 88' lang='lat' dir='ltr'>de</span> <span class='ocrx_word' id='word_1_887' title='bbox 2580 5035 2745 5076; x_wconf 85' lang='lat' dir='ltr'>carne</span> <span class='ocrx_word' id='word_1_888' title='bbox 2782 5020 3210 5091; x_wconf 64' lang='lat' dir='ltr'>intelligendum.</span> <span class='ocrx_word' id='word_1_889' title='bbox 3263 5018 3357 5073; x_wconf 76' lang='lat' dir='ltr'>Ait</span> 
     </span>
    </p>
   </div>
   <div class='ocr_carea' id='block_1_25' title="bbox 200 5193 2986 5276">
    <p class='ocr_par' dir='ltr' id='par_1_25' title="bbox 200 5193 2986 5276">
     <span class='ocr_line' id='line_1_105' title="bbox 200 5193 2986 5276; baseline -0.004 -17"><span class='ocrx_word' id='word_1_890' title='bbox 200 5211 263 5273; x_wconf 62' lang='grc' dir='ltr'>»Β</span> <span class='ocrx_word' id='word_1_891' title='bbox 290 5203 388 5262; x_wconf 81' lang='lat' dir='ltr'>Ed.</span> <span class='ocrx_word' id='word_1_892' title='bbox 417 5203 588 5261; x_wconf 83' lang='lat' dir='ltr'>Paris.</span> <span class='ocrx_word' id='word_1_893' title='bbox 620 5219 742 5276; x_wconf 76' lang='lat' dir='ltr'>pag.</span> <span class='ocrx_word' id='word_1_894' title='bbox 767 5204 856 5259; x_wconf 76' lang='grc'>49.</span> <span class='ocrx_word' id='word_1_895' title='bbox 927 5205 972 5236; x_wconf 81' lang='lat'>²¹</span> <span class='ocrx_word' id='word_1_896' title='bbox 994 5201 1205 5258; x_wconf 83' lang='lat' dir='ltr'>Coloss.</span> <span class='ocrx_word' id='word_1_897' title='bbox 1232 5216 1273 5266; x_wconf 86' lang='lat' dir='ltr'>t,</span> <span class='ocrx_word' id='word_1_898' title='bbox 1304 5199 1390 5255; x_wconf 76' lang='lat'>¹6.</span> <span class='ocrx_word' id='word_1_899' title='bbox 1467 5198 1513 5231; x_wconf 85' lang='lat'>¹⁸</span> <span class='ocrx_word' id='word_1_900' title='bbox 1535 5198 1554 5254; x_wconf 93' lang='lat' dir='ltr'>l</span> <span class='ocrx_word' id='word_1_901' title='bbox 1578 5196 1719 5253; x_wconf 82' lang='lat' dir='ltr'>Tim.</span> <span class='ocrx_word' id='word_1_902' title='bbox 1748 5212 1808 5264; x_wconf 86' lang='lat' dir='ltr'>u,</span> <span class='ocrx_word' id='word_1_903' title='bbox 1836 5196 1889 5256; x_wconf 80' lang='lat'>5.</span> <span class='ocrx_word' id='word_1_904' title='bbox 1966 5194 2182 5252; x_wconf 66' lang='lat' dir='ltr'>¹“Joun-</span> <span class='ocrx_word' id='word_1_905' title='bbox 2213 5212 2307 5262; x_wconf 79' lang='lat' dir='ltr'>xit,</span> <span class='ocrx_word' id='word_1_906' title='bbox 2338 5193 2429 5253; x_wconf 71' lang='lat'>28.</span> <span class='ocrx_word' id='word_1_907' title='bbox 2502 5196 2548 5227; x_wconf 79' lang='lat'>‘⁸</span> <span class='ocrx_word' id='word_1_908' title='bbox 2578 5193 2721 5250; x_wconf 85' lang='lat' dir='ltr'>Psal.</span> <span class='ocrx_word' id='word_1_909' title='bbox 2756 5209 2895 5259; x_wconf 73' lang='lat' dir='ltr'>xcvi,</span> <span class='ocrx_word' id='word_1_910' title='bbox 2931 5193 2986 5248; x_wconf 83' lang='lat' dir='ltr'>t.</span> 
     </span>
    </p>
   </div>
   <div class='ocr_carea' id='block_1_26' title="bbox 1807 5393 3353 5461">
    <p class='ocr_par' dir='ltr' id='par_1_26' title="bbox 1807 5393 3353 5461">
     <span class='ocr_line' id='line_1_106' title="bbox 1807 5393 3353 5461; baseline -0.001 -14"><span class='ocrx_word' id='word_1_911' title='bbox 1807 5393 2049 5457; x_wconf 84' lang='lat' dir='ltr'>bomine,</span> <span class='ocrx_word' id='word_1_912' title='bbox 2070 5393 2279 5458; x_wconf 80' lang='lat' dir='ltr'>delirat,</span> <span class='ocrx_word' id='word_1_913' title='bbox 2306 5408 2426 5447; x_wconf 89' lang='lat' dir='ltr'>eum</span> <span class='ocrx_word' id='word_1_914' title='bbox 2446 5393 2584 5447; x_wconf 86' lang='lat' dir='ltr'>ultra</span> <span class='ocrx_word' id='word_1_915' title='bbox 2599 5407 2784 5447; x_wconf 87' lang='lat' dir='ltr'>omnes</span> <span class='ocrx_word' id='word_1_916' title='bbox 2800 5393 3061 5457; x_wconf 84' lang='lat' dir='ltr'>homines,</span> <span class='ocrx_word' id='word_1_917' title='bbox 3077 5400 3199 5461; x_wconf 82' lang='lat' dir='ltr'>post</span> <span class='ocrx_word' id='word_1_918' title='bbox 3223 5404 3353 5445; x_wconf 78' lang='grc' dir='ltr'>συν·</span> 
     </span>
    </p>
   </div>
   <div class='ocr_carea' id='block_1_27' title="bbox 261 5461 3356 5542">
    <p class='ocr_par' dir='ltr' id='par_1_27' title="bbox 261 5461 3356 5542">
     <span class='ocr_line' id='line_1_107' title="bbox 261 5461 3356 5542; baseline -0.004 -15"><span class='ocrx_word' id='word_1_919' title='bbox 261 5474 315 5542; x_wconf 86' lang='grc'>8)</span> <span class='ocrx_word' id='word_1_920' title='bbox 345 5473 660 5528; x_wconf 72' lang='grc' dir='ltr'>Μέλλοντα</span> <span class='ocrx_word' id='word_1_921' title='bbox 685 5474 787 5528; x_wconf 78' lang='grc' dir='ltr'>ὑπ’</span> <span class='ocrx_word' id='word_1_922' title='bbox 817 5471 1025 5527; x_wconf 83' lang='grc' dir='ltr'>αὑτοῦ.</span> <span class='ocrx_word' id='word_1_923' title='bbox 1053 5468 1307 5534; x_wconf 87' lang='lat' dir='ltr'>Omnino,</span> <span class='ocrx_word' id='word_1_924' title='bbox 1340 5476 1397 5522; x_wconf 93' lang='lat' dir='ltr'>ut</span> <span class='ocrx_word' id='word_1_925' title='bbox 1436 5466 1699 5521; x_wconf 86' lang='lat' dir='ltr'>Eusebius</span> <span class='ocrx_word' id='word_1_926' title='bbox 1803 5463 2016 5516; x_wconf 84' lang='grc' dir='ltr'>τέλειαν</span> <span class='ocrx_word' id='word_1_927' title='bbox 2037 5464 2466 5523; x_wconf 76' lang='lat' dir='ltr'>exinaniendum.</span> <span class='ocrx_word' id='word_1_928' title='bbox 2498 5466 2639 5531; x_wconf 74' lang='lat' dir='ltr'>quoti</span> <span class='ocrx_word' id='word_1_929' title='bbox 2675 5461 2827 5527; x_wconf 85' lang='grc' dir='ltr'>τέλος</span> <span class='ocrx_word' id='word_1_930' title='bbox 2860 5462 2958 5516; x_wconf 78' lang='grc' dir='ltr'>οὐκ</span> <span class='ocrx_word' id='word_1_931' title='bbox 2987 5463 3162 5515; x_wconf 85' lang='grc' dir='ltr'>αἴσιον</span> <span class='ocrx_word' id='word_1_932' title='bbox 3204 5468 3356 5515; x_wconf 70' lang='grc' dir='ltr'>ηοω</span> 
     </span>
    </p>
   </div>
   <div class='ocr_carea' id='block_1_28' title="bbox 196 5402 826 5550">
    <p class='ocr_par' dir='ltr' id='par_1_28' title="bbox 196 5402 826 5550">
     <span class='ocr_line' id='line_1_108' title="bbox 196 5402 826 5550; baseline -0.005 -90"><span class='ocrx_word' id='word_1_933' title='bbox 196 5404 311 5550; x_wconf 60' lang='lat'>87)</span> <span class='ocrx_word' id='word_1_934' title='bbox 334 5402 505 5472; x_wconf 77' lang='lat' dir='ltr'>Vulgo</span> <span class='ocrx_word' id='word_1_935' title='bbox 528 5406 626 5475; x_wconf 80' lang='grc' dir='ltr'>τῆς</span> <span class='ocrx_word' id='word_1_936' title='bbox 652 5403 826 5475; x_wconf 87' lang='grc' dir='ltr'>Παρθ.</span> 
     </span>
    </p>
   </div>
   <div class='ocr_carea' id='block_1_29' title="bbox 118 5538 1693 5610">
    <p class='ocr_par' dir='ltr' id='par_1_29' title="bbox 118 5538 1693 5610">
     <span class='ocr_line' id='line_1_109' title="bbox 118 5538 1693 5610; baseline -0.008 -9"><span class='ocrx_word' id='word_1_937' title='bbox 118 5543 232 5610; x_wconf 67' lang='lat' dir='ltr'>nit,</span> <span class='ocrx_word' id='word_1_938' title='bbox 269 5544 382 5598; x_wconf 79' lang='lat' dir='ltr'>haec</span> <span class='ocrx_word' id='word_1_939' title='bbox 414 5555 538 5597; x_wconf 88' lang='lat' dir='ltr'>sunt</span> <span class='ocrx_word' id='word_1_940' title='bbox 568 5546 922 5597; x_wconf 81' lang='lat' dir='ltr'>observanda.</span> <span class='ocrx_word' id='word_1_941' title='bbox 961 5541 1094 5594; x_wconf 65' lang='lat' dir='ltr'>Num</span> <span class='ocrx_word' id='word_1_942' title='bbox 1144 5538 1462 5608; x_wconf 78' lang='lat' dir='ltr'>stupendum</span> <span class='ocrx_word' id='word_1_943' title='bbox 1498 5538 1549 5590; x_wconf 88' lang='lat' dir='ltr'>in</span> <span class='ocrx_word' id='word_1_944' title='bbox 1583 5550 1693 5589; x_wconf 77' lang='lat' dir='ltr'>nio·</span> 
     </span>
    </p>
   </div>
   <div class='ocr_carea' id='block_1_30' title="bbox 1804 5528 3355 5604">
    <p class='ocr_par' dir='ltr' id='par_1_30' title="bbox 1804 5528 3355 5604">
     <span class='ocr_line' id='line_1_110' title="bbox 1804 5528 3355 5604; baseline 0.001 -21"><span class='ocrx_word' id='word_1_945' title='bbox 1804 5530 2279 5586; x_wconf 74' lang='lat' dir='ltr'>vocat.M.—lnsra</span> <span class='ocrx_word' id='word_1_946' title='bbox 2308 5534 2462 5601; x_wconf 77' lang='lat' dir='ltr'>vulgo</span> <span class='ocrx_word' id='word_1_947' title='bbox 2483 5532 2684 5604; x_wconf 86' lang='grc' dir='ltr'>ταύτην</span> <span class='ocrx_word' id='word_1_948' title='bbox 2698 5535 2886 5596; x_wconf 82' lang='grc' dir='ltr'>οίκον.,</span> <span class='ocrx_word' id='word_1_949' title='bbox 2904 5542 2956 5586; x_wconf 86' lang='lat' dir='ltr'>et</span> <span class='ocrx_word' id='word_1_950' title='bbox 2967 5531 3135 5599; x_wconf 73' lang='grc' dir='ltr'>λέγει,</span> <span class='ocrx_word' id='word_1_951' title='bbox 3152 5528 3355 5604; x_wconf 66' lang='grc' dir='ltr'>Κύριος</span> 
     </span>
    </p>
   </div>
   <div class='ocr_carea' id='block_1_31' title="bbox 23 5600 2864 5674">
    <p class='ocr_par' dir='ltr' id='par_1_31' title="bbox 23 5600 2864 5674">
     <span class='ocr_line' id='line_1_111' title="bbox 23 5600 2864 5674; baseline -0.005 -5"><span class='ocrx_word' id='word_1_952' title='bbox 23 5609 47 5652; x_wconf 75' lang='lat'>¹</span> <span class='ocrx_word' id='word_1_953' title='bbox 125 5627 251 5674; x_wconf 74' lang='lat' dir='ltr'>rem</span> <span class='ocrx_word' id='word_1_954' title='bbox 278 5614 532 5669; x_wconf 74' lang='lat' dir='ltr'>insanivit</span> <span class='ocrx_word' id='word_1_955' title='bbox 562 5611 867 5674; x_wconf 73' lang='lat' dir='ltr'>Marcellus,</span> <span class='ocrx_word' id='word_1_956' title='bbox 891 5612 936 5666; x_wconf 80' lang='lat' dir='ltr'>si</span> <span class='ocrx_word' id='word_1_957' title='bbox 961 5625 1086 5664; x_wconf 82' lang='lat' dir='ltr'>vera</span> <span class='ocrx_word' id='word_1_958' title='bbox 1122 5608 1276 5663; x_wconf 86' lang='lat' dir='ltr'>nobis</span> <span class='ocrx_word' id='word_1_959' title='bbox 1303 5607 1370 5662; x_wconf 85' lang='lat' dir='ltr'>de</span> <span class='ocrx_word' id='word_1_960' title='bbox 1398 5605 1490 5662; x_wconf 92' lang='lat' dir='ltr'>illo</span> <span class='ocrx_word' id='word_1_961' title='bbox 1513 5601 1695 5658; x_wconf 86' lang='lat' dir='ltr'>retulit</span> <span class='ocrx_word' id='word_1_962' title='bbox 1798 5600 1979 5668; x_wconf 77' lang='grc' dir='ltr'>ε6ασ.;</span> <span class='ocrx_word' id='word_1_963' title='bbox 2000 5603 2122 5659; x_wconf 89' lang='lat' dir='ltr'>dein</span> <span class='ocrx_word' id='word_1_964' title='bbox 2151 5600 2403 5667; x_wconf 74' lang='grc' dir='ltr'>λαδόντος</span> <span class='ocrx_word' id='word_1_965' title='bbox 2421 5602 2612 5673; x_wconf 85' lang='grc' dir='ltr'>χρόνου</span> <span class='ocrx_word' id='word_1_966' title='bbox 2629 5602 2772 5660; x_wconf 78' lang='grc' dir='ltr'>τοῦδ.</span> <span class='ocrx_word' id='word_1_967' title='bbox 2801 5603 2864 5661; x_wconf 80' lang='lat' dir='ltr'>tt.</span> 
     </span>
    </p>
   </div>
   <div class='ocr_carea' id='block_1_32' title="bbox 23 5677 55 5795">
    <p class='ocr_par' dir='ltr' id='par_1_32' title="bbox 23 5677 55 5795">
     <span class='ocr_line' id='line_1_112' title="bbox 23 5677 55 5722; baseline 0 -5"><span class='ocrx_word' id='word_1_968' title='bbox 23 5677 55 5722; x_wconf 61' lang='grc' dir='ltr'><strong>Ω</strong></span> 
     </span>
     <span class='ocr_line' id='line_1_113' title="bbox 23 5753 53 5795; baseline 0 0"><span class='ocrx_word' id='word_1_969' title='bbox 23 5753 53 5795; x_wconf 81' lang='grc' dir='ltr'>Ι</span> 
     </span>
    </p>
   </div>
   <div class='ocr_carea' id='block_1_33' title="bbox 128 5673 1694 5749">
    <p class='ocr_par' dir='ltr' id='par_1_33' title="bbox 128 5673 1694 5749">
     <span class='ocr_line' id='line_1_114' title="bbox 128 5673 1694 5749; baseline -0.006 -9"><span class='ocrx_word' id='word_1_970' title='bbox 128 5681 507 5740; x_wconf 71' lang='lat' dir='ltr'>adversarius.-</span> <span class='ocrx_word' id='word_1_971' title='bbox 532 5681 665 5735; x_wconf 72' lang='lat' dir='ltr'>Nam</span> <span class='ocrx_word' id='word_1_972' title='bbox 702 5681 769 5736; x_wconf 82' lang='lat' dir='ltr'>de</span> <span class='ocrx_word' id='word_1_973' title='bbox 791 5681 990 5749; x_wconf 69' lang='lat' dir='ltr'>curisti</span> <span class='ocrx_word' id='word_1_974' title='bbox 1026 5693 1215 5747; x_wconf 81' lang='lat' dir='ltr'>carne,</span> <span class='ocrx_word' id='word_1_975' title='bbox 1244 5677 1347 5734; x_wconf 83' lang='lat' dir='ltr'>boc</span> <span class='ocrx_word' id='word_1_976' title='bbox 1366 5685 1448 5733; x_wconf 82' lang='lat' dir='ltr'>est</span> <span class='ocrx_word' id='word_1_977' title='bbox 1475 5673 1694 5731; x_wconf 79' lang='lat' dir='ltr'>Christo</span> 
     </span>
    </p>
   </div>
   <div class='ocr_carea' id='block_1_34' title="bbox 376 5774 1107 5838">
    <p class='ocr_par' dir='ltr' id='par_1_34' title="bbox 376 5774 1107 5838">
     <span class='ocr_line' id='line_1_115' title="bbox 376 5774 1107 5838; baseline -0.003 -2"><span class='ocrx_word' id='word_1_978' title='bbox 376 5776 650 5837; x_wconf 74' lang='lat' dir='ltr'>Pnnot..</span> <span class='ocrx_word' id='word_1_979' title='bbox 700 5776 817 5838; x_wconf 76' lang='lat' dir='ltr'>Gn.</span> <span class='ocrx_word' id='word_1_980' title='bbox 883 5774 1107 5838; x_wconf 86' lang='lat' dir='ltr'>xxtv.</span> 
     </span>
    </p>
   </div>
  </div>
 </body>
</html>
