3692 6134
423 291 533 352 4⁹5

1107 285 1376 345 Eusssml
1412 284 1891 345 cAEsARlENsts
1927 282 2079 343 OPP.
2120 281 2302 339 PARS
2339 279 2427 337 lll.
2467 310 2538 321 —
2573 278 2989 337 ExEGE'rch.

3574 292 3690 351 ⁴96

494 408 659 466 Vns.
708 409 802 476 12,
830 408 917 464 l5.
954 427 972 460 ι
1000 406 1200 466 Gentes
1249 408 1394 464 enim
1447 417 1505 464 et
1556 422 1731 479 reges,
1764 407 1859 480 qui
1890 404 1987 463 tibi
2016 411 2063 470 A
2165 423 2185 458 ι
2207 403 2289 458 T&
2303 402 2413 476 γάρ
2433 402 2562 475 ἔθνη
2577 402 2671 457 καὶ
2690 403 2737 457 οί
2756 402 3014 474 βασιλεῖς,
3031 402 3223 468 οἵτινες
3245 404 3306 457 ού
3332 404 3690 468 δουλεύσουσι

428 517 535 559 non
570 500 833 566 servient,
872 500 1145 571 peribunt,
1203 508 1257 554 et
1293 509 1482 571 gentes
1520 498 1772 554 vastitate
1809 505 1989 554 vasta-

422 594 646 649 buntur.
670 590 737 648 Et
762 591 933 663 gloria
972 589 1167 646 Libani
1213 591 1280 646 ad
1320 601 1376 648 te
1404 590 1607 658 veniet,
1634 590 1688 646 in
1713 589 1990 662 cyparisso

418 692 475 739 et
497 684 626 754 pinu
653 691 711 739 et
733 683 895 738 cedro
918 680 1098 746 simul,
1126 682 1192 737 ad
1225 681 1633 753 glorificandum
1658 681 1836 740 locum
1862 696 1989 738 sau-

420 786 566 831 ctum
590 790 789 832 meum.
832 793 851 827 ι
885 774 1022 829 Nam
1075 773 1299 830 salutari
1333 782 1389 831 et
1421 773 1782 846 pulcherrima
1810 772 1987 829 servi-

422 874 537 924 tute
568 865 772 924 civitati
804 865 898 921 Dei
932 865 1270 921 serviendum
1299 864 1676 933 est,videlicet
1708 863 1986 931 Ecclesiae,

418 965 475 1012 ct
504 957 606 1026 piae
636 954 900 1027 religioni,
928 970 1049 1026 qnae
1078 955 1131 1011 in
1156 968 1220 1011 ea
1250 956 1470 1021 colitur,
1498 954 1881 1026 pulcherrimae
1931 963 1988 1012 et

422 1046 735 1103 celsissimae
759 1044 951 1102 Libani
979 1043 1201 1103 arbores
1247 1045 1580 1113 deserentur,
1613 1055 1672 1102 ut
1695 1046 1804 1109 illis
1831 1046 1985 1106 locus

416 1150 636 1198 sanctus
669 1155 821 1197 meus
850 1139 1024 1211 gloria
1059 1138 1345 1196 afficiatur.
1364 1137 1523 1194 Tales
1543 1149 1725 1194 autem
1764 1138 1985 1208 suerint,

412 1230 613 1288 eruditi
641 1230 741 1285 viri
772 1245 841 1286 ex
870 1229 1144 1299 gentibus,
1172 1229 1440 1302 sapientia
1477 1230 1659 1288 saculi
1684 1230 1847 1301 liuius
1880 1231 1987 1288 im-

407 1322 551 1392 -buti,
586 1336 725 1392 quos
773 1322 828 1377 in
882 1319 1125 1377 Ecclesia
1156 1318 1254 1378 Dei
1285 1318 1562 1393 florentes,
1593 1336 1660 1379 ac
1712 1323 1988 1382 sermonis

412 1423 672 1487 apparatu
703 1414 874 1485 ipsam
901 1420 1160 1470 ornantes
1190 1414 1559 1482 conspicatus,
1606 1413 1925 1487 neutiquam
1952 1428 1985 1470 a

412 1519 542 1563 vero
573 1507 817 1572 aberres,
866 1505 916 1562 si
951 1503 1100 1562 dicas
1139 1518 1235 1562 eos
1285 1503 1574 1578 allegorico
1627 1519 1801 1574 more,
1841 1505 1986 1579 ligna

411 1598 627 1665 Libani,
681 1599 1008 1670 cyparissos,
1037 1597 1198 1667 pinus
1236 1606 1296 1655 et
1329 1598 1522 1656 cedros
1559 1598 1745 1655 vocari
1779 1614 1797 1652 ι
1831 1599 1985 1671 queis

409 1689 564 1748 locus
598 1699 820 1747 sanctus
849 1690 945 1748 Dei
988 1705 1199 1749 necnon
1238 1689 1473 1764 vestigia
1506 1691 1704 1762 pedum
1731 1690 1869 1760 ejus,
1899 1691 1982 1747 vi·

402 1781 604 1840 delicet
617 1780 892 1852 Ecclesia,
914 1782 1267 1856 glorificatur.

473 2045 638 2103 Vns.
673 2044 765 2101 ss.
796 2061 819 2097 ι
857 2042 925 2099 Et
954 2041 1111 2099 ibunt
1150 2037 1222 2097 ad
1254 2048 1307 2097 te
1338 2038 1590 2097 timentes
1627 2038 1724 2095 lilii
1760 2054 1975 2108 eorum,

403 2138 495 2211 qui
536 2146 592 2195 te
621 2133 1064 2200 humiliaverunt,
1102 2140 1158 2188 et
1188 2130 1579 2188 irritaverunt:
1606 2141 1662 2189 et
1692 2132 1977 2190 vocaberis

403 2229 600 2288 civitas
634 2225 790 2293 Sion,
831 2224 1007 2281 sancti
1040 2219 1232 2280 lsrael.
1264 2242 1285 2278 ι
1329 2221 1396 2279 Et
1435 2237 1566 2281 sane
1595 2222 1794 2281 multos
1824 2224 1977 2281 novi-

401 2335 523 2379 mus
555 2332 626 2380 ex
654 2318 746 2385 iis,
773 2316 868 2388 qni
896 2308 1027 2375 olim
1059 2315 1116 2372 in
1141 2315 1442 2374 Ecclesiam
1472 2314 1787 2388 blasphema
1809 2314 1974 2372 verba

400 2409 763 2483 protulerunt,
794 2409 1074 2481 ipsamque
1102 2408 1470 2477 irritaverunt,
1496 2408 1588 2479 qui
1617 2408 1732 2480 jam
1764 2414 1972 2463 mutata

384 2502 688 2570 sententia,
721 2500 890 2558 Deum
925 2500 980 2555 in
1011 2513 1078 2557 ea
1124 2499 1407 2557 adoratum
1433 2509 1721 2556 venerunt.

469 2683 634 2743 Vns.
671 2683 859 2742 15-17.
902 2700 926 2737 ι
962 2682 1100 2752 Quia
1129 2679 1281 2738 luisti
1324 2675 1603 2744 derelicta,
1633 2685 1693 2735 el.
1720 2676 1846 2738 odio
1875 2675 1972 2731 ha·

385 2777 534 2847 bita,
564 2785 623 2833 et
647 2792 755 2834 non
790 2784 910 2833 erat
937 2775 1032 2846 qui
1077 2772 1458 2830 auxiliaretur.
1497 2768 1567 2827 Et
1595 2783 1792 2842 ponam
1831 2778 1887 2824 te
1913 2765 1970 2824 in

2095 511 2198 561 σοι,
2224 493 2574 559 ἀπολοῦνται,
2609 493 2705 549 καὶ
2743 493 2813 548 τά
2834 494 2961 564 ἔθνη
2989 495 3197 567 ἐρημίᾳ
3231 498 3688 575 ἐρημωθήσεται.

2092 586 2201 642 Καὶ
2222 587 2256 659 ή
2280 586 2407 652 δόξα
2428 586 2525 640 τοῦ
2552 585 2786 641 Διδάνου
2816 587 2952 658 πρὸς
2986 586 3045 639 σὲ
3074 586 3196 658 ἥξει
3237 589 3297 643 ὲν
3329 597 3688 671 κυπαρίσσῳ,

2092 678 2186 733 καὶ
2215 676 2418 753 πεύκη,
2471 676 2569 732 καὶ
2619 676 2793 749 κέδρῳ
2844 678 2982 749 ἅμα,
3016 677 3236 743 δοξάσαι
3276 682 3371 737 τὸν
3395 684 3562 743 τόπον
3594 691 3690 745 τὸν

2090 769 2249 839 ἅγιόν
2280 785 2401 842 μου.
2444 787 2465 823 ι
2501 768 2795 823 Δουλεῦσαι
2825 770 2935 840 γὰρ
2990 769 3071 823 δεῖ
3115 770 3215 844 τὴν
3263 777 3534 849 σωτήριον
3592 783 3689 836 χαι

2090 858 2384 931 καλλίστην
2434 857 2679 913 δουλείαν
2717 861 2783 930 τῇ
2815 857 2910 911 τοῦ
2948 857 3083 912 Θεοῦ
3127 862 3302 930 πόλει,
3337 864 3486 934 λέγω
3521 869 3580 923 δὲ
3617 875 3686 943 τῇ

2101 950 2419 1024 Ἐκκλησία,
2450 950 2546 1005 καὶ
2585 949 2665 1022 τῷ
2702 952 2760 1005 ὲν
2783 950 2921 1022 αὐτῇ
2948 949 3193 1007 esocis-:621
3219 954 3581 1031 πολιτεύματι
3615 963 3687 1017 τὰ

2086 1041 2352 1097 κάλλιστα
2376 1040 2470 1095 καὶ
2500 1039 2808 1112 ὑψηλότατα
2829 1039 2935 1094 τῶν
2967 1041 3026 1094 ὲν
3052 1042 3131 1113 τῷ
3156 1043 3377 1119 Λι6άνῳ
3407 1051 3551 1118 φυτὰ
3590 1070 3683 1106 κο-

2091 1134 2431 1207 μισθήσεται,
2483 1134 2564 1197 είς
2610 1132 2671 1187 τὸ
2701 1131 2769 1185 δι’
2796 1132 2977 1187 αὐτῶν
3021 1132 3351 1207 δοξασθῆναι
3385 1140 3478 1194 τὸν
3509 1144 3680 1196 τόπον

2084 1227 2176 1282 τὸν
2198 1226 2353 1296 ἅγιόν
2376 1243 2498 1298 μου.
2529 1224 2770 1278 Τοιοῦτοι
2800 1224 2845 1277 δ’
2873 1224 2940 1278 ἂν
2962 1220 3071 1278 εἷεν
3094 1226 3147 1279 οἱ
3178 1227 3238 1295 ἐξ
3266 1229 3436 1285 ἐθνῶν
3459 1232 3673 1302 ἐλλόγι-

2088 1334 2178 1388 μοι
2211 1316 2403 1389 ἀνδρες
2433 1316 2528 1372 καὶ
2549 1315 2737 1385 σοφίας
2762 1314 2857 1369 τοῦ
2881 1314 3080 1381 αἰῶνος
3110 1318 3301 1373 τούτου
3328 1325 3667 1394 μετεσχηκό-

2083 1425 2176 1472 τες
2198 1425 2211 1439 ·
2244 1406 2338 1473 οῦς
2357 1409 2415 1462 ὲν
2448 1410 2514 1480 τῇ
2548 1407 2842 1479 Ἐκκλησία
2862 1405 2957 1462 τοῦ
2984 1407 3121 1463 Θεοῦ
3143 1409 3532 1483 διαπρέποντας
3564 1415 3664 1470 καὶ

2085 1499 2427 1573 κοσμοῦντας
2457 1499 2627 1573 αὐτὴν
2659 1502 2725 1572 τῇ
2759 1498 2852 1553 τοῦ
2873 1499 3035 1568 λόγου
3057 1506 3368 1576 παρασκευῇ
3390 1504 3658 1578 θεασάμε-

2084 1609 2176 1657 νος
2208 1591 2309 1646 ούκ
2330 1590 2398 1647 ἂν
2425 1591 2694 1664 ἁμάρτοις
2715 1589 2914 1656 αὐτοὺς
2939 1586 3077 1648 εἶναι
3103 1593 3173 1648 τά
3202 1591 3331 1660 ξύλα
3361 1595 3457 1651 τοῦ
3495 1599 3661 1668 Λιβά-

2086 1700 2178 1738 νου
2204 1723 2219 1749 ,
2251 1683 2588 1755 κυπάρισσον
2630 1682 2725 1737 καὶ
2752 1683 2962 1749 πεύκας
2996 1684 3091 1740 καὶ
3122 1685 3364 1759 κέδρους,
3406 1692 3552 1746 κατά
3583 1693 3662 1745 νό-

2006 1774 2050 1831 Β
2080 1792 2180 1847 μον
2218 1775 2549 1849 ἀλληγορίας
2580 1776 2782 1853 εἰπών·
2817 1775 2885 1830 δι’
2932 1769 3007 1833 ὧν
3054 1776 3333 1846 δοξάζεται
3374 1782 3405 1835 ὁ
3434 1782 3601 1848 τόπος
3636 1786 3666 1837 ό

2080 1864 2235 1935 ἅγιος
2259 1866 2355 1921 τοῦ
2371 1866 2528 1934 Θεοῦ,
2559 1867 2654 1921 καὶ
2679 1869 2709 1922 ό
2726 1868 2890 1935 τόπος
2914 1868 3023 1924 τῶν
3049 1870 3227 1926 ποδῶν
3248 1873 3438 1940 αὐτοῦ,
3464 1875 3666 1951 δηλαδὴ

2079 1962 2114 2030 ή
2146 1959 2462 2033 Ἐκκλησία.

2151 2068 2173 2103 ι
2206 2051 2321 2106 Καὶ
2352 2050 2710 2125 πορεύσονται
2740 2050 2877 2125 πρὸς
2917 2050 2980 2107 σὲ
3005 2050 3305 2120 δεδοικότες
3335 2055 3440 2111 υἱοὶ
3470 2073 3665 2112 ταπει-

2075 2142 2367 2199 νωσάντων
2416 2161 2498 2211 σε,
2537 2143 2635 2199 καὶ
2686 2145 3106 2217 παροξυνάντων
3153 2164 3235 2214 σε,
3284 2149 3377 2203 καὶ
3409 2149 3664 2226 κληθήσῃ

2075 2232 2230 2297 πόλις
2249 2233 2410 2302 Σιὼν,
2453 2233 2610 2304 ἀγίου
2650 2234 2890 2307 Ἰσραήλ.
2926 2252 2946 2288 t
2973 2234 3088 2290 Καὶ
3123 2234 3299 2301 ἄλλως
3325 2236 3382 2291 δὲ
3414 2237 3521 2291 τῶν
3554 2240 3664 2293 πά-

2074 2322 2165 2377 λαι
2190 2323 2699 2398 βλασφημησάντων
2743 2323 2840 2397 τὴν
2889 2324 3238 2398 Ἐκκλησίαν,
3288 2328 3385 2383 καὶ
3423 2329 3663 2401 παροξυ-

2073 2414 2280 2471 νάντων
2322 2415 2514 2487 αὐτὴν,
2554 2414 2650 2471 καὶ
2689 2413 3014 2480 διωξάντων,
3048 2415 3280 2482 πολλοὺς
3315 2418 3476 2491 ἴσμεν
3504 2438 3661 2492 μετα-

2075 2505 2361 2572 δαλόντας,
2399 2508 2494 2561 καὶ
2526 2506 2620 2561 ἐπὶ
2656 2505 2716 2561 τὸ
2754 2508 3078 2578 προσκυνεῖν
3122 2508 3215 2564 τὸν
3255 2510 3316 2566 ὲν
3348 2511 3487 2585 αὐτῇ
3523 2512 3662 2570 Θεὸν

2074 2597 2420 2671 ἐληλυθότας.

2148 2705 2169 2741 ι
2196 2687 2297 2742 Διά
2316 2688 2378 2742 τὸ
2398 2688 2722 2764 γεγενῆσθαί
2748 2708 2807 2746 σε
2827 2690 3423 2770 ὲγκαταλελειμμένην,
3444 2694 3538 2749 καὶ
3563 2712 3657 2769 με·

2072 2779 2400 2853 μσημένην,
2422 2781 2518 2836 και
2551 2780 2651 2836 οὐκ
2666 2777 2736 2855 ἦν
2760 2785 2789 2838 ὁ
2817 2782 3049 2856 βοηθῶν.
3075 2785 3189 2841 και
3217 2769 3450 2859 caumes
3477 2785 3652 2855 ἀγαλ-

385 2866 817 2926 ·exsultutionem
867 2866 1275 2938 sempiternam,
1309 2863 1364 2919 in
1400 2861 1641 2919 letitiam
1671 2858 1969 2934 generatio·
2069 2863 2240 2937 λίαμα
2278 2866 2515 2934 αἰώνιον,
2554 2868 2891 2943 εὐφροσύνην
2919 2871 3124 2942 γενεῶν
3151 2876 3381 2943 γενεαῖς,
3415 2875 3511 2928 καὶ
3546 2877 3650 2948 θη-

394 2962 559 3019 nibus
581 2959 1019 3035 generationum,
1044 2966 1102 3016 et
1135 2970 1299 3029 suges
1335 2954 1418 3011 lac
1446 2952 1713 3027 gentium,
1747 2960 1804 3010 et
1838 2951 1969 3009 divi·
2068 2955 2254 3022 λάσεις
2278 2956 2422 3028 γάλα
2459 2957 2649 3026 ἐθνῶν,
2691 2962 2786 3014 καὶ
2828 2961 3057 3018 πλοῦτον
3084 2962 3342 3034 βασιλέων
3373 2964 3636 3034 φάγεσαι.

396 3057 500 3113 tias
519 3068 706 3128 regum
737 3052 1006 3111 comedes.
1050 3050 1120 3107 Et
1167 3061 1489 3120 cognosces,
1533 3047 1661 3118 quia
1703 3059 1803 3115 ego
1842 3057 1963 3099 sum
2068 3043 2181 3100 Καὶ
2211 3045 2417 3121 γνώσῃ,
2455 3048 2538 3102 ὅτι
2581 3048 2692 3119 ἐγὼ
2724 3048 2930 3124 Κύριος
2967 3053 2998 3106 ο
3027 3049 3209 3115 σώζων
3236 3067 3317 3114 σε,
3358 3052 3451 3105 καὶ
3482 3051 3638 3117 ἐξαι-

386 3151 676 3214 ·Domlnus,
700 3146 792 3220 qui
821 3145 1027 3202 salvum
1071 3152 1124 3200 te
1154 3140 1321 3206 facio.
1351 3148 1408 3198 et
1443 3139 1537 3212 qui
1576 3151 1710 3195 eruo
1741 3146 1792 3193 te
1819 3136 1963 3192 Deus
1987 3122 2032 3182 C
2066 3137 2323 3210 ρούμενός
2344 3156 2404 3193 σε
2433 3138 2567 3204 Θεὸς
2611 3139 2849 3214 Ἰσραήλ.
2877 3143 2987 3197 Καὶ
3009 3140 3124 3197 ἀντὶ
3153 3140 3354 3212 χαλκοῦ
3392 3143 3523 3196 οῑσω
3548 3160 3635 3197 σοι

382 3239 580 3300 israel.
606 3240 677 3296 Et
704 3253 802 3310 pro
827 3251 935 3294 aere
963 3233 1186 3290 afferam
1245 3231 1341 3288 tibi
1401 3245 1591 3287 aurum
1625 3247 1644 3288 e
1672 3243 1771 3300 pro
1811 3227 1960 3284 ferro
2060 3228 2303 3302 χρυσίον,
2327 3231 2422 3285 καὶ
2443 3231 2566 3286 ἀντὶ
2589 3231 2806 3306 σιδήρου
2835 3231 2968 3288 οἴσω
2989 3249 3066 3288 σοι
3088 3232 3354 3306 ἀργύριον
3374 3249 3389 3265 ·
3424 3234 3546 3289 ἀντὶ
3574 3236 3635 3289 δὲ

390 3341 573 3388 autem
595 3328 814 3385 afferam
847 3328 941 3383 tibi
977 3334 1279 3398 argentum,
1306 3338 1402 3394 pro
1433 3320 1593 3392 lignis
1614 3319 1836 3377 afferam
1861 3317 1959 3375 tibi

389 3437 486 3490 aes,
513 3431 568 3479 et
598 3436 698 3492 pro
719 3418 986 3490 lapidibus
1023 3417 1248 3472 ferrum.
1270 3414 1338 3471 Et
1364 3413 1502 3471 dabo
1530 3411 1805 3484 principes
1836 3418 1958 3467 tuos

388 3514 446 3570 in
487 3527 640 3584 pace,
677 3520 733 3569 et
768 3512 1051 3581 episcopos
1097 3517 1218 3565 tuos
1258 3506 1312 3562 in
1348 3504 1581 3576 iustitia.
1617 3522 1637 3558 ι
1668 3502 1784 3561 Hoc
1822 3516 1955 3560 vero

386 3605 516 3677 quid
549 3605 737 3669 luerit,
768 3603 871 3660 nisi
904 3617 1098 3657 novum
1145 3600 1457 3674 mysterium
1501 3597 1832 3670 evangelica}
1859 3595 1957 3652 do·

380 3698 596 3762 ctrinae,
616 3704 673 3754 et
691 3694 1039 3751 elementaris
1058 3692 1150 3749 illa
1176 3691 1311 3748 Novi
1328 3689 1660 3747 Testamenti
1681 3688 1951 3757 doctrina,

382 3788 541 3859 cujus
567 3796 847 3843 consortes
873 3794 1000 3840 sunt
1025 3784 1060 3841 ii
1085 3784 1178 3856 qui
1209 3783 1263 3838 in
1292 3781 1509 3839 Christo
1541 3789 1949 3853 regenerantur,

372 3875 479 3946 oui
511 3874 703 3944 seipsis
740 3874 990 3929 meliores
1033 3872 1201 3929 l'uturi
1245 3882 1392 3940 sunt,
1442 3886 1508 3928 ac
1549 3870 1642 3928 Dei
1668 3877 1953 3927 structuras

376 3964 652 4028 utiliores,
689 3964 1141 4034 quemadmodum
1179 3973 1235 4021 et
1288 3963 1470 4034 primi,
1509 3964 1601 4035 qui
1630 3978 1730 4034 pro
1761 3976 1868 4018 aere
1894 3970 1949 4018 et

368 4053 530 4110 -ferro
563 4068 755 4108 aurum
786 4062 841 4108 et
868 4062 1149 4123 argentum
1196 4052 1251 4108 in
1297 4052 1771 4109 commutationem
1809 4049 1948 4106 obti-

352 4144 656 4203 miserunt?

451 4284 614 4340 Vns.
645 4283 734 4340 ts.
764 4301 792 4337 ι
836 4283 903 4338 Ει
936 4298 1043 4341 non
1080 4282 1330 4339 audietur
1367 4282 1542 4338 adbuc
1576 4278 1835 4350 injustitia
1889 4280 1943 4337 in

366 4386 527 4431 terra
563 4384 866 4445 tua,neque
890 4374 1166 4437 contritio.
1208 4386 1384 4445 neque
1414 4372 1630 4429 miseria
1666 4373 1719 4428 iu
1744 4371 1943 4430 linibus

2059 3318 2230 3387 ξύλων
2273 3322 2406 3378 οἴσω
2438 3340 2519 3377 σοι
2545 3324 2763 3396 χαλκὸν,
2798 3326 2920 3382 ἀντὶΙ
2957 3326 3011 3381 δὲ
3034 3325 3224 3396 λίθων,
3254 3328 3493 3400 σίδηρον.
3523 3328 3637 3383 Καὶ

2054 3411 2212 3467 δώσω
2240 3414 2366 3478 τοὺς
2397 3415 2666 3488 ἄρχοντάς
2696 3433 2789 3473 σσυ
2808 3421 2867 3473 ἐν
2891 3419 3107 3493 εἰρήνῃ,
3136 3420 3231 3473 καὶ
3256 3420 3380 3484 τοὺς
3410 3420 3637 3474 ἐπισκό-

2055 3520 2192 3568 πους
2224 3520 2318 3559 σου
2349 3504 2410 3560 ὲν
2437 3506 2771 3582 δικαιοσύνῃ.
2807 3529 2826 3563 ι
2867 3510 3037 3566 Τοῦτο
3064 3510 3122 3565 δὲ
3148 3511 3203 3566 τί
3225 3511 3343 3565 ποτ’
3374 3511 3441 3565 ἂν
3472 3509 3559 3584 εἴη
3584 3514 3635 3566 εί

2056 3593 2134 3668 μή
2184 3595 2247 3650 τὸ
2278 3597 2463 3653 καινὸν
2495 3600 2789 3674 μυστήριον
2829 3602 2932 3674 τῆς
2973 3602 3334 3675 εὐαγγελικῆς
3376 3603 3631 3659 διδασκα-

2052 3683 2193 3750 λίας,
2227 3685 2323 3741 καὶ
2359 3686 2395 3760 η
2441 3688 2785 3763 στοιχειώδης
2811 3690 3131 3761 διδασκαλία
3156 3693 3257 3763 τῆς
3278 3694 3491 3767 Καινῆς
3512 3696 3632 3749 Δια·

2052 3780 2244 3854 θήκης,
2268 3777 2339 3857 ἧς
2372 3782 2686 3855 μετέχουσιν
2718 3786 2767 3840 oi
2806 3786 2867 3841 ὲν
2912 3787 3131 3861 Χριστῷ
3168 3788 3626 3861 ἀναγεννώμενοι,

2052 3871 2292 3943 βελτίους
2327 3873 2425 3947 μὲν
2465 3874 2676 3931 ἑαυτῶν
2713 3880 3067 3951 γενησόμενοι
3098 3878 3187 3934 καὶ
3214 3880 3627 3954 χρησιμώτεροι

2046 3966 2113 4037 τῇ
2158 3963 2253 4019 τοῦ
2293 3964 2431 4021 Θεοῦ
2476 3968 2732 4041 οἰκοδομῇ
2767 3968 2910 4024 κατά
2933 3971 3059 4035 τοὺς
3094 3968 3366 4039 πρώτους,
3409 3972 3463 4025 οἳ
3504 3971 3626 4026 ἀντὶ

2046 4057 2248 4129 χαλκοῦ
2275 4059 2369 4114 καίΙ
2390 4060 2612 4133 σιδήρου
2639 4060 2842 4134 χρυσοῦ
2866 4079 2926 4117 τε
2952 4062 3046 4118 καὶ
3063 4061 3303 4135 ἀργύρου
3334 4063 3499 4137 τιμὴν
3527 4064 3622 4119 άν-

2043 4148 2537 4222 τικατηλλάξαντος

2119 4305 2141 4339 ι
2175 4286 2286 4342 Καὶ
2324 4288 2428 4343 οὐκ
2449 4287 2846 4361 ἀκουσθήσεται
2880 4288 2963 4344 ἔτι
2983 4285 3169 4343 ἀδικία
3207 4288 3267 4342 ἐν
3298 4290 3366 4361 τῇ
3397 4289 3470 4359 γῇ
3499 4304 3618 4352 σου,

2042 4375 2164 4431 οὐδὲ
2186 4376 2519 4451 σύντριμμα,
2536 4378 2657 4432 οὐδὲ
2683 4377 3022 4451 ταλαιπωρία
3049 4378 3111 4431 ὲν
3139 4379 3255 4443 τοῖς
3284 4378 3455 4449 ὁρίοις
3486 4394 3582 4431 σου
3600 4393 3616 4409 ·

367 4467 526 4522 -ιυίει
554 4465 650 4522 sed
690 4465 1026 4522 vocabuntur
1056 4465 1308 4524 Salutate
1359 4464 1501 4521 muri
1536 4464 1636 4531 tui,
1667 4472 1725 4521 et
1762 4472 1938 4535 portoe
1966 4473 2015 4533 n
2040 4468 2177 4525 ἀλλά
2206 4470 2536 4544 κληθήσεται
2563 4472 2836 4546 Σωτήρων
2864 4469 2939 4527 τά
2953 4470 3108 4544 τείχη
3134 4487 3252 4539 σου,
3285 4470 3382 4524 καὶ
3423 4470 3484 4524 αἱ
3516 4469 3620 4523 πύ-

379 4566 505 4623 tum,
538 4556 830 4628 sculptura.
864 4576 884 4612 ι
931 4556 1037 4617 Pro
1075 4557 1189 4623 illo,
1232 4575 1254 4610 ι
1299 4556 1572 4625 Salutat-e,
1615 4575 1636 4611 ι
1671 4556 1936 4615 Hebraica

367 4645 667 4719 scriptura,
704 4664 724 4700 ι
747 4645 932 4704 lesum
976 4666 996 4702 ι
1031 4647 1270 4719 prael'ert,
1331 4646 1620 4718 ipsissimis
1650 4646 1937 4704 elementis

364 4747 433 4794 et
465 4736 890 4802 characteribus,
916 4738 1074 4810 queis
1113 4737 1227 4809 ipse
1256 4734 1514 4794 Salvator
1534 4735 1827 4803 scribitur:
1858 4738 1935 4794 ita

371 4837 435 4886 ut
463 4828 582 4900 ipsa
610 4829 778 4887 virtus
809 4827 1110 4887 Salvatoris
1139 4829 1312 4886 nostri
1361 4826 1524 4897 lesu,
1570 4845 1669 4902 pro
1700 4840 1856 4902 septo
1882 4840 1937 4889 et

370 4936 527 4981 muro
550 4922 709 4980 firmo
740 4924 808 4982 iis
839 4925 930 4995 qui
968 4923 1079 4980 Deo
1101 4923 1250 4994 digni
1283 4925 1502 4995 luerint,
1526 4925 1705 4983 futura
1734 4928 1827 4984 sit.
1919 4933 1945 4969 ἓ·

439 5146 609 5206 Vns.
641 5147 730 5206 w.
759 5166 783 5203 ι
814 5147 882 5204 Ει
913 5163 1019 5204 non
1046 5148 1153 5204 erit
1179 5145 1275 5202 tibi
1293 5145 1527 5220 amplius
1555 5146 1640 5202 sol
1666 5145 1720 5203 in
1753 5143 1932 5202 lucem

365 5239 496 5307 diei,
527 5253 707 5310 neque
744 5250 897 5297 ortus
921 5238 1061 5296 lunae
1108 5239 1433 5296 illuminabit
1474 5247 1689 5296 noctem
1742 5247 1927 5294 tuam:

364 5330 460 5387 sed
498 5331 614 5388 erit
641 5329 735 5386 tibi
769 5330 1025 5388 Dominus
1051 5331 1144 5390 lux
1172 5332 1522 5400 sempiterna,
1544 5338 1601 5387 et
1629 5330 1793 5399 Deus,
1828 5329 1937 5401 glo-

362 5420 446 5477 ria
473 5430 589 5480 tua.
627 5440 649 5476 ι
683 5421 790 5479 Sed
830 5423 1079 5479 columna
1117 5422 1364 5493 quadam
1411 5422 1611 5479 divinae
1663 5421 1802 5479 lucis
1830 5423 1937 5479 erit

365 5513 742 5586 resplendens,
763 5514 972 5573 scilicet
993 5529 1190 5586 corpus
1214 5529 1523 5585 resurgens,
1553 5515 1699 5586 quod
1735 5514 1937 5571 dicitur

2039 4560 2149 4627 λαι,
2174 4560 2421 4635 γλύμμα.
2452 4581 2473 4615 ι
2511 4562 2656 4617 ’Δντὶ
2678 4563 2737 4619 δὲ
2761 4562 2880 4629 τοῦ,
2905 4582 2926 4618 ι
2952 4563 3251 4636 Σωτηρίου,
3279 4582 3300 4616 s
3325 4563 3360 4634 ή
3397 4563 3613 4637 Ἐδραῖ-

2038 4652 2110 4726 κὴ
2131 4653 2436 4724 ἀνάγνωσις
2458 4653 2550 4709 τὸν
2568 4672 2589 4708 ι
2612 4655 2821 4728 Ἰησοῦν
2840 4674 2860 4710 ι
2879 4654 3041 4711 αὐτόν
3061 4672 3122 4709 τε
3152 4655 3397 4726 περιέχει
3416 4656 3611 4722 αὐτοῖς

2038 4745 2324 4818 στοιχείοις
2338 4746 2433 4801 καὶ
2453 4747 2846 4820 χαρακτῆρσιν,
2868 4747 3004 4811 οἰοις
3033 4748 3063 4801 ό
3085 4745 3271 4817 Σωτήρ
3299 4746 3461 4817 ήμῶν
3483 4748 3617 4803 ἀνα·

2035 4836 2335 4910 γράφεται·
2378 4837 2455 4902 ὠς
2477 4836 2577 4910 τήν
2606 4836 2772 4892 αὑτοῦ
2792 4837 3021 4910 δύναμιν
3047 4836 3142 4893 τοῦ
3171 4836 3425 4908 Σωτῆρος
3455 4840 3618 4911 ήμῶν

2050 4927 2225 5001 Ἰησοῦ
2247 4928 2369 4984 ἀντὶ
2387 4928 2670 4999 περιῦόλου
2696 4929 2791 4984 καὶ
2813 4929 3029 5000 τείχους
3056 4928 3281 5002 στερῤοῦ
3304 4926 3419 4994 τοῖς
3437 4930 3616 4998 ἀξίοις

2035 5018 2133 5075 τοῦ
2160 5017 2297 5075 Θεοῦ
2317 5018 2587 5089 γενέσθαι.

2112 5171 2132 5207 ι
2165 5154 2280 5210 Καὶ
2307 5154 2407 5210 οὐκ
2431 5153 2582 5209 ἔσται
2619 5154 2699 5209 ἔτι
2740 5170 2823 5210 σοι
2850 5156 2881 5209 ό
2919 5153 3071 5226 ήλιος
3103 5157 3184 5220 είς
3216 5153 3332 5225 φῶς
3368 5155 3613 5229 ἡμέρας,

2036 5245 2157 5302 οὐδὲ
2186 5246 2416 5320 ἀνατολὴ
2470 5246 2698 5319 σελήνης
2748 5249 2940 5318 φωτιεῖ
2989 5263 3083 5301 σου
3122 5248 3222 5319 τὴν
3247 5246 3418 5301 νύκτα
3435 5263 3451 5278 ·
3495 5248 3613 5301 ἀλλ’

2036 5336 2187 5393 ἔσται
2211 5354 2294 5392 σοι
2315 5337 2515 5410 Κύριος
2538 5338 2654 5409 φῶς
2680 5336 2917 5407 αίὼνιον,
2943 5337 3080 5393 καὶὸ
3102 5338 3257 5403 Θεὸς,
3274 5337 3401 5402 δόξα
3434 5355 3554 5393 σου.
3586 5356 3608 5392 t

2031 5427 2208 5500 Στήλη
2228 5428 2286 5483 δέ
2313 5445 2397 5490 τις
2423 5429 2577 5485 ἱσται
2601 5429 2719 5502 φῶς
2738 5429 3203 5505 ἀπαστράπτουσα
3227 5429 3393 5496 θεῖον,
3416 5429 3480 5484 τὸ
3514 5430 3611 5484 σῶ-

2032 5536 2112 5592 μα
2133 5520 2234 5593 τῆς
2259 5521 2625 5591 ἀναστάσεως,
2649 5523 2712 5578 τὸ
2739 5523 3027 5598 λεγόμενον
3056 5525 3271 5596 ἱμάτιον
3302 5523 3605 5597 Σωτηρίου.

365 5608 746 5665 vestimentum
766 5605 1052 5665 Salutaris.
1080 5604 1196 5664 Non
1225 5606 1371 5662 enim
1395 5605 1533 5665 ultra
1563 5620 1762 5679 corpus
1783 5619 1936 5662 mor·
2028 5611 2225 5668 Οὐκέτι
2248 5611 2357 5685 γὰρ
2385 5611 2615 5670 θανάτου
2646 5613 2826 5688 σῶμα,
2851 5612 2963 5672 οἷον
3001 5615 3031 5668 ό
3062 5613 3276 5679 Παῦλος
3299 5613 3490 5686 ἐδήλου
3518 5614 3607 5667 λέ-

370 5701 440 5758 tis
471 5698 596 5772 erit,
623 5700 783 5774 quale
814 5697 1016 5761 Paulus
1046 5699 1357 5761 declarabat
1397 5697 1483 5758 his
1508 5697 1711 5767 verbis,
1751 5716 1771 5752 ι
1797 5696 1931 5766 Quis
2027 5719 2173 5774 γων·
2209 5721 2230 5758 ι
2259 5703 2358 5768 Τίς
2385 5721 2454 5777 με
2482 5703 2707 5779 ῥύσεται
2740 5707 2807 5763 ὲκ
2835 5704 2931 5762 τοῦ
2961 5703 3209 5777 σώματος
3246 5702 3340 5760 τοῦ
3371 5702 3604 5761 θανάτου
