3692 6134
817 300 908 357 bt:
956 300 1047 358 Eo
1086 300 1277 371 Quot)
1312 301 1495 360 ntus
1530 301 1763 361 PATER
1795 301 2299 362 thottPonALts
2335 303 2486 360 EST.

3143 302 3279 360 ¹¹50

325 424 417 480 {ue
466 410 587 467 sibi.
616 411 682 467 Et
709 426 829 483 qua
857 422 1108 484 putamus
1149 413 1304 469 nobis
1335 427 1457 468 esse
1499 427 1614 467 ma-
1648 415 1693 470 A
1718 424 1971 484 pratum;
2003 423 2061 471 et
2084 416 2401 470 assistentes
2428 416 2597 486 pratis
2618 454 2633 481 ,
2674 416 2953 473 videamus
2992 434 3095 472 non
3135 434 3279 475 nune

329 518 431 558 ona
453 543 470 569 ,
497 510 551 559 et
582 504 888 560 necessaria
913 519 1136 575 quaeque
1173 512 1299 560 sunt
1326 504 1513 572 nobis;
1537 502 1612 559 ilii

325 593 450 648 nnia
473 604 597 650 sunt
616 594 795 649 otiosa
831 613 845 649 ε
881 603 937 650 et
958 609 1292 665 quascunque
1319 608 1383 649 ex
1408 594 1613 647 anima-

325 685 394 739 ›is
419 694 540 739 sunt
583 682 774 752 utilia,
824 684 930 741 illis
959 691 1087 741 sunt
1132 699 1240 740 non
1281 683 1607 740 necessaria.

325 776 425 831 nint
453 777 519 831 ad
543 775 809 832 culturam
860 792 966 832 non
1013 776 1211 833 babent
1236 792 1406 848 opus,
1438 790 1612 846 neque

333 867 531 923 beilum
558 884 574 922 ε
603 883 709 924 nnn
737 867 978 939 indigent
1015 868 1140 939 igue
1173 867 1239 923 ad
1284 867 1569 922 luminaria
1590 906 1607 931 ,

342 972 461 1027 quae
485 973 582 1029 per
612 959 790 1030 ignem
830 959 896 1014 ad
941 973 1149 1014 curam.
1195 956 1311 1013 Non
1360 972 1497 1028 aqua
1528 965 1612 1014 est

324 1047 447 1102 tat-ia
473 1088 488 1115 ,
515 1063 621 1103 non
647 1064 714 1104 ex
743 1049 901 1115 mari,
925 1063 1031 1104 non
1065 1063 1132 1104 ex
1161 1057 1302 1104 terra
1334 1065 1350 1103 ε
1381 1063 1486 1104 non
1519 1047 1608 1103 ilia

323 1137 540 1195 ubribus
560 1150 899 1210 apportatur.
929 1137 1046 1195 Non
1091 1154 1339 1195 somnum
1375 1138 1442 1193 ad
1470 1138 1611 1195 rese-

322 1230 671 1285 tecessarium
700 1229 924 1296 babent,
951 1245 1056 1285 non
1089 1244 1243 1286 escas
1262 1231 1329 1285 ad
1355 1228 1606 1285 salutem.

327 1326 432 1375 tem
458 1319 675 1390 quidem
723 1328 780 1374 et
833 1319 1101 1375 mirantur
1150 1318 1431 1374 audientes
1454 1358 1471 1385 ,
1514 1316 1605 1387 qui

347 1410 658 1483 angelorum
683 1412 879 1468 choros
920 1426 1025 1468 non
1060 1419 1441 1482 pervenerunt.
1480 1409 1610 1478 Qut·

351 1502 632 1560 beatitudo
653 1510 738 1559 est
764 1501 810 1558 si
836 1503 1160 1558 manducent
1200 1511 1257 1558 et
1301 1501 1520 1569 bibant,
1553 1509 1608 1557 et

323 1602 517 1661 tantur,
549 1602 603 1649 et
629 1592 1002 1663 possessiones
1028 1590 1262 1648 babeant
1279 1633 1295 1658 ,
1316 1601 1370 1647 et
1392 1592 1610 1647 thesau-

323 1684 478 1750 dant,
511 1693 567 1739 et
589 1682 895 1754 judiciariis
933 1682 1288 1755 dignitatibus
1322 1681 1606 1754 pertruan-

1717 505 1881 561 ilores
1906 515 2167 566 exeuntes
2187 545 2204 571 ‚
2240 521 2410 575 neque
2432 506 2701 563 coloribus
2729 507 2942 575 varios,
2996 524 3171 574 neque
3222 510 3277 563 in

1714 598 1977 655 odoribus
2004 599 2283 665 diversos;
2315 599 2409 655 sed
2431 598 2707 654 videamus
2728 598 2836 655 iilic
2862 600 2999 656 coelo
3031 600 3277 670 superius

1727 694 1906 747 locum
1932 730 1950 753 ,
1982 707 2079 761 per
2112 690 2332 763 angelos
2354 702 2535 749 autem
2564 691 2952 764 splendentem.
2989 692 3275 748 Multitudo

1719 785 1864 840 enim
1896 786 2008 842 illic
2039 801 2145 842 non
2183 793 2330 841 tanta
2352 796 2553 857 quanta
2578 794 2662 842 est
2687 786 2986 842 stellarum.
3021 785 3080 843 Si
3128 787 3273 841 enim

1712 884 1770 930 et
1802 874 1989 936 multae
2022 883 2149 928 sunt
2176 875 2364 941 stellae,
2397 876 2489 931 sed
2518 875 2571 931 in
2604 877 3063 942 magnitudinibus
3085 885 3139 931 et
3161 890 3277 931 cor-

1713 964 1938 1035 poribus
1965 964 2275 1020 cottstitutae
2294 1004 2311 1031 ,
2353 965 2486 1021 locis
2515 967 2750 1035 indigent
2771 1008 2787 1033 ,
2813 976 2868 1021 et
2892 983 2958 1022 ex
3008 970 3275 1035 magnitu-

1717 1057 1845 1113 dine
1872 1056 1996 1113 coeli
2030 1056 2314 1112 multitudo
2337 1068 2680 1113 mensuratur
2699 1073 2908 1115 earuttt.
2929 1058 3113 1112 Tatttae
3129 1056 3275 1112 euius

1710 1160 1876 1213 sunt,
1918 1157 2149 1216 quantas
2176 1148 2324 1219 capit
2368 1157 2423 1204 et
2466 1149 2686 1205 coeittm.
2735 1150 2920 1218 Angeli
2956 1158 3132 1204 autem
3167 1162 3273 1203 non

1710 1239 1965 1311 indigent
1989 1240 2106 1296 loco
2127 1280 2144 1306 ,
2179 1242 2272 1296 sed
2305 1241 2455 1298 liberi
2486 1258 2517 1297 a
2570 1241 2702 1297 locis
2732 1242 2971 1296 viventes
3008 1252 3171 1307 sunt,
3219 1250 3276 1298 et

1709 1330 1764 1386 itt
1800 1330 2120 1386 alterutrum
2158 1340 2402 1401 agentes.
2437 1328 2555 1386 Non
2597 1333 2649 1387 iu
2690 1331 3006 1387 confusione
3049 1332 3275 1403 quippe,

1709 1436 1812 1478 nec
1837 1419 2204 1478 exsultatione
2249 1437 2509 1493 corporea
2535 1462 2551 1488 ,
2590 1423 2682 1478 sed
2735 1437 2947 1493 semper
2990 1424 3044 1478 in
3076 1421 3278 1480 lumine

1708 1521 1834 1569 sunt
1863 1529 1877 1566 :
1912 1513 2013 1582 ipsi
2038 1511 2220 1567 lumen
2254 1511 2396 1578 tale,
2433 1513 2621 1583 quales
2652 1520 2706 1568 et
2760 1523 2907 1568 sunt.
2955 1515 3110 1584 Apud
3158 1513 3279 1572 iilos

1708 1604 1853 1661 enim
1876 1619 1981 1660 non
2006 1619 2113 1659 nox
2147 1603 2215 1659 ad
2256 1602 2616 1660 relectionem
2646 1605 2877 1660 liabetur
2899 1646 2916 1672 ,
2942 1621 3046 1661 non
3072 1606 3188 1660 dies
3208 1603 3276 1659 ad

1709 1697 2195 1752 exsurrectionetn.
2222 1694 2448 1767 Semper
2476 1695 2621 1750 enim
2643 1693 2847 1751 babent
2876 1694 3051 1750 lumen
3072 1737 3089 1763 ,
3120 1704 3174 1749 et
3196 1694 3278 1749 iu·

322 1774 465 1830 Ξῑῑθῐῐῐ
494 1788 558 1828 0³
586 1788 708 1844 ‹1⁰ae
733 1788 894 1844 ⁸⁰P¹²
926 1771 1029 1829 5⁸¹⁸
1067 1781 1194 1828 ⁸⁰⁰⁸
1212 1810 1229 1837 ι
1254 1771 1465 1827 ”finon
1507 1784 1608 1841 ΡΠ·
1639 1761 1685 1818 Β
1716 1802 1841 1843 men
1881 1802 1987 1841 nou
2015 1787 2119 1843 boc
2148 1785 2291 1856 quod
2342 1786 2481 1857 apud
2509 1799 2608 1841 nos
2645 1795 2748 1842 est.
2778 1785 2894 1842 noc
2935 1786 3080 1842 enim
3106 1785 3278 1841 sensi·

325 1867 391 1922 ed
425 1880 531 1921 non
579 1863 1015 1921 contaminemus
1044 1873 1290 1919 sanctum
1317 1862 1465 1917 illum
1509 1875 1607 1918 an-

321 1960 570 2025 :borum;
607 1972 716 2013 non
749 1956 822 2012 sit
855 1956 926 2012 ibi
951 1954 1153 2011 semina
1173 1992 1191 2020 ,
1221 1954 1310 2011 ubi
1338 1952 1608 2011 successio

322 2064 355 2105 a
394 2063 500 2106 non
545 2057 651 2106 est.
684 2046 799 2103 Nou
840 2046 969 2118 quia
1008 2053 1313 2102 creaturam
1354 2059 1552 2101 accuso
1588 2062 1604 2100 ε

322 2139 460 2212 tique
486 2141 632 2196 enim
658 2136 891 2195 officium
945 2136 999 2194 in
1049 2151 1146 2194 sua
1199 2144 1390 2193 natura
1431 2134 1605 2206 jacetg

328 2230 524 2286 slatum
559 2240 739 2287 autem
766 2244 796 2284 a
839 2229 956 2286 suis
980 2228 1149 2296 loeis,
1192 2237 1250 2285 et
1297 2228 1608 2299 regionibus

343 2323 409 2379 ad
438 2337 598 2394 quam
624 2321 916 2379 constituta
943 2331 1027 2378 est
1047 2361 1066 2388 ,
1107 2331 1329 2379 revocat
1350 2320 1418 2378 ad
1450 2335 1513 2378 se
1532 2319 1610 2377 le·

321 2430 355 2470 e
377 2415 656 2469 virtutem.
681 2412 961 2481 Quomodo
988 2412 1133 2469 enim
1173 2410 1355 2469 decori
1385 2412 1439 2468 in
1472 2412 1607 2468 mari

321 2509 426 2562 ium
475 2504 706 2578 greges?
753 2505 1026 2577 quomodo
1068 2505 1279 2561 decorat
1315 2516 1442 2561 sunt
1485 2502 1610 2560 iilo-

319 2599 544 2654 teatibus
569 2595 845 2653 fluminum
867 2595 1301 2656 exsultationes?
1338 2594 1610 2668 quomodo

338 2692 518 2748 exitus
546 2688 813 2747 fontium?
854 2686 914 2745 Si
954 2699 1138 2745 autem
1162 2688 1399 2745 volueris
1437 2688 1606 2754 istos,

319 2782 626 2851 enelicium,
649 2797 716 2839 ex
742 2780 897 2853 aquis
923 2781 991 2837 ad
1016 2781 1308 2852 puritatem
1322 2780 1467 2837 aeris
1485 2780 1610 2836 edu·

319 2874 666 2946 perditionem
695 2873 923 2946 piscium
955 2871 1277 2927 benellcium
1308 2869 1399 2926 liet
1427 2880 1605 2928 tuum.

319 2966 378 3023 :is
407 2964 624 3036 quidem
673 2965 745 3021 sit
799 2962 887 3020 ubi
934 2971 1048 3030 est;
1091 2957 1609 3033 quidam'enim'in

320 3067 350 3114 Ιι
374 3058 568 3130 positi,
595 3065 651 3114 et
675 3058 787 3114 sint
812 3055 906 3113 ubi
947 3054 1027 3111 eis
1064 3066 1148 3111 est
1176 3056 1357 3111 datum
1388 3070 1404 3110 z
1434 3053 1524 3109 alii
1555 3054 1608 3110 in

319 3164 358 3203 ts
383 3158 438 3203 et
464 3148 519 3203 in
547 3147 783 3205 fontibus
821 3155 1047 3213 natant,
1079 3146 1204 3217 quia
1229 3161 1339 3201 non
1372 3145 1608 3216 indigent

319 3237 465 3292 :liciis
488 3238 555 3292 ad
585 3238 1080 3306 interemptionem.
1126 3235 1265 3304 Quid
1290 3236 1461 3308 ergo?
1484 3236 1610 3308 quia

320 3340 456 3397 aqua
482 3328 718 3398 piscibus
741 3368 760 3395 ,
785 3326 1119 3398 deponamus
1139 3328 1251 3383 illie
1272 3328 1610 3385 exsultantes

322 3432 402 3472 es.
429 3415 734 3473 Secundum
767 3420 931 3473 istum
959 3418 1122 3489 igitur
1147 3433 1482 3487 sermonem,
1499 3420 1610 3476 siut

317 3509 624 3567 tetrennina
654 3510 811 3567 utiles
865 3511 1006 3579 apud
1056 3524 1154 3566 nos
1186 3521 1239 3567 et
1281 3512 1608 3580 necessarii,

318 3616 332 3655 t
361 3612 540 3655 autem
575 3610 822 3656 naturam
852 3611 1042 3657 contra
1080 3609 1328 3657 naturam
1357 3616 1468 3658 non
1518 3601 1612 3659 de·

319 3730 334 3747 .
372 3692 431 3749 Si
461 3694 606 3748 enim
633 3693 925 3751 ascendere
945 3708 1054 3750 non
1085 3701 1262 3765 potest
1289 3701 1482 3749 natura
1530 3694 1612 3765 pi·

317 3800 424 3857 upra
445 3794 692 3841 naturam
711 3824 729 3853 ‚
758 3786 1026 3858 quomodo
1048 3800 1157 3841 non
1193 3784 1366 3857 magis
1400 3785 1612 3842 timebi-

333 3879 644 3951 angelorum
694 3889 942 3935 naturam
988 3880 1156 3935 verbo
1210 3877 1326 3933 ausi
1352 3874 1610 3933 fuerimus

317 3993 361 4037 ι,
380 3986 499 4044 quae
524 3985 630 4028 nou
664 3967 983 4027 descendit?
1008 3969 1159 4026 Alias
1181 3978 1359 4025 autem
1397 3977 1457 4024 et
1477 3965 1613 4024 nibil

317 4064 400 4121 liet
443 4079 475 4120 a
515 4064 704 4129 nobis,
759 4063 862 4121 nisi
902 4073 964 4120 ut
997 4062 1452 4133 blasphememus.
1499 4058 1613 4118 Nec

317 4157 326 4210 i
352 4155 678 4212 voluerimus
701 4156 810 4212 vim
839 4156 1020 4212 iacere
1044 4154 1120 4211 illi
1142 4164 1377 4220 uaturae,
1417 4166 1608 4225 perur-

346 4247 439 4303 sed
468 4246 546 4303 iili
576 4247 794 4318 quidem
816 4254 1036 4304 manent
1053 4245 1208 4301 liberi
1251 4245 1322 4302 ab
1364 4244 1471 4300 isto
1512 4243 1611 4299 lta·

316 4339 490 4395 iurati.
521 4339 710 4412 Neque
729 4339 874 4396 enim
905 4338 1176 4397 maseulus
1202 4351 1375 4409 neque
1409 4335 1607 4394 femina

1712 1878 2020 1938 bilitatibus
2049 1887 2417 1934 mensuratum
2445 1887 2566 1945 est,
2592 1876 2722 1934 illud
2763 1887 2942 1933 autem
2978 1876 3120 1932 aliud
3177 1875 3281 1932 aii-

1711 1970 1865 2044 qnid.
1888 1968 2031 2025 Nihil
2052 1983 2185 2025 sane
2204 1983 2301 2024 nos
2325 1969 2579 2040 probibet
2600 1969 2652 2024 in
2684 1967 2875 2025 iisdem
2898 1968 3031 2038 ipsis
3056 1982 3278 2039 compa-

1711 2062 2019 2122 rationibus
2050 2059 2313 2125 volutari,
2349 2060 2474 2130 quia
2497 2068 2553 2115 et
2579 2059 2817 2130 piscibus
2841 2059 3019 2115 lumen
3049 2058 3281 2114 babetur

1712 2171 1818 2212 non
1842 2162 2049 2210 tantum
2074 2158 2335 2223 quantum
2362 2159 2418 2206 et
2442 2149 2583 2221 apud
2612 2164 2729 2204 nos.
2755 2147 3105 2203 Commistum
3131 2146 3278 2205 enim

1712 2246 1843 2304 illud
1879 2253 1963 2302 est
1993 2243 2171 2299 lumen
2194 2281 2209 2308 ,
2239 2241 2383 2312 quod
2409 2239 2550 2312 apud
2598 2240 2778 2311 pisces
2810 2238 3039 2294 babetur
3078 2237 3276 2308 aquis;

1712 2348 1768 2393 et
1794 2336 1918 2392 ideo
1943 2349 2050 2390 nou
2088 2333 2162 2388 ita
2208 2332 2349 2388 sicut
2397 2330 2537 2401 apud
2587 2345 2688 2386 nos
2718 2337 3002 2399 permanet
3046 2343 3281 2398 purum,

1713 2426 1809 2485 sed
1839 2425 2021 2483 lumen
2067 2434 2123 2481 et
2160 2423 2271 2480 illic
2320 2431 2408 2479 est
2437 2440 2454 2477 ι
2484 2423 2732 2493 perlucet
2776 2418 2920 2476 enim
2968 2427 3026 2475 et
3076 2419 3150 2475 ibl
3182 2433 3283 2489 per

1714 2532 1888 2590 aquas
1919 2555 1938 2582 ,
1968 2516 2061 2571 sed
2086 2529 2193 2571 nou
2219 2521 2301 2571 est
2320 2514 2394 2570 ita
2425 2528 2618 2586 purum
2639 2520 2700 2568 ut
2743 2509 2922 2568 nobis.
2967 2508 3036 2566 Et
3083 2509 3129 2564 si
3158 2508 3282 2580 quis

1713 2608 2003 2683 aliqnando
2031 2608 2081 2662 vi
2111 2607 2301 2663 mersit
2326 2605 2382 2663 in
2407 2619 2576 2676 aquas
2595 2644 2612 2671 ,
2644 2604 2781 2660 etin
2810 2602 2967 2674 aquis
3004 2616 3133 2658 suos
3154 2616 3284 2674 ape-

1715 2704 1823 2759 ruit
1845 2700 2031 2759 oculos
2049 2739 2066 2765 ,
2099 2698 2235 2756 vidit
2253 2698 2453 2770 quippe
2473 2698 2615 2768 quod
2637 2696 2780 2769 apud
2827 2709 2929 2751 nos
2953 2701 3037 2751 est
3064 2694 3280 2762 lumen

1713 2795 1892 2861 videt,
1927 2783 2326 2863 iniquamss'boc
2355 2790 2564 2848 ciarum
2594 2788 2649 2845 in
2697 2788 2855 2858 aquis
2901 2786 3278 2858 caliginosum.

1719 2886 1948 2946 Utamur
1968 2889 2148 2939 autem
2187 2891 2243 2938 et
2263 2879 2371 2936 alia
2399 2878 2830 2949 comparatione.
2860 2876 3107 2932 Praesens
3133 2874 3280 2931 enim

1715 2975 1874 3034 istius
1907 2976 2053 3030 borae
2080 2972 2396 3029 constitutio
2417 2971 2790 3027 testimonium
2814 2966 3050 3024 sermoni
3080 2967 3282 3035 imper·

1719 3068 1833 3124 tiet.
1889 3064 2001 3122 lloe
2028 3064 2172 3135 quod
2217 3062 2359 3133 apud
2416 3075 2516 3116 nos
2545 3074 2741 3131 purum
2771 3066 2860 3114 est
2906 3057 3084 3112 lumen
3109 3074 3123 3109 =
3153 3053 3279 3125 qula

1717 3155 1860 3212 enim
1889 3155 2059 3209 nubes
2080 3151 2373 3207 adveniens
2405 3150 2652 3207 constitit
2674 3163 2837 3220 super
2864 3162 2987 3210 nos,
3019 3147 3173 3217 aquis
3194 3154 3281 3202 ut-

1715 3259 1840 3321 pote
1856 3245 2039 3317 plena;
2062 3259 2168 3300 non
2197 3241 2444 3313 permisit
2461 3250 2642 3296 autem
2666 3239 2772 3296 tale
2791 3238 2857 3295 ad
2877 3252 2976 3294 nos
2992 3237 3171 3293 lumen
3191 3251 3281 3293 ve·

1717 3343 1858 3408 nire,
1878 3338 2038 3411 quale
2054 3335 2170 3393 lteri
2187 3343 2243 3392 et
2266 3335 2475 3407 pridem
2496 3332 2830 3389 habebamus
2845 3330 2897 3386 in
2921 3328 3110 3386 oculis.
3123 3326 3282 3386 Aeris

1717 3428 1863 3488 enim
1881 3426 2097 3484 tristitia
2110 3425 2317 3497 pervisa
2335 3422 2570 3479 ostendit
2582 3429 2777 3491 quanta
2793 3419 3094 3483 immutatio
3103 3416 3280 3474 eidem

1718 3523 1818 3595 ipsi
1846 3519 2034 3577 lumini
2060 3520 2128 3573 ab
2153 3514 2449 3585 interjectis
2479 3512 2710 3571 nubibus
2729 3510 3033 3582 perficitur,
3059 3520 3119 3565 ut
3141 3510 3282 3577 apud

1718 3628 1838 3671 nos.
1865 3611 1923 3668 Si
1954 3620 2139 3667 autem
2173 3617 2442 3680 praecepto
2472 3605 2568 3664 Dei
2599 3605 2874 3662 evacuatis
2900 3603 3056 3674 aquis
3087 3600 3282 3672 iugata

1717 3705 1918 3762 luerint
1937 3705 2128 3767 nubes,
2143 3710 2199 3757 et
2218 3709 2411 3756 natura
2428 3697 2548 3770 ejus
2565 3705 2667 3764 est,
2687 3697 2877 3754 lterum
2896 3694 3049 3752 nobis
3064 3692 3283 3751 advenit

1719 3795 1924 3861 lumen,
1948 3809 2055 3850 non
2077 3792 2220 3848 aliud
2250 3792 2450 3863 quippe
2467 3789 2687 3854 iactum,
2706 3787 3103 3844 sedliberatttm
3134 3798 3281 3840 anu-

1715 3887 1865 3946 bium
1882 3884 2229 3956 permistione
2242 3926 2257 3949 ,
2279 3882 2436 3938 istam
2453 3896 2614 3954 quam
2630 3879 2823 3937 videtis
2840 3876 3279 3935 constitutionem

1716 3976 2061 4049 praebentem.
2104 3973 2246 4046 Ergo
2276 3971 2407 4029 etin
2449 3971 2607 4039 mari,
2636 3980 2689 4028 et
2723 3970 2776 4026 in
2802 3970 2959 4040 aquis
2980 3978 3099 4024 erat
3134 3966 3280 4023 aliud

1716 4067 1934 4134 lumen3
1981 4081 2088 4122 non
2120 4063 2347 4121 alterum
2379 4064 2575 4136 quippe
2603 4071 2819 4128 natura,
2853 4060 2947 4117 sed
2980 4060 3082 4116 sub
3109 4060 3280 4115 intro·

1717 4161 1967 4217 ductione
1997 4158 2224 4215 aliorum
2257 4156 2631 4229 caliginosum.
2684 4155 2762 4210 ita
2788 4161 2842 4209 et
2888 4152 3029 4224 apud
3074 4166 3170 4208 uos
3211 4163 3281 4207 ex

1716 4261 1985 4308 conventu
2014 4249 2233 4305 nubium
2264 4258 2321 4305 et
2360 4261 2621 4319 aquarum
2651 4247 2753 4302 boc
2779 4245 2980 4301 factum
3006 4254 3110 4309 est,
3138 4242 3282 4313 quod

1715 4342 1911 4398 videtis
1946 4356 2044 4411 per
2085 4340 2276 4400 nubes.
2325 4338 2629 4396 Secundum
2668 4339 2828 4394 istum
2874 4338 3037 4408 igitur
3074 4350 3281 4392 sermo-

316 4438 461 4498 ·est,
485 4444 541 4487 et
571 4447 679 4487 uon
720 4430 787 4487 de
816 4440 980 4487 terra.
1021 4430 1087 4487 Et
1116 4431 1258 4497 boe,
1297 4428 1434 4486 sorte
1465 4428 1606 4485 enim
1642 4466 1688 4523 D
1718 4446 1863 4497 nem,
1895 4440 1950 4487 et
2007 4445 2105 4502 per
2149 4444 2329 4487 aerem
2359 4439 2649 4501 penetrans
2680 4430 2858 4485 lumen
2901 4444 3006 4484 non
3047 4436 3131 4483 est
3177 4425 3283 4508 tale

315 4522 538 4579 nirabile
559 4522 689 4579 iilud
717 4523 955 4594 Apostoli
980 4524 1184 4580 dictum
1202 4562 1218 4590 ,
1245 4522 1369 4595 quia
1398 4528 1455 4579 et
1474 4521 1610 4592 apud

315 4630 409 4670 ura
461 4615 650 4671 statuit
691 4615 986 4672 masculum
1036 4631 1158 4673 esse
1204 4624 1262 4672 et
1321 4613 1610 4682 feminam,

315 4720 367 4763 :s
397 4707 541 4777 ipsos
563 4708 728 4776 tides,
756 4717 812 4764 et
838 4722 934 4777 per
984 4709 1142 4764 iidem
1185 4706 1493 4776 coniunctio
1533 4705 1614 4761 iu-

319 4795 374 4851 ln
404 4795 619 4853 Christo
639 4798 783 4854 enim
803 4837 819 4865 ,
849 4798 1056 4868 iuquit,
1084 4812 1188 4853 non
1217 4806 1301 4853 est
1323 4794 1613 4863 masculus,

315 4889 458 4944 tuina
491 4890 559 4947 ⁸⁸.
588 4889 647 4946 Si
683 4891 846 4962 igitur
876 4890 965 4948 ubi
1024 4906 1090 4947 ex
1132 4899 1320 4946 natura
1363 4899 1447 4947 est
1492 4903 1610 4946 ma·-

315 4985 335 5030 t
366 4977 601 5045 semina,
631 4981 685 5036 in
714 4979 930 5036 cbristo
960 4981 1193 5037 eflicitur
1220 4995 1393 5050 neque
1411 4994 1620 5035 mascu-

314 5080 354 5121 1e
381 5068 602 5136 femina,
627 5074 722 5126 sed
756 5071 986 5127 imitatio
1016 5072 1368 5144 angelorum:
1394 5085 1491 5125 cur
1511 5083 1616 5125 non

318 5157 574 5245 scipiguus
603 5162 831 5231 gratiam
887 5171 945 5216 ut
1005 5174 1376 5228 assumamur,
1421 5168 1516 5214 aut
1559 5169 1620 5214 ut

337 5251 650 5322 angelorum
695 5254 1023 5324 deponamus
1080 5254 1147 5309 ad
1190 5251 1471 5308 nostram?
1507 5247 1613 5307 Sed

313 5358 464 5399 amus
495 5348 883 5419 nosmetipsos,
932 5357 986 5403 et
1035 5346 1102 5402 ad
1137 5344 1412 5416 superiora
1464 5342 1612 5413 cogi·

313 5437 609 5493 ÷rducamus
632 5449 875 5496 nostrum
899 5481 916 5508 ,
955 5439 1021 5495 ad
1069 5436 1381 5509 angelorum
1411 5436 1618 5493 scilicet

313 5628 325 5642 .
349 5604 408 5648 ιιι
435 5629 450 5656 ,
482 5590 574 5648 28.

313 5725 387 5781 ts.
422 5729 589 5797 ipsum
619 5726 777 5782 solem
809 5723 1049 5795 inferius.

1716 4522 1876 4594 quale
1905 4536 1936 4578 a
1971 4522 2081 4579 sole
2127 4522 2410 4580 emittitur.
2459 4521 2516 4579 Si
2557 4522 2701 4579 enim
2752 4520 2986 4576 maxime
3029 4534 3096 4573 eo
3136 4517 3280 4588 quod

1719 4615 2033 4687 perspicuus
2061 4630 2157 4670 aer
2182 4615 2429 4680 babetur,
2461 4615 2591 4671 latet
2613 4614 2888 4685 permistio
2917 4634 2930 4670 ε
2958 4613 3051 4668 sed
3080 4612 3124 4668 si
3156 4609 3282 4684 quis

1718 4705 1948 4761 voluerit
1977 4707 2211 4779 cogitatu
2240 4706 2472 4773 evolare,
2511 4715 2568 4762 et
2595 4706 2741 4761 vetut
2778 4703 2831 4761 in
2874 4705 3030 4775 aquis
3059 4703 3279 4759 nubium

1719 4811 1778 4853 se
1811 4810 2091 4867 mergere,
2128 4807 2183 4855 et
2212 4798 2380 4853 nubes
2418 4796 2678 4862 transire,
2706 4806 2761 4853 et
2790 4795 2933 4852 aeris
2976 4793 3281 4867 permistio-

1719 4904 1841 4943 nem
1886 4889 2284 4955 transcendere,
2336 4887 2635 4958 pervidebit
2687 4886 3031 4959 purissimum
3077 4886 3278 4941 iumen.

1720 4979 1873 5036 Sicut
1899 4980 2043 5035 enim
2080 4979 2187 5036 boc
2214 4981 2355 5052 quod
2379 4980 2518 5052 apud
2553 4995 2651 5035 nos
2681 4989 2763 5034 est
2792 4978 2991 5043 lumen,
3045 4977 3280 5046 regioni-

1721 5071 1819 5126 bus
1839 5080 1896 5127 et
1915 5069 2103 5140 spatiis
2128 5078 2185 5127 et
2223 5070 2605 5127 offensionibus
2636 5085 2848 5140 semper
2870 5068 3128 5124 minuitur
3154 5082 3171 5122 ι
3205 5067 3279 5122 ita

1720 5160 1957 5227 rediens,
1985 5172 2041 5217 et
2084 5162 2151 5218 ab
2197 5164 2351 5234 aquis
2397 5162 2575 5218 lumen
2606 5161 2937 5233 abstergens,
2968 5170 3021 5216 et
3054 5174 3084 5213 a
3126 5158 3281 5213 nubi·

1720 5253 1818 5308 bus
1852 5263 1904 5309 te
1957 5268 2239 5325 separans,
2274 5264 2328 5308 et
2384 5270 2414 5309 a
2460 5255 2808 5325 permistione
2853 5253 2993 5308 aeris
3026 5252 3281 5319 liberans,

1723 5348 2111 5401 transcendens
2163 5353 2341 5400 autent
2399 5356 2454 5399 et
2506 5346 2659 5401 istius
2706 5345 2919 5401 luminis
2969 5343 3281 5414 puritatem,

1722 5435 1981 5506 relinquis
2029 5445 2085 5494 et
2129 5435 2302 5506 ipsutn
2350 5438 2518 5495 solum
2570 5435 2957 5509 inferiusffli).
2992 5435 3283 5494 Transieu}
