3692 6134
1161 337 1444 394 CONTRA
1482 336 1910 395 macutum
1949 334 2080 392 Lm.
2120 370 2162 392 ..

3193 339 3298 396 770

319 457 377 526 τῷ
403 454 571 526 μηδὲν
595 454 839 526 εἰρηκότι
868 452 1073 516 πλεῖον,
1101 452 1177 517 ὡς
1204 453 1367 516 αὐτὸς
1393 454 1615 524 γράφει,
1647 482 1694 539 Α
1722 453 2001 519 transiret,
2047 454 2101 508 in
2128 452 2356 509 ecclesia
2379 452 2804 509 concionaretur
2830 470 2845 508 ε
2873 455 3019 523 quod
3052 469 3112 511 se
3138 455 3300 511 santio

319 545 549 600 ττολικὸν
583 547 768 618 ῥητόν.
802 546 912 599 Καὶ
946 545 1042 599 νῦν
1085 544 1187 615 μὲν
1224 545 1317 597 δύο
1346 545 1502 609 θεοὺς
1532 545 1619 598 λέ·

319 638 558 692 Ξύσέὸιον
591 637 863 708 ὁμολογεῖ,
894 636 972 699 ὡς
991 636 1059 690 ἂν
1079 636 1171 691 τὸν
1201 637 1327 690 Υἰὸν
1350 635 1443 700 τοῦ
1479 636 1615 690 Θεοῦ

321 745 390 783 τα
422 730 519 782 σὺν
550 728 629 799 τῷ
663 728 871 800 Πατρί·
907 726 1112 799 προῖὼν
1143 729 1189 782 δ’
1226 729 1285 782 ὲν
1321 732 1432 792 τοῖς
1465 728 1614 797 ἑξῆς,

319 820 680 893 αλελησμένος
725 815 801 875 ὧν
844 821 1079 875 ἐνταῦθα
1110 821 1457 894 κατηγόρηκε
1476 861 1491 883 ,
1524 820 1617 876 τὸν

319 913 494 983 ’.ρᾶται
534 911 840 966 διαὸάλλειν
885 911 961 975 ὡς
996 910 1152 981 ψιλὸν
1195 911 1480 983 ἄνθρωπον
1526 912 1617 965 τὸν

319 1003 422 1058 [ναι
446 1004 692 1073 λέγοντα.
711 1002 869 1075 Ἑξῆς
884 1003 940 1056 δὲ
957 1006 1068 1067 τοῖς
1088 1003 1472 1075 προκειμένοις
1493 1004 1616 1057 ἑπι-

319 1095 514 1167 πολλήν
532 1111 652 1148 τινα
676 1096 771 1148 καὶι
789 1093 1008 1166 μακράν
1024 1094 1314 1166 φλυαρίαν,
1330 1094 1398 1148 τά
1412 1111 1471 1147 τε
1486 1094 1616 1147 ὄντα

319 1204 411 1242 ντα
422 1186 600 1257 ἐαυτῷ
615 1186 1018 1257 συνείρωνθόγ
1041 1187 1325 1256 μονονουχὶ
1339 1184 1480 1239 κατὰ
1492 1186 1617 1249 τοὺς

319 1318 334 1333 .
367 1279 442 1332 Τὰ
461 1279 634 1347 zelavi
663 1277 831 1347 ἡμῶν
851 1276 988 1345 παρ’
1011 1277 1156 1346 ἡμῖν
1168 1277 1321 1341 ἐστι,
1344 1277 1437 1342 τίς
1449 1274 1618 1345 ’ἡμῶν

319 1382 450 1430 στι;
504 1366 583 1418 Δι’
614 1360 689 1420 ὧν
729 1366 1034 1426 δείκνυται,
1081 1366 1266 1430 καθὼς
1318 1366 1616 1439 ἀρχόμενος

354 1458 806 1529 συγγράμματος,
853 1456 914 1523 ἐξ
939 1457 1384 1531 ὑπερθαλλούσης
1416 1457 1618 1530 ἔχθρας

320 1553 607 1623 σαδελφίας
638 1552 982 1622 ἐπιπηδήσας
1009 1553 1074 1621 τῇ
1108 1554 1315 1623 γραφῇ.
1356 1550 1616 1613 Μεταὸἀς

319 1645 460 1711 ἰτων,
515 1646 788 1717 Ἀστέριον
844 1640 1000 1707 αὖθις
1049 1643 1336 1714 τραγῳδεῖ,
1399 1641 1617 1714 μακρὰν

319 1758 336 1793 a
373 1739 469 1791 καὶ
513 1738 641 1808 περὶ
686 1735 852 1790 αὐτοῦ
881 1735 1156 1807 διήγησιν,
1203 1735 1351 1798 ὅπως
1382 1750 1443 1786 τε
1475 1734 1615 1786 ἀπο-

321 1836 362 1900 ),
395 1833 490 1885 καὶ
524 1832 635 1894 ποῖ,
679 1830 773 1882 καί
795 1829 956 1893 πότε,
1001 1828 1097 1881 καὶ
1127 1827 1266 1897 πρὸς
1294 1825 1465 1889 τίνας.
1508 1825 1618 1878 Καὶ
1648 1844 1692 1899 Β

346 1920 648 1991 ἀφέμενος,
678 1914 831 1982 αὖθις
878 1916 972 1971 ἐπὶ
1009 1916 1102 1969 τὸν
1138 1916 1232 1969 τοῦ
1265 1914 1401 1969 Θεοῦ
1443 1914 1613 1997 ἄνδρα

337 2013 622 2084 τρέπεται,
654 2011 828 2065 ταῦτα
863 2009 1091 2080 γράφων
1137 2009 1324 2071 αὐτοῖς
1367 2009 1608 2079 ῥήμασι·

340 2104 396 2156 δὲ
429 2105 542 2164 τοῖς
573 2104 758 2173 ῥητοῖς
787 2103 882 2155 καὶ
917 2103 946 2154 ό
975 2100 1168 2154 τούτου
1204 2098 1388 2170 πατὴρ
1433 2097 1614 2151 πειθό·

319 2189 588 2253 Παυλῖνος,
625 2188 795 2243 ταῦτα
831 2188 1010 2257 λέγειν
1043 2205 1103 2241 τε
1137 2188 1232 2242 καὶ
1261 2187 1494 2260 γράφειν
1515 2188 1614 2241 οὐκ

319 2280 428 2333 τοτὲ
468 2280 565 2350 μὲν
595 2279 847 2352 δεύτερον
872 2281 1005 2333 Θεὸν
1031 2279 1205 2349 λέγων
1237 2280 1329 2334 τὸν
1356 2279 1613 2352 Χριστὸν,

319 2370 429 2424 Ξτον
483 2370 974 2445 ἀνθρωπικώτερον
1036 2371 1395 2443 γεγεννῆσθαι
1446 2372 1610 2427 Θεόν·

320 2503 322 2510 ,
349 2461 442 2515 καὶ
475 2464 678 2533 κτίσμα
708 2465 869 2518 αὐτὸν
896 2460 1035 2518 εἶναι
1075 2464 1458 2537 διοριζόμενος.
1494 2465 1616 2518 Ὅτι

319 2555 345 2605 l'
374 2552 547 2617 οὕτως
589 2554 735 2624 ἔχει,
781 2557 877 2609 καὶ
928 2556 1066 2628 πρὸς
1109 2557 1260 2627 ἡμᾶς
1305 2572 1467 2619 ποτε,
1517 2555 1616 2627 τὴν

319 2659 370 2696 ιν
396 2641 567 2706 διῖὼν,
593 2643 795 2714 κτίσμα
812 2644 1059 2708 είναιτὸν
1086 2642 1317 2714 Χριστὸν
1333 2643 1561 2713 ἔφασκε.
1592 2662 1612 2696 ι

319 2751 347 2787 ν
387 2734 700 2805 μυθολογῶν
730 2735 998 2806 διελέχθαι
1034 2735 1115 2806 τῷ
1149 2735 1400 2806 Παυλίνῳ
1429 2736 1616 2805 φησίν.

319 2824 582 2880 διαὸάλλει
613 2827 703 2881 τὸν
747 2828 1037 2899 μακάριον,
1072 2827 1150 2891 ὡς
1195 2826 1350 2891 θεοὺς
1389 2826 1618 2891 πολλοὺς

319 2956 328 2982 ‚
363 2918 458 2973 καὶ
507 2918 818 2973 καταλιπὼν
852 2918 946 2972 τὸν
991 2919 1275 2983 Παυλῖνον,
1328 2917 1492 2974 πάλιν
1539 2916 1619 2988 τῷ

319 3012 560 3084 σχολάζει
617 3013 841 3083 φάσκων
861 3033 873 3045 ·
911 3034 930 3066 ι
967 3014 1123 3068 Οῦτω
1151 3013 1208 3067 δὲ
1239 3012 1335 3066 καὶ
1361 3012 1620 3075 Εὺσέὸιος

319 3106 639 3178 Καισαρείας
668 3108 913 3180 γέγραφε
956 3107 1049 3160 καὶ
1087 3105 1271 3170 αὐτὸς,
1316 3104 1416 3175 τὴν
1449 3104 1620 3176 αὐτὴν

1719 544 1995 601 audivisse
2027 543 2295 612 affirmat,
2353 553 2519 615 atque
2562 559 2631 599 ex
2687 545 3055 615 indignatione
3110 550 3301 604 scribit

1725 633 1825 706 [lt.
1864 633 2112 708 Lxxttt]
2143 654 2159 690 ε
2197 652 2217 685 ι
2251 635 2542 708 Apostolus
2578 635 2884 704 hujusmodi
2929 636 3296 694 testimonium

1728 742 1748 776 ι
1793 724 2109 781 Galatarum
2140 725 2266 781 lidei
2294 726 2544 795 perbibet
2572 744 2587 781 :
2620 727 2885 785 Eusebius
2914 738 3098 783 autem
3120 769 3136 794 ,
3171 746 3297 800 per·

1721 829 1742 864 ‹
1789 829 1949 868 verso
1968 829 2134 870 sensu
2161 815 2479 885 apostolico,
2505 830 2616 887 quo
2641 817 2865 888 scripsit
2899 835 2913 873 :
2942 818 2984 874 F
2990 818 3301 889 ilioli,qnos

1722 921 1744 955 ι
1790 906 1987 959 itcrutn
2017 906 2287 974 parturio,
2332 906 2508 962 donec
2542 906 2859 963 efformetnr
2889 911 2940 962 in
2968 908 3119 964 vobis
3146 909 3301 965 Curi-

1722 1013 1741 1045 ι
1789 1006 1928 1061 stus,
1958 994 2168 1053 Galatis
2196 998 2532 1054 obtrectatu·
2571 1007 2700 1064 est,
2754 1006 2811 1051 ut
2857 999 3036 1054 minus
3066 1010 3207 1056 recte
3232 1002 3300 1055 tle

1723 1102 1742 1134 ι
1788 1084 1898 1140 Deo
1960 1086 2346 1142 sentientibus.
2389 1106 2412 1139 ι
2472 1086 2636 1143 Certe
2705 1088 2958 1159 inquiens
3014 1092 3302 1159 parturivit

1718 1179 1975 1232 acci-bunt
2009 1180 2295 1247 quemdam
2331 1188 2389 1234 et
2434 1179 2878 1236 molestissimum
2923 1194 3140 1249 partum
3189 1194 3299 1238 tunt

1717 1282 1837 1322 cntn
1890 1269 2186 1324 resciverat
2212 1269 2463 1336 Galatas,
2508 1286 2615 1326 non
2647 1272 2741 1334 its.
2795 1282 2856 1330 ιιι
2897 1273 3034 1343 ipse,
3084 1275 3151 1330 de
3197 1275 3302 1331 tide

1716 1358 2013 1414 sta-tuisse:
2053 1366 2114 1424 »Β
2160 1377 2267 1415 nun
2331 1363 2470 1418 duas
2526 1364 2864 1421 substautias
2919 1365 3250 1423 confitentes
3281 1405 3299 1434 ,

1718 1464 1822 1503 non
1845 1466 1932 1506 res
1968 1452 2102 1507 tluas
2127 1462 2182 1508 et
2202 1455 2496 1523 potentias,
2537 1470 2646 1511 non
2679 1456 2816 1512 duos
2848 1457 2982 1512 cleos
3005 1471 3306 1527 agnoscen-

1718 1551 1817 1597 tes.
1843 1541 1979 1599 Nota
2008 1545 2139 1599 unni
2178 1557 2364 1602 autent
2393 1557 2600 1617 quanto
2625 1562 2750 1603 cum
2781 1548 2906 1605 selle
2929 1560 2985 1605 et
3005 1550 3304 1607 acerbitate

1717 1633 2051 1688 convicietur
2082 1635 2153 1704 ei,
2189 1638 2281 1705 qui
2326 1638 2466 1693 nibil
2510 1652 2737 1707 prorsus
2776 1640 2828 1695 in
2852 1642 3054 1711 scripta
3095 1641 3300 1709 retulit,

1717 1734 1915 1792 praetcr
1979 1726 2126 1780 nuda
2187 1727 2572 1798 ipsissimaque
2612 1730 2858 1800 Apostoli
2909 1734 3095 1799 verba,
3141 1733 3302 1806 idque

1716 1814 1883 1869 etiam
1913 1818 2030 1885 ipso
2056 1816 2276 1873 favente
2300 1831 2642 1877 accusatore.
2666 1822 2736 1877 Et
2764 1824 2942 1880 adbuc
2969 1827 3064 1895 qui
3096 1824 3304 1883 fatetur

1718 1907 1822 1962 boc
1851 1908 1906 1962 iu
1933 1909 2055 1963 loco
2091 1907 2388 1966 Eusebium
2435 1913 2573 1968 duos
2620 1915 2754 1969 deos
2803 1917 3066 1984 profiteri,
3107 1928 3300 1987 utputa

1713 1998 1804 2067 qui
1852 2013 1975 2054 cum
2003 1997 2169 2056 Patre
2212 2016 2333 2066 suo,
2388 2018 2493 2057 una
2550 2014 2608 2060 et
2634 2005 2832 2060 Filium
2881 2021 3097 2076 quoque
3127 2007 3299 2066 Deui-

1716 2100 1976 2159 agnoscat
2002 2104 2147 2156 esse,
2176 2107 2410 2162 pergens
2440 2109 2605 2163 porro
2628 2096 2680 2151 in
2713 2099 3098 2168 sequentibus,
3132 2103 3300 2159 veluti

1715 2180 1798 2234 sui
1839 2181 2062 2246 oblitus,
2111 2192 2168 2238 et
2228 2186 2623 2251 accusationis,
2660 2200 2892 2243 conatur
2936 2192 3188 2247 eumdem
3244 2201 3303 2249 et

1715 2272 2061 2339 calumniari,
2085 2275 2232 2345 quod
2267 2275 2473 2331 nudum
2507 2288 2717 2333 tantum
2765 2280 3038 2336 bominem
3073 2281 3306 2339 alllrntet

1715 2381 1837 2423 esse
1887 2367 2193 2425 Christum.
2233 2370 2545 2428 Antedictis
2583 2375 2827 2429 annectit
2864 2375 2918 2429 in
2949 2377 3305 2446 sequentibus

1718 2453 2072 2530 multiplicem
2113 2471 2170 2517 et
2208 2448 2426 2533 longam
2469 2464 2762 2534 qnamdam
2816 2467 3302 2539 vaniloquentiam,

1716 2548 1864 2605 entia
1895 2559 1952 2606 et
1975 2566 2080 2607 non
2098 2552 2244 2607 entia
2269 2554 2635 2624 aggregando,
2664 2566 2872 2610 tanturn
2892 2571 3000 2614 ιιοιι
3026 2559 3096 2617 ad
3112 2573 3302 2615 eorunt

1718 2655 1924 2697 morem
1949 2643 2044 2713 qui
2065 2644 2220 2698 aiunt
2245 2642 2448 2699 :Labie
2469 2656 2647 2699 nostra
2673 2662 2827 2712 penes
2848 2650 3107 2718 nosipsos
3133 2660 3260 2706 aunt
3279 2665 3302 2705 .·

1716 2738 1891 2806 eequis
1938 2737 2105 2790 nostri
2147 2737 2456 2792 dominatur
2490 2739 2582 2794 ⁸⁸?
2640 2739 2777 2797 lline
2811 2752 3097 2813 ·apparct,
3157 2746 3302 2816 quod

1720 2829 1939 2883 memini
1968 2829 2262 2899 scripsisse
2312 2844 2398 2886 nte
2432 2831 2501 2887 ab
2540 2831 2699 2887 initio
2737 2836 2952 2905 operis,
3009 2836 3079 2891 ab
3112 2835 3302 2894 hostili

1720 2920 2000 2975 inimicitia
2024 2932 2080 2977 et
2108 2921 2352 2979 fraterno
2372 2924 2495 2979 odio
2524 2924 2958 2983 adscribendum
2986 2930 3304 2999 prosiluisse

1718 3009 2053 3068 Marcellum.
2092 3011 2230 3068 ilinc
2261 3014 2542 3081 digressus
2569 3015 2626 3071 in
2661 3016 2938 3072 Asterium
2967 3020 3145 3077 denuo
3186 3033 3301 3077 tra-

1720 3104 1841 3173 gice
1890 3104 2243 3175 ampullatur,
2297 3107 2438 3163 bene
2468 3107 2688 3178 longam
2740 3108 2810 3164 de
2860 3108 2953 3164 illo
3010 3112 3303 3173 instituens

319 3192 516 3267 αυλίνῳ
537 3213 596 3249 τε
620 3198 714 3251 καὶ
742 3199 854 3260 τοῖς
881 3194 1081 3261 ἔξωθεν
1115 3195 1246 3266 περὶ
1273 3194 1409 3248 Θεοῦ
1442 3192 1619 3261 δόξαν.
1649 3196 1694 3258 C
1726 3195 2118 3250 narrationem.
2144 3194 2342 3251 Narrat
2362 3201 2635 3265 quomodo
2659 3198 2865 3267 passim
2900 3204 3301 3272 peregrinetur,

319 3302 352 3339 ·ε
381 3286 514 3359 γὰρ,
540 3288 641 3359 οὐχ
678 3288 754 3351 ὡς
784 3288 937 3352 δντος
970 3288 1133 3359 μόνου
1162 3284 1319 3351 Θεοῦ,
1352 3285 1467 3342 ἀλλ’
1502 3286 1623 3351 ἑνὸς

319 3376 375 3431 οῦ
411 3379 573 3451 μόνου
605 3377 861 3451 ἀληθινοῦ
906 3379 1067 3435 Θεοῦ.
1102 3379 1266 3435 Ὅθεν
1295 3379 1479 3435 τοίνυν
1513 3396 1622 3452 μα-

319 3470 355 3525 ιὶ
387 3473 416 3524 ὁ
475 3470 753 3543 Ἀστερίου
798 3471 982 3544 πατὴρ
1025 3471 1293 3537 Παυλῖνος
1326 3471 1624 3545 νεωτέρως

319 3559 441 3618 εἶναι
469 3563 626 3636 ᾤετο.
658 3584 678 3618 ι
706 3564 816 3619 Καὶ
847 3565 907 3619 ἐν
937 3562 1150 3630 τούτοις
1175 3564 1233 3619 δὲ
1256 3566 1334 3630 ὡς
1362 3562 1501 3619 θεῶν
1538 3562 1626 3619 δό-

319 3670 513 3724 γοντας
568 3656 833 3720 αἰτιᾶται,
888 3654 1225 3727 ἀρνούμενος
1289 3654 1454 3719 αὐτὸς
1522 3652 1626 3727 τὴν

319 3744 403 3800 τοῦ
453 3745 607 3802 Υίοῦ·
660 3747 757 3802 καὶ
794 3746 1172 3820 παραθέμενος
1211 3747 1315 3821 τὴν
1360 3746 1624 3804 maceston

319 3836 502 3909 οίησιν,
535 3840 614 3904 ὡς
648 3839 749 3894 οὐκ
771 3857 840 3912 ην
867 3838 1035 3896 αὐτοῦ
1075 3840 1110 3911 ἡ
1140 3838 1236 3895 τὸν
1272 3839 1496 3913 Πατέρα
1527 3840 1626 3913 μό-

322 3928 411 3983 νὸν
438 3930 571 3985 Θεὸν
606 3930 934 3986 διδάσκουσα
961 3931 1138 4003 φωνὴ,
1165 3930 1261 3986 τοῦ
1286 3931 1344 3986 δὲ
1371 3932 1624 4004 Σωτῆρος

319 4019 528 4091 ηκότος,
555 4021 659 4075 ἵνα
681 4020 1024 4091 γινώσκωσι
1045 4036 1120 4076 σε
1142 4022 1251 4076 τὸν
1268 4023 1464 4092 μόνον
1485 4021 1626 4091 ἀλη-

319 4111 446 4166 εόν·
497 4113 592 4167 καὶ
658 4112 779 4185 μεθ’
827 4115 990 4187 ἕτερα
1047 4112 1373 4186 προστίθησι
1428 4111 1621 4181 λόγων·

319 4204 464 4257 τόθεν
498 4206 629 4276 ἡμῖν
669 4206 734 4257 ὲκ
765 4203 876 4258 τῶν
911 4203 1071 4261 θείων
1099 4204 1424 4278 δυνήσονται
1453 4203 1625 4272 δεῖξαι

319 4338 323 4354 .
376 4296 460 4350 ὅτι
493 4290 574 4361 εἷς
622 4297 721 4369 μὲν
755 4297 1072 4368 ἀγέννητος,
1112 4291 1193 4360 εἷς
1238 4296 1297 4351 δὲ
1343 4295 1627 4367 γεννητὸς,

319 4386 374 4441 οὶ
409 4387 766 4459 γεγεννῆσθαι
809 4389 972 4442 αὐτὸν
1004 4386 1466 4455 πεπιστεύκασιν;
1499 4385 1624 4442 οὔτε

1722 3284 1837 3351 ubi,
1860 3284 2099 3357 quantulo.
2145 3296 2201 3342 et
2239 3285 2310 3340 ad
2349 3300 2487 3356 quos
2531 3287 2647 3343 itet.
2689 3287 2924 3344 Dimisso
2954 3290 3022 3345 de
3052 3294 3301 3352 titanibus

1723 3374 1919 3432 iteruin
1940 3376 2054 3441 illo,
2079 3378 2131 3432 in
2150 3377 2432 3433 Paulinum
2450 3377 2627 3433 denuo
2647 3381 3003 3445 convertitur,
3025 3382 3297 3441 bominem

1723 3464 1839 3531 Dei,
1873 3466 2059 3524 verbis
2097 3467 2322 3523 totidem
2350 3467 2599 3524 scribens
2619 3466 2709 3540 [tt.
2738 3468 2982 3543 xxxttt]
3018 3489 3037 3527 ε
3074 3490 3094 3525 ι
3137 3473 3301 3530 Dictis

1729 3573 1750 3608 ι
1790 3556 1942 3613 bisce
1964 3558 2158 3615 ductus
2183 3560 2415 3630 etbujus
2437 3567 2612 3628 pater,
2641 3558 2920 3629 Pattliuus,
2955 3578 3062 3618 non
3085 3574 3302 3620 veretur

1728 3666 1753 3701 ι
1793 3649 2026 3707 diotiset
2041 3652 2257 3723 scriptis
2277 3652 2522 3722 proliteri
2551 3652 2820 3714 interdum
2832 3653 3111 3711 Christum
3129 3654 3298 3714 Deum

1729 3757 1751 3793 ι
1794 3754 1919 3797 esse
1971 3742 2167 3798 ordine
2232 3743 2572 3809 secuntlmm
2642 3743 3004 3815 eumdemque
3061 3748 3300 3806 buntano

1727 3848 1750 3885 ι
1795 3847 1945 3887 more
1972 3831 2141 3888 Deunt
2162 3836 2400 3905 genitum
2431 3852 2447 3891 ε
2476 3836 2747 3891 interdum
2791 3852 2921 3893 vero
2964 3840 3301 3898 determinat

1728 3941 1748 3976 ι
1796 3923 1944 3980 illum
1966 3940 2089 3982 csse
2116 3936 2439 3983 creaturam.
2474 3927 2641 3999 lthue
2694 3930 2771 3985 ita
2815 3941 2875 3986 ut
2902 3946 3025 3989 esso
3058 3944 3297 3997 constet,

1729 4032 1751 4068 ι
1802 4016 2081 4071 sciendum
2120 4028 2207 4073 est
2233 4017 2383 4073 illum
2413 4019 2646 4090 Ancyrae
2676 4020 2954 4077 nobiscum
2990 4036 3297 4081 versantem

1729 4123 1749 4158 ι
1789 4104 2122 4175 aliquando,
2172 4107 2449 4165 Christum
2502 4112 2830 4182 praedicasse
2874 4126 3189 4172 creaturam
3223 4136 3238 4174 z
3269 4136 3292 4172 ι

1725 4214 1893 4272 seque
1927 4216 2050 4257 cum
2078 4213 2145 4257 eo
2173 4200 2364 4258 iniisse
2406 4202 2824 4272 disputationem
2860 4208 3141 4263 mentitur.
3192 4209 3300 4263 Ac-

1725 4301 1888 4348 cusat
1912 4291 2135 4363 insuper
2166 4291 2312 4350 bunc
2341 4291 2560 4349 beatum
2587 4296 2793 4363 virum,
2819 4299 2973 4367 quasi
2999 4300 3133 4354 deos
3163 4300 3299 4354 rnul-

1728 4390 1814 4438 tos
1844 4384 2146 4440 statuisset.
2178 4383 2389 4440 Relicto
2411 4385 2627 4442 demum
2652 4386 2895 4452 Paulino,
2921 4390 3117 4445 iteruin
3138 4401 3298 4446 vacat

320 4477 420 4544 ὧν,
456 4478 579 4533 οὔτε
617 4479 1039 4550 εὐαγγελιστῶν,
1082 4478 1118 4551 ἢ
1150 4480 1464 4534 ἀποστόλων
1510 4477 1622 4551 (27)
1727 4474 2681 4550 Eusebioexagitando,inquiensssl.
2702 4478 3134 4553 Lxijuuoc
3156 4484 3296 4539 itlettt

320 4571 604 4643 ίρηκότων.
649 4591 667 4623 ι
705 4568 818 4626 Εἶθ’
846 4571 1036 4643 ὥσπερ
1064 4570 1124 4626 ἐν
1154 4570 1337 4634 ἄθλοις
1375 4571 1621 4642 ἀπογρα-

323 4665 459 4735 ὀμοῦ
492 4666 596 4736 πρὸ
607 4684 624 4729 ;
645 4666 887 4727 ἃπαντας
913 4663 1422 4735 διαπληκτίσασθαι,
1455 4678 1620 4734 μετα-

320 4757 343 4810 't
373 4758 463 4811 τὸν
494 4758 825 4830 Νάρκισσον,
860 4756 953 4811 καί
1000 4772 1200 4827 φησιν·
1247 4776 1266 4808 ι
1305 4756 1468 4809 ’Ὥστε
1518 4754 1623 4810 κᾶν

319 4866 393 4913 τις
417 4851 590 4920 λέγοι,
614 4851 1038 4916 κατασκευάζων
1065 4848 1282 4922 πρῶτον
1305 4844 1446 4903 εἶναι
1467 4847 1622 4913 Θεὸν,

319 4943 522 5015 ὅτερον,
573 4944 650 5009 ὡς
696 4945 1006 5014 Νάρκισσος
1056 4943 1245 5007 αὑταῖς
1298 4940 1477 5005 λέξεσι
1528 4938 1624 5007 γέ·

346 5127 548 5193 Paris..
574 5143 694 5197 pag.
729 5126 821 5182 27.
919 5126 964 5158 ⁰⁸
982 5124 1125 5181 Psal.
1147 5141 1220 5189 χι,
1247 5125 1302 5179 5.

322 5286 484 5354 αυτῷ
539 5287 855 5356 συνείρων.
904 5285 1067 5341 Forte
1119 5285 1202 5349 είς
1251 5282 1384 5339 αὐτὸ
1433 5283 1615 5337 συνεί-

319 5389 376 5402 -
394 5360 512 5413 Μιικ
542 5360 699 5427 vulgo
723 5357 894 5410 ἔσται.

319 5435 465 5499 ὶπως
490 5445 554 5482 τε
573 5426 884 5495 ἀποδημεῖ.
916 5425 1028 5480 lloc
1050 5434 1132 5479 est
1163 5424 1308 5494 qnod
1334 5423 1471 5488 dixi,
1493 5439 1617 5478 cur·

319 5503 537 5555 sterium
565 5514 581 5552 τ
614 5498 815 5573 ρεμδόν
846 5508 899 5551 et
934 5496 1348 5567 περιφοιτητήν,
1375 5498 1518 5562 ιμιιιιι
1553 5509 1619 5548 ne

322 5573 503 5625 nasius
535 5569 859 5623 observavit.
903 5566 1239 5637 Περιήρχετο
1271 5564 1371 5627 τὰς
1421 5565 1479 5618 ὲν
1520 5564 1620 5643 zu:

347 5640 443 5704 τὰς
490 5638 654 5703 ἄλλας
695 5636 1018 5707 ἐκκλησίας,
1059 5651 1166 5691 etc.
1224 5638 1441 5695 ltertnn,
1483 5635 1619 5687 Θεου

319 5713 472 5766 tlinus
492 5722 596 5774 est,
625 5711 803 5763 tninus
841 5709 1014 5760 nmlns
1041 5721 1202 5773 qunnt
1231 5705 1433 5758 (sueri.
1459 5702 1526 5756 M.
1549 5733 1619 5744 —

325 5799 392 5852 go
437 5798 559 5850 γεγ.
600 5779 731 5834 Θεὸν
763 5797 822 5832 π.
851 5778 907 5830 δὲ
952 5776 1047 5829 καὶ
1093 5791 1178 5828 κτ.
1204 5789 1259 5830 et
1295 5773 1368 5838 ὡς
1409 5774 1540 5837 Θεός
1570 5785 1623 5829 ct

1736 4584 1756 4618 ι
1796 4570 2017 4637 scripsit
2043 4579 2100 4624 et
2129 4570 2393 4626 Eusebius
2413 4570 2785 4636 Caesariensis,
2829 4576 3076 4629 eatndem
3109 4576 3299 4632 fovens

1731 4675 1751 4710 ι
1797 4675 1923 4713 cunt
1957 4658 2182 4715 Paulino
2213 4672 2269 4717 et
2293 4675 2323 4716 a
2365 4663 2470 4717 lide
2508 4662 2703 4717 alienis
2730 4664 2797 4718 tle
2823 4664 2929 4719 Deo
2962 4665 3294 4735 opinionem.

1732 4768 1752 4802 ι
1799 4749 2034 4820 Scripsit
2079 4751 2261 4818 euim,
2297 4767 2403 4808 non
2448 4754 2601 4823 quasi
2651 4763 2795 4809 esset
2820 4754 2970 4810 solus
3005 4756 3165 4824 DeuS,
3200 4763 3293 4815 sc.l

1733 4861 1754 4894 ι
1801 4858 1941 4899 unus
1990 4854 2138 4900 esset
2180 4860 2344 4901 verns
2373 4846 2524 4903 solus
2560 4848 2719 4903 Deus.
2775 4847 2926 4904 Unde
2966 4849 3191 4905 edoctus
3241 4863 3299 4906 et

1732 4956 1752 4990 ι
1797 4938 1996 4993 Asterii
2034 4948 2185 5009 pater
2222 4936 2500 5008 Paulinus,
2548 4938 2795 5008 juniores
2843 4943 3110 5012 quosdam
3165 4946 3299 5000 deos

1722 5278 1894 5335 Παυλ.
1919 5294 1981 5330 τε
2007 5275 2145 5348 ἔχων
2169 5288 2222 5333 et
2248 5277 2399 5344 ὄντος
2430 5278 2590 5351 μόνου
2618 5280 2711 5334 τοῦ
2736 5290 2792 5335 et
2818 5280 2913 5335 καὶ
2949 5280 3095 5332 Ἀστ.

1793 5351 1906 5419 (27)
1946 5345 2118 5414 Vulgo
2165 5347 2197 5419 ἢ
2240 5349 2433 5403 ἀποστ.
2467 5364 2518 5403 et
2569 5348 3005 5423 ἀπληκτίσασθαι
3052 5359 3101 5402 et
3154 5345 3296 5401 ὥστε

1725 5419 1825 5490 μὲν
1858 5420 1903 5471 ὲ.
1930 5434 1979 5471 τ.
2008 5416 2154 5485 λέγοι
2182 5417 2332 5487 (ὥστ’
2359 5422 2460 5473 οὐκ
2495 5420 2562 5474 ἄν
2600 5420 2721 5492 8.),
2769 5435 2932 5492 port-o
2985 5418 3139 5485 vulgo
3188 5420 3293 5497 elz:

1721 5486 2621 5613 53³⁹.”‡;{58t.⁶;.‘-'3253225‘33:33²
2637 5508 2810 5625 0⁰2⁰&ss
2841 5506 2967 5612 2'22'5
2996 5493 3298 5626 .¹'.¹·.'i.⁸1-'.i{3

1723 5583 1855 5683 εἶτα.
1881 5627 1980 5698 μὲν
2016 5643 2067 5681 τ.
2084 5598 2186 5681 ἕνα
2218 5593 2280 5681 Θ.
2306 5600 2361 5682 εί
2401 5603 2649 5693 κακεῖνος
2692 5642 2740 5682 et
2788 5579 2961 5700 όχτὴν
3000 5626 3122 5681 ὲλπ.
3146 5666 3162 5693 ,
3206 5637 3300 5705 ⁸¹2²·

1726 5715 1889 5786 nupt-e
1948 5697 2102 5767 vulgo
2151 5698 2496 5769 ὁμολογοῦντι
2518 5740 2533 5765 ,
2588 5700 2939 5772 μεμψάμενός
2990 5714 3056 5767 γε
3098 5711 3153 5752 et
3204 5714 3302 5754 νυν

1726 5786 1909 5824 aava.
