3692 6134
832 276 1339 335 comOEN'rAtttA
1379 275 1445 334 ΙΝ
1485 277 1743 338 ΙὸΑίΑΜ.
1782 310 1852 322 -
1887 278 2041 336 cAt‘.
2082 277 2222 334 XX!-

3034 277 3142 332 222

319 393 875 464 χοντες,ᾰνασ·ι-.άσατε
904 395 1151 469 θυρεούς.
1174 416 1193 449 ι
1224 397 1299 451 Τὸ
1332 414 1470 469 προ·
1497 399 1547 458 A
1572 407 1894 471 surgentes,
1927 399 2225 470 principes,
2244 397 2467 469 arripite
2488 397 2727 468 clypeos.
2758 417 2778 452 ι
2799 397 3141 463 Medos,l·3la-

319 499 367 536 ια
403 484 535 558 πρὸς
556 486 685 551 τοὺς
715 486 931 558 Μήδους
956 489 1051 543 καὶ
1076 489 1202 553 τοὺς
1241 487 1460 560 Ἐλαμί-

319 573 429 639 τοὺς
448 574 703 646 πρέσδεις
720 576 828 630 τῶν
852 577 1078 649 Περσῶν
1096 578 1457 644 ἀποτείνεται,

322 666 614 738 παρορμῶν
642 667 838 733 αὐτοὺς
863 669 957 722 ἐπὶ
982 668 1074 724 τὸν
1109 669 1248 725 κατὰ
1278 670 1458 726 Βαόυ-

319 774 369 812 ν.
408 756 500 811 Διὸ
523 756 601 822 ὡς
628 759 764 830 πρὸς
790 760 988 826 αὐτούς
1012 777 1176 834 φησιν
1194 779 1208 793 ·
1246 782 1264 815 ι
1286 763 1457 818 Ἑτοί-

319 847 508 916 πεζαν,
536 849 762 919 φάγετε,
786 870 807 904 ι
845 852 941 906 καὶ
969 852 1039 908 τὰ
1065 854 1213 926 ἑξῆς.

320 937 467 996 εἶπε
494 940 701 1015 Κύριος
730 945 871 1018 πρὸς
898 945 967 1018 μέ
985 963 1002 979 ·
1030 947 1262 1013 Βαδίσας
1298 965 1459 1002 σεαυ-

1566 488 1755 556 milas.
1777 499 1835 547 et
1864 488 2158 547 Persarum
2206 490 2417 561 legatos
2464 488 2756 560 compellat
2791 490 3139 560 propheticus

1566 581 1812 651 spiritus,
1832 583 2082 639 excitans
2112 596 2208 638 eos
2232 582 2302 638 ad
2330 580 2530 637 bellum
2562 590 2757 638 contra
2786 580 3114 653 Babylonios

1562 673 1748 742 Quare
1782 674 1940 744 quasi
1971 674 2038 729 ad
2076 672 2197 730 illos
2223 674 2355 730 talia
2387 672 2559 739 latur,
2623 691 2644 725 ι
2687 672 2937 744 Praepara
2979 687 3139 727 rnen·

1564 778 1703 832 sam,
1744 763 2040 830 comedite,
2072 782 2092 817 ι
2119 773 2175 821 et
2195 743 2420 820 c'aetera.

1637 947 1807 1006 Vsus.
1841 946 1965 1004 6-8.
2006 947 2278 1017 Quoniam
2327 947 2406 1004 sic
2451 946 2590 1003 dixit
2617 946 2873 1001 Dominus
2905 946 2973 999 ad
3023 960 3131 1011 me,

319 1031 456 1098 ιπὸν,
488 1034 585 1088 καὶ
605 1033 637 1089 ὅ
664 1034 761 1090 ἑὰν
784 1035 921 1110 idne,
962 1037 1305 1109 ἅνάγγειλον.
1351 1040 1460 1094 Καὶ
1564 1041 1847 1099 Proiectus
1873 1052 2053 1098 statue
2087 1042 2180 1097 tibi
2212 1041 2633 1112 speculatorem,
2663 1049 2721 1095 et
2735 1039 2877 1109 quod
2907 1039 3133 1102 videris,

320 1147 322 1152 ·
363 1128 551 1193 ἱππεῖς
603 1125 717 1194 δύο,
752 1128 847 1183 καὶ
874 1129 1153 1203 ἁναδάτην
1189 1131 1335 1197 δνου,
1366 1131 1459 1186 καὶ
1564 1134 1841 1192 renuntia.
1874 1133 1943 1189 Et
1968 1132 2080 1189 vidi
2124 1147 2368 1189 sessores
2399 1133 2612 1203 equites
2656 1132 2814 1197 duos,
2860 1145 3134 1187 sessorem

324 1216 437 1272 λου·
492 1217 787 1290 ’Ᾰκρόασαῑ
816 1221 1079 1293 ἀκρόασιν
1114 1221 1333 1296 πολλὴν,
1363 1224 1457 1280 καὶ
1562 1227 1727 1295 asini,
1778 1235 1836 1284 et
1870 1241 2141 1284 sessorem
2201 1226 2422 1282 cameli.
2465 1224 2606 1280 Audi
2632 1222 2967 1281 auditionem
2997 1223 3135 1278 mul-

319 1311 433 1374 ἐἰς
460 1310 561 1382 τὴν
580 1312 833 1369 mdv-
857 1331 879 1366 ι
905 1313 1189 1388 Σημεῖαδὲ
1212 1316 1305 1371 καὶ
1326 1315 1457 1388 σύμ·
1556 1331 1693 1388 tam,
1726 1329 1787 1377 et
1816 1334 1953 1377 voca
1981 1318 2169 1376 Uriam
2207 1320 2274 1374 ad
2305 1318 2603 1390 speculam.
2630 1335 2650 1370 ι
2704 1315 2868 1389 Signa
2909 1329 3044 1370 vero
3081 1322 3138 1368 et

326 1402 426 1473 τῆς
450 1401 559 1457 τῶν
584 1403 857 1478 ’Φλεβῶν
887 1406 1265 1482 παρατάξεως,
1298 1401 1374 1464 ὧν
1399 1411 1447 1463 οἱ
1555 1412 1804 1487 symbola
1835 1414 1956 1470 haec
1984 1422 2138 1467 erant
2176 1412 2315 1466 aciei
2353 1410 2727 1474 inimieorum,
2756 1423 2989 1481 quorum
3041 1407 3136 1462 alii

319 1510 381 1546 nv
407 1492 689 1566 ὀχούμενοι
712 1495 971 1570 ἐπῄεσαν,
998 1499 1049 1555 ol
1074 1497 1133 1554 δὲ
1158 1493 1250 1556 ἐπὶ
1278 1518 1445 1556 νωτο-
1554 1503 1810 1560 curribus
1834 1502 1978 1559 vecti
2010 1502 2313 1568 irruebant,
2367 1500 2463 1556 alii
2496 1498 2762 1570 iumentis
2800 1498 3050 1555 sarcinas
3079 1505 3136 1552 ot

324 1602 392 1638 τα
425 1585 558 1657 πρὸς
580 1587 767 1660 Χρείας
792 1589 1139 1664 “turbu-mot.
1178 1611 1199 1645 ι
1220 1593 1446 1666 ’Δκρόα-
1554 1603 1921 1671 commeatum
1954 1596 2210 1665 agebant.
2265 1613 2283 1646 ι
2313 1593 2454 1649 Audi
2494 1591 2828 1647 auditionem
2883 1589 3131 1652 multam,

319 1675 492 1749 θλλῆν,
516 1679 609 1733 καὶ
630 1679 857 1738 κάλεσον
879 1681 1083 1758 Οὐρίαν
1100 1685 1182 1750 εἰς
1202 1685 1302 1758 τὴν
1322 1703 1452 1740 σκο-
1554 1698 1612 1746 et
1632 1703 1767 1745 voca
1810 1688 2000 1745 Uriam
2044 1688 2109 1742 ad
2159 1686 2430 1758 speculam
2454 1701 2471 1753 ;
2497 1703 2518 1737 ι
2575 1683 2831 1740 videlicet
2864 1696 3009 1747 eam,
3063 1680 3133 1735 de

323 1770 543 1842 ἥδεσθαί·
571 1773 872 1844 μέλλω-’ων
884 1775 1097 1845 ἔπειτα,
1126 1777 1163 1849 ἢ
1181 1778 1281 1849 τὴν
1305 1778 1457 1831 stm-
1486 1765 1528 1821 Β
1556 1799 1665 1855 qua
1684 1794 1875 1852 postea
1900 1797 2104 1847 sermo,
2137 1785 2250 1838 sive
2274 1782 2524 1847 leaenam,
2567 1779 2684 1837 sive
2717 1777 2866 1834 Ariel
2923 1790 3126 1842 evoca·;

319 1863 426 1935 Άὴλ
476 1864 723 1933 κάλεσαι,
774 1867 925 1933 ἕως
970 1870 1067 1924 καὶ
1089 1869 1255 1931 αὐτὸς
1282 1867 1453 1922 ἐλθὼν
1558 1883 1624 1928 ut
1653 1886 1714 1929 et
1745 1876 1863 1944 ipse
1886 1875 2114 1928 veniens
2135 1890 2164 1927 a
2197 1873 2537 1942 speculatore
2559 1872 2831 1937 videatur,
2862 1870 3130 1940 propbeta

319 1953 331 2003 5
358 1952 593 2028 θεαθείη,
634 1957 730 2012 τοῦ
761 1959 1046 2029 προφήτου
1077 1956 1197 2027 ἅμα
1226 1956 1306 2027 τῷ
1331 1973 1460 2010 uo-
1562 1966 1695 2020 item
1734 1978 1858 2019 eum
1891 1963 2234 2032 speculatore
2266 1978 2372 2016 una
2423 1962 2815 2030 conspiciente.
2856 1961 2952 2017 lile
2997 1975 3130 2014 vero

323 2045 383 2099 ‘0
418 2046 475 2099 δὲ
507 2048 790 2120 σημαίνων
828 2048 981 2117 λέγει
1007 2046 1076 2101 τὰ
1117 2045 1263 2118 ἑξῆς·
1296 2041 1461 2118 Οἶμαι
1562 2055 1880 2126 speculator
1905 2067 2134 2108 monens
2157 2053 2440 2122 sequentia
2479 2051 2629 2106 dicit.
2658 2051 2756 2106 llis
2793 2062 2970 2104 antem
3000 2059 3134 2119 pute>

320 2137 567 2192 αίνεσθαι
588 2138 691 2210 τῆς
732 2139 1035 2212 Ἀσσυρίων
1057 2138 1332 2211 βασιλείας
1362 2139 1460 2210 τὴν

319 2245 457 2284 οεσιν
485 2227 623 2284 Θεοῦ
666 2229 850 2302 κρίσει
872 2229 1189 2303 γενομένην.
1237 2230 1380 2284 ’Δντὶ
1404 2229 1459 2284 δὲ

319 2342 333 2374 ι
367 2322 397 2375 ὁ
422 2322 522 2395 μὲν
558 2321 809 2390 ’Δκύλας,
846 2341 867 2375 ι
892 2321 1099 2389 λέοντα,
1132 2341 1153 2375 ι
1182 2321 1288 2378 ὀδὲ
1314 2321 1457 2395 Σύμ-

319 2429 453 2479 ιαν,»
488 2416 520 2469 ὀ
553 2413 612 2468 δὲ
653 2413 968 2481 Θεοδοτίων,
1022 2431 1045 2467 ε
1065 2412 1268 2486 ’Δριὴλ,
1295 2434 1314 2467 ι
1363 2413 1451 2483 ἐξ·

342 2505 517 2559 τοίνυν
548 2505 752 2578 Οὐρίαν
770 2505 1052 2577 ὠνόμασεν
1068 2521 1085 2538 ·
1110 2505 1233 2560 tr-at
1271 2505 1448 2580 οὐδὲὴ

335 2595 711 2669 ἐμνημόνευσε
736 2595 831 2651 τοῦ
861 2595 1056 2669 Οὐρία.

333 2688 492 2759 ἔστην
523 2688 818 2754 διαπαντὸς
841 2688 1074 2770 ἡμέρας,
1103 2689 1199 2743 καὶ
1229 2689 1324 2743 ἐπὶ
1345 2690 1447 2762 τῆς

319 2797 395 2852 την
423 2779 549 2853 ὅλην
582 2781 682 2853 τὴν
719 2782 910 2836 νύκτα.
938 2799 956 2833 ι
988 2781 1245 2856 Είστήκει
1265 2784 1448 2839 τοίνυν

319 2891 326 2934 ,·
356 2873 473 2946 ἅμα
488 2873 567 2945 τῷ
589 2875 796 2947 σκοπῷ,
832 2877 1151 2949 καραδοκῶν
1185 2877 1283 2951 τὴν
1320 2878 1447 2949 μέλ-

326 2966 660 3038 ὀφθήσεσθαι
690 2966 811 3037 ὄψιν
864 2966 959 3022 τοῦ
992 2967 1202 3033 λέοντος
1232 2971 1327 3024 καὶ
1348 2970 1447 3042 τῆς

334 3061 391 3116 ’Δ
402 3061 544 3135 ριήλ.
591 3062 1041 3138 Διακαρτερήσας
1070 3062 1129 3116 δὲ
1158 3061 1250 3117 τὸν
1268 3064 1445 3118 πάντα

319 3153 359 3207 tl.
394 3153 487 3208 τὸν
527 3152 627 3224 τῆς
679 3153 871 3218 νυκτὸς
912 3152 1124 3225 χρόνον,
1180 3153 1439 3224 ἐπιλέγει·
1470 3117 1515 3175 c

319 3243 371 3306 bc
397 3241 636 3314 ἔρχεται.
667 3258 685 3292 ι
727 3238 822 3305 Τίς
849 3239 907 3294 δὲ
935 3231 1111 3306 οὗτος,
1134 3239 1169 3312 ἢ
1202 3239 1442 3312 δηλονότι

319 3332 450 3406 pedi<
498 3332 781 3405 ξυνωρίδι;
816 3332 907 3386 Διό
932 3349 1100 3404 φησι·
1143 3352 1161 3385 ι
1186 3332 1297 3387 Καὶ
1332 3332 1441 3387 ἰδοὺ

319 3428 402 3482 καὶ
431 3427 708 3499 ἀναὸάτης
734 3425 1041 3499 ξυνωρίδος.
1082 3445 1102 3479 ι
1123 3426 1220 3491 Τίς
1268 3426 1326 3481 δὲ
1353 3418 1443 3480 οὔ·

323 3522 525 3594 ιμωρός
550 3539 632 3586 τις
672 3520 918 3591 ἄγγελος,
946 3521 1014 3576 δι’
1042 3514 1103 3575 οὗ
1130 3519 1199 3575 τὰ
1221 3521 1319 3593 τῆς
1346 3538 1444 3575 πο-

319 3612 606 3677 Ιαδυλῶνος
633 3612 821 3685 ἔμελλε
873 3611 1241 3686 πληροῦσθαι;
1292 3613 1446 3684 Τάχα

319 3701 660 3776 »μαζόμενος,
686 3705 719 3777 ἢ
764 3707 857 3760 καὶ
886 3706 1049 3769 αὐτὸς
1077 3706 1282 3769 ἐκεῖνος
1307 3707 1337 3759 ὀ
1366 3705 1444 3770 ὡς

319 3814 349 3861 ,·,
374 3798 467 3850 καὶ
497 3797 813 3868 περιπατῶν
843 3796 1019 3869 ζητῶν
1039 3797 1162 3851 τίνα
1177 3797 1442 3870 καταπίῃ.

324 3904 414 3952 νος
430 3887 592 3943 αὐτὸν
613 3888 644 3941 ὀ
672 3887 975 3960 προφήτης,
1003 3886 1240 3941 συνεῖδεν
1267 3888 1344 3952 ὡς
1373 3904 1446 3941 τι-

319 3980 544 4050 ἄγγελος
571 3981 671 4051 τὴν
702 3981 803 4052 τῆς
830 3980 1147 4044 Βαὸυλῶνος
1170 3979 1444 4035 ἀπώλειαν

342 4071 538 4143 ὲπιὸοᾷ
577 4070 752 4140 λέγων
771 4087 786 4102 ·
827 4089 845 4122 ι
872 4070 1156 4134 Πέπτωκε,
1191 4070 1445 4124 πέπτωκε

319 4163 471 4218 τάντα
498 4161 565 4216 τὰ
587 4162 878 4232 ἀγάλματα
901 4161 1092 4233 αὐτῆς,
1121 4162 1215 4216 καὶ
1240 4161 1309 4216 τὰ
1337 4179 1449 4232 χει-

1562 2144 1859 2219 significari
1885 2143 2236 2216 Assyriorum
2267 2157 2520 2211 regnum,
2547 2141 2750 2211 judicio
2783 2140 2874 2194 Dei
2893 2140 3131 2196 funditus

1559 2253 1835 2298 eversum.
1865 2235 1975 2294 Pro
2003 2237 2097 2291 illo
2124 2245 2331 2297 autem,
2363 2253 2382 2286 ι
2413 2232 2623 2299 Uriam,
2650 2251 2668 2285 ι
2721 2230 2939 2301 Aquila,
2973 2251 2991 2284 ι
3024 2232 3122 2286 leo-

1556 2346 1704 2398 nem,
1748 2349 1770 2383 ι
1823 2328 2210 2402 Symmachus,
2239 2345 2261 2377 ι
2297 2325 2549 2388 leaenam,
2582 2341 2600 2374 ι
2633 2322 2953 2388 Theodotio‚
3002 2340 3020 2373 ι
3061 2325 3130 2375 A·

1554 2422 1678 2490 riel,
1704 2442 1726 2477 ι
1752 2419 1943 2478 edidit.
1971 2419 2143 2477 Nemo
2172 2418 2337 2490 igitur
2373 2415 2560 2474 Uriam
2593 2414 2918 2471 memoravit
2947 2435 2959 2471 :
2996 2429 3130 2485 quo-

1548 2515 1699 2572 niam
1733 2529 1836 2571 nec
1858 2513 2124 2570 Hebraica
2155 2528 2258 2569 vox
2287 2510 2474 2569 Uriam
2503 2510 2773 2565 nominat.

1544 2715 1549 2720 ·
1622 2691 1791 2750 Vens.
1817 2692 1874 2749 9.
1916 2709 1937 2743 ι
1967 2689 2035 2745 Et
2055 2688 2233 2746 dixit:
2264 2689 2406 2746 Steti
2441 2697 2552 2744 tota
2582 2687 2690 2755 die,
2727 2695 2785 2742 et
2834 2686 2886 2740 in
2926 2683 3125 2739 castris

1548 2787 1675 2843 steti
1707 2793 1819 2842 tota
1847 2795 2030 2841 nocte.
2067 2803 2085 2837 ι
2117 2782 2282 2839 Stetit
2315 2797 2449 2851 ergo
2476 2780 2738 2852 propheta
2780 2793 2902 2834 cum
2930 2790 3127 2845 specu-

1548 2876 1743 2942 latore,
1775 2885 2104 2947 exspectans
2137 2874 2374 2929 suturam
2404 2871 2550 2926 illam
2596 2871 2887 2935 visionem,
2921 2869 3123 2929 leonis,

1545 2967 1630 3025 vel
1665 2968 1871 3035 leaenoe,
1901 2967 1988 3021 vel
2019 2965 2189 3022 Ariel.
2220 2963 2353 3020 Cum
2383 2972 2570 3019 autem
2619 2970 2732 3016 toto
2782 2962 2889 3016 diei
2924 2969 2978 3014 et
3026 2975 3126 3013 no·

1548 3062 1652 3117 ctis
1685 3070 1931 3132 tempore
1955 3044 2303 3129 perstitisset,
2338 3055 2544 3120 subdit,
2574 3073 2593 3106 ι
2631 3054 2698 3108 Et
2717 3067 2845 3108 ecce
2888 3054 3000 3120 ipse
3031 3064 3127 3103 ve·

1551 3152 1651 3207 nit.
1686 3170 1706 3204 ι
1737 3148 1872 3217 Quis
1902 3148 1990 3204 ille
2025 3158 2203 3203 autem
2249 3154 2358 3211 est,
2398 3145 2506 3201 nisi
2538 3140 2687 3198 Ariel
2715 3142 2839 3213 biga
2890 3140 3124 3198 vectus?

1551 3245 1731 3311 Quare
1752 3243 1851 3308 ait,
1904 3260 1925 3294 ι
1956 3241 2022 3296 Et
2046 3255 2178 3296 ecce
2220 3240 2336 3310 ipse
2387 3236 2560 3302 venit,
2613 3247 2874 3289 ascensor
2909 3233 3065 3302 bigae.
3098 3251 3120 3284 ι

1552 3334 1685 3402 Quis
1710 3348 1842 3390 vero
1868 3343 1988 3389 erat
2019 3331 2134 3397 ille,
2165 3331 2266 3387 nisi
2296 3329 2443 3385 ultor
2467 3326 2692 3398 quidam
2740 3324 2987 3395 angelus,
3023 3338 3122 3377 cu·

1546 3430 1636 3501 jus
1661 3443 1823 3500 opera
1852 3425 2143 3496 Babylonis
2170 3423 2385 3480 obsidio
2417 3419 2747 3491 perficienda
2787 3417 2952 3472 erat?
2983 3413 3117 3470 For-

1554 3531 1698 3577 tasse
1730 3518 1879 3575 Ariel
1918 3517 2119 3573 dicitur
2143 3515 2230 3571 vel
2270 3514 2414 3570 idem
2443 3513 2559 3583 ipse
2592 3511 2684 3581 qui
2716 3508 2874 3581 qnasi
2911 3508 2994 3564 leo
3031 3523 3127 3560 ru-

1552 3610 1707 3681 giens
1728 3609 1928 3664 circuit
1954 3618 2206 3677 quaerons
2238 3618 2402 3674 quem
2430 3605 2676 3659 devoret.
2733 3601 2799 3654 Et
2831 3615 2962 3654 sane
2993 3615 3123 3653 con-

1552 3710 1739 3771 specto
1782 3699 1896 3765 illo,
1926 3696 2190 3768 propheta
2223 3695 2499 3752 intellexit
2530 3710 2676 3759 eum,
2727 3703 2914 3764 utpote
2955 3707 3122 3762 ange-

1553 3794 1665 3848 lum
1698 3792 1951 3859 ultorem,
1977 3788 2269 3861 Babylonis
2314 3788 2538 3844 exitium
2580 3801 2917 3859 procurare:
2951 3799 3122 3856 quare

1549 3887 1824 3943 exclamat
1849 3884 1936 3940 bis
1958 3882 2167 3945 verbis,
2198 3901 2219 3935 ι
2248 3881 2479 3946 Cecidit,
2510 3881 2708 3937 cecidit
2752 3877 3014 3950 Babylon,
3066 3887 3122 3931 et

1549 3979 1732 4035 omnia
1770 3975 2059 4031 simulacra
2100 3975 2240 4046 ejuS,
2284 3983 2343 4029 et
2385 3974 2692 4029 manufacta
2734 3971 2853 4039 ejus
2883 3970 3120 4026 contrita

1550 4078 1680 4126 sunt
1727 4068 1783 4123 in
1841 4076 2068 4122 terram.
2116 4085 2137 4119 ι
2193 4066 2331 4120 Nam
2377 4064 2531 4136 quasi
2557 4063 2611 4119 id
2646 4077 2912 4135 peragere
2938 4064 3122 4129 jussus

1552 4170 1695 4218 esset
1726 4158 1904 4225 Ariel,
1947 4158 2094 4215 hanc
2119 4159 2326 4214 emittit
2354 4157 2622 4226 propheta
2651 4171 2838 4211 vocent
2864 4173 2875 4207 :

318 4257 640 4330 ςσυνετρίδη
681 4259 758 4322 είς
797 4257 896 4329 τὴν
915 4258 1039 4329 γῆν.
1066 4277 1087 4309 ι
1126 4257 1216 4320 Ὦς
1261 4255 1372 4329 γὰρ
1428 4255 1602 4312 ταῦτα
1644 4256 1851 4330 πρᾶξαι
1889 4253 2310 4325 κεκελευσμένου
2350 4251 2444 4306 τοῦ
2477 4250 2684 4324 Ἀριὴλ,
2729 4249 2928 4318 ταύτην
2972 4247 3121 4319 ἠφίει

319 4354 549 4425 ροφήτης
576 4370 591 4384 ·

331 4446 381 4499 οί
401 4444 882 4516 καταλελειμμένοι
902 4445 994 4498 καί
1024 4445 1075 4498 οί
1097 4443 1445 4516 ὀδυνώμενοι,
1476 4446 1528 4509 1)
1625 4440 1791 4496 Vens.
1830 4435 1918 4489 to,
1955 4451 1974 4484 ι
2005 4429 2202 4487 Audite
2236 4429 2332 4501 qui
2366 4430 2609 4487 derelicti
2636 4431 2793 4495 estiS,
2820 4442 2872 4486 et
2902 4435 2994 4502 qui
3020 4434 3121 4490 do-

319 4552 470 4591 ιουσα
515 4534 669 4609 παρὰ
714 4536 921 4609 Κυρίου
959 4535 1210 4601 Σαὸαὼθ,
1243 4538 1273 4589 ὁ
1309 4536 1441 4602 Θεὸς

319 4627 588 4698 νήγγειλεν
630 4628 776 4699 ἡμῖν.
802 4646 822 4680 ι
859 4629 926 4680 ‘A
952 4626 1060 4700 γὰρ
1094 4629 1217 4699 ἐμοὶ
1237 4627 1445 4682 ἀπεκά-

319 4719 346 4773 ,t
374 4721 501 4790 ὑμῖν
522 4718 777 4789 ἐξέφηνεν
807 4720 883 4783 ὡς
906 4718 971 4773 δι’
989 4718 1270 4791 ἑρμηνέως
1283 4718 1438 4791 ἐμοῦ.

319 4808 404 4879 τῆς
442 4809 759 4880 Ἰδουμαίας.
786 4811 931 4880 Πρὸς
957 4811 1057 4880 ἐμὲ
1112 4811 1268 4865 κάλει
1294 4810 1445 4883 παρὰ

319 4902 519 4957 ,άσσετε
543 4902 811 4969 ἐπάλξεις.
838 4922 859 4954 ι
898 4904 1079 4956 Ἐοικε
1096 4903 1153 4957 δὲ
1181 4907 1293 4968 τοῖς
1321 4907 1446 4958 ἐαυ-

326 4998 356 5050 ὀ
382 4995 514 5058 Θεὸς
546 4997 884 5066 προσφωνεῖν
915 4993 1087 5064 λέγων
1106 5012 1120 5025 ·
1171 5014 1190 5047 ι
1216 4996 1359 5067 Πρὸς
1390 4998 1445 5048 ὲ-

319 5103 336 5141 ι
362 5085 454 5140 τοῦ
487 5087 681 5158 Σηείρ·
713 5104 733 5139 ι
777 5087 939 5150 «τοὺς
964 5106 982 5137 ι
1022 5086 1131 5160 γὰρ
1176 5107 1193 5138 ι
1219 5087 1445 5157 φεύγον-

322 5179 508 5251 Σηεὶρ,
533 5198 552 5231 ι
612 5176 752 5231 κατὰ
778 5178 903 5242 τοῦς
930 5178 1147 5243 λοιποὺς
1184 5180 1449 5250 ἑρμηνευ-

322 5271 350 5324 k
384 5270 558 5336 κάλει,
585 5290 603 5321 ι
637 5269 821 5340 φησίν.
851 5269 1017 5342 Σηεὶρ
1047 5269 1103 5324 δὲ
1128 5270 1370 5324 ἐκαλεῖτο
1389 5274 1447 5325 ὲν

319 5378 364 5425 »ς
392 5360 488 5415 τοῦ
520 5357 712 5421 Ἠσαῦ,
753 5358 813 5412 ὲν
837 5351 882 5427 ᾧ
921 5360 1256 5430 συνειστήκει
1284 5359 1448 5413 αὐτοῦ

320 5452 610 5522 νωρίζεται
650 5450 709 5503 δὲ
758 5452 869 5515 τοῖς
929 5449 1241 5521 ἐπιχωρίοις
1284 5450 1448 5502 είσέτι

322 5544 448 5601 αλού
455 5560 632 5616 μενον.
670 5542 795 5606 Τοῖς
819 5537 914 5596 οὗν
933 5540 1204 5609 ἁγωνιῶσι
1225 5539 1317 5593 τὸν
1342 5540 1450 5594 ἀπὸ

319 5657 339 5692 ν
371 5637 531 5707 φόόον
567 5637 796 5706 φάσκει·
826 5633 971 5705 Πρὸς
1000 5631 1099 5703 ἐμὲ
1124 5631 1449 5697 σπουδάζον-

340 5736 466 5804 παρ’
497 5731 617 5805 ἐμοὶ
675 5729 948 5802 γενόμενοι
1012 5725 1309 5798 φυλάσσετε
1355 5725 1448 5792 τὰς

1555 4529 1677 4586 letis
1700 4526 1905 4588 audite,
1938 4537 2060 4591 quae
2097 4521 2278 4577 audivi
2327 4535 2358 4576 a
2410 4519 2639 4577 Domino
2667 4522 2932 4589 Sabaoth,
2981 4526 3123 4582 Deus

1551 4620 1716 4678 lsrael
1747 4613 2091 4673 annuntiavit
2115 4614 2289 4668 nobis.
2322 4631 2342 4665 ι
2382 4611 2511 4679 Qua».
2562 4613 2708 4668 enirn
2741 4613 2830 4669 ille
2863 4616 3124 4672 revelavit

1553 4713 1709 4778 mibi,
1739 4713 1931 4768 eadem
1963 4706 2114 4762 vobis
2143 4720 2228 4761 me
2262 4706 2563 4777 interprete
2594 4707 2914 4767 declaravit.

1629 4802 1789 4859 Vsus.
1819 4803 1908 4857 ll.
1944 4819 1963 4853 ι
1994 4798 2142 4856 Visio
2171 4797 2438 4854 ldumaeae.
2482 4799 2560 4854 Ad
2600 4816 2687 4854 me
2717 4816 2845 4856 voca
2872 4802 2942 4856 dc
2976 4803 3121 4857 Seir.

1551 4896 1835 4956 Custodite
1865 4893 2293 4966 propugnacula,
2323 4912 2341 4946 ι
2381 4892 2553 4949 Notos
2586 4909 2715 4949 suos
2745 4894 2946 4962 alloqui
2978 4894 3122 4948 Deus

1551 4991 1767 5046 videtur
1796 4989 1883 5044 his
1918 4986 2122 5053 verbis,
2173 5003 2192 5037 ι
2230 4985 2312 5040 Διί
2350 5000 2435 5040 me
2473 5000 2606 5041 voca
2648 4986 2715 5041 de
2740 4987 2897 5043 Scir:
2937 5005 2957 5039 ι
2994 5002 3117 5040 nam

1555 5101 1574 5135 ι
1607 5080 1879 5152 fugientes
1908 5078 1975 5134 de
2003 5077 2149 5142 Seir,
2182 5095 2200 5129 ι
2240 5077 2536 5132 secundum
2565 5077 2807 5149 reliquos
2852 5081 3120 5145 interpre-

1555 5184 1656 5241 ωε,
1688 5192 1707 5226 ι
1738 5175 1806 5229 ad
1851 5187 1939 5228 me
1969 5185 2128 5237 voca,
2159 5189 2179 5223 ι
2218 5171 2417 5239 inquit.
2452 5171 2576 5228 Seir
2612 5183 2790 5229 autem
2823 5169 3118 5224 vocabatur

1554 5267 1608 5321 in
1636 5265 1836 5320 Arabia
1870 5277 2026 5317 nions
2060 5262 2219 5327 Esau,
2274 5263 2327 5317 in
2376 5279 2483 5333 quo
2532 5264 2718 5319 stabat
2760 5262 2874 5330 cjns
2927 5261 3118 5330 regia:

1554 5357 1826 5425 hodieque
1854 5367 2018 5411 notus
2052 5354 2244 5411 incolis
2270 5365 2354 5412 est
2396 5359 2585 5413 eodem
2635 5356 2853 5410 nominc
2879 5352 3120 5423 appella-

1556 5461 1665 5504 tus.
1707 5448 1778 5504 lis
1812 5448 2000 5517 itaque
2042 5462 2108 5503 cx
2147 5445 2397 5504 idumaeis
2438 5450 2530 5519 qui
2578 5454 2722 5500 metu
2772 5443 3120 5509 laborabant,

1552 5543 1650 5606 ait,
1687 5558 1707 5591 ι
1735 5539 1814 5595 Ad
1835 5553 1920 5593 mc
1946 5539 2264 5595 festinantes
2281 5540 2480 5605 venite,
2506 5546 2702 5593 etcum
2729 5537 2796 5590 ad
2828 5550 2911 5592 mo
2937 5547 3122 5592 acces-

1554 5630 1760 5697 scrttis,
1802 5631 2064 5686 custodite
2099 5628 2497 5701 propugnacula
2531 5634 2702 5683 vestra
2733 5642 2745 5680 ι
2783 5643 2804 5677 ι

1486 5727 1691 5786 ἑαυτῶν
1721 5725 1973 5793 ἐπάλξεις
1997 5742 2008 5754 ·
