3692 6134
149 321 254 378 709

1278 315 1555 372 CONTRA
1596 313 2026 371 MARCELLUM
2068 313 2194 370 [ΑΒ.
2235 316 2275 372 Ι.

3307 321 3416 381 ‘tto

145 437 279 511 ίστη
303 453 317 466 ·
354 435 415 489 τὸ
443 434 501 489 δὲ
539 433 743 508 ταύτης
769 434 941 489 αἴτιον
969 432 1130 505 ζῆλος
1173 434 1267 488 καὶ
1315 433 1545 504 φθόνος·
1588 433 1627 488 ἃ.
1674 431 1732 486 δὲ
1760 442 1807 500 Α
1838 432 2302 500 mentum,odium
2325 431 2625 489 fraternum
2644 433 3040 506 suppeditavit:
3061 436 3208 508 quod
3235 435 3412 509 ipsum

145 629 288 684 quas
322 609 662 666 Mithridates
688 620 745 666 et
779 609 1180 665 Ariobarzanes
1216 625 1244 663 a
1277 612 1512 664 navibus
1539 608 1725 664 abstu-

152 689 328 742 lerant
356 681 754 752 AEgyptiorum.
786 679 981 735 Turcae
1004 690 1201 736 vocant
1220 681 1425 749 Auqur,
1452 688 1506 735 ut
1531 679 1721 733 obser·

152 767 241 808 vat
267 752 626 821 Busbequius,
661 751 755 820 qui
801 752 986 805 ruinas
1026 749 1173 806 illius
1213 751 1366 805 urhis
1405 748 1722 814 illustravit,

151 825 277 880 inde
309 822 572 878 translato
593 823 646 877 in
670 822 937 891 Europam
964 819 1216 891 exemplo
1238 818 1565 884 tabularum,
1598 819 1720 887 qui-

151 898 254 951 bus
287 894 514 948 indicem
546 906 726 946 rerum
759 908 789 944 a
834 906 893 945 se
923 905 1199 963 gestarum
1234 894 1511 960 Angustus
1546 888 1726 943 suerat

152 965 483 1035 complexus.
517 962 900 1018 Erat-Galatia!
928 963 1148 1030 primae,
1180 969 1237 1014 ιιι
1277 961 1531 1029 deinceps
1568 959 1720 1012 dice·

153 1038 331 1098 batur,
366 1031 678 1102 metropolis
712 1050 727 1086 ι
757 1042 813 1086 et
831 1031 1064 1085 hahebat
1082 1029 1184 1086 sub
1218 1045 1276 1085 se
1310 1030 1593 1097 episcopos
1622 1041 1720 1081 vttt

153 1105 545 1174 suffraganeos.
584 1101 821 1157 Praeerat
845 1102 1020 1156 eidem
1062 1100 1307 1155 ecclesiae
1342 1113 1463 1152 cum
1512 1099 1721 1167 episco-

156 1186 279 1247 patu
311 1174 409 1229 sub
441 1172 759 1228 Constantio
792 1172 1006 1226 Caesare
1041 1169 1322 1224 Marcellus
1354 1187 1369 1222 ι
1398 1169 1462 1223 de
1505 1182 1613 1237 quo
1666 1168 1720 1220 in

155 1248 321 1300 rebus
350 1244 733 1298 Athanasianis
780 1251 836 1296 et
872 1241 1259 1296 certaminibus
1286 1239 1537 1292 Arianeis
1574 1236 1717 1304 apud

154 1317 303 1370 illum
335 1315 548 1368 Patrem
579 1313 836 1383 frequens
867 1312 1090 1365 mentio.
1117 1310 1221 1364 Sed
1260 1309 1306 1364 is
1329 1319 1384 1362 et
1424 1318 1551 1362 ante
1579 1306 1721 1361 Con-

153 1385 337 1440 stantii
370 1385 439 1438 itn
482 1383 690 1446 crium,
739 1382 829 1436 diu
877 1380 1049 1434 eidem
1100 1379 1403 1449 praefuerat,
1452 1380 1551 1433 sub
1578 1376 1720 1432 Cou-

153 1455 413 1510 stantino.
444 1481 462 1505 t
493 1468 576 1505 am
609 1453 750 1506 inter
775 1462 1023 1514 caeteroS,
1049 1452 1136 1519 qui
1163 1450 1392 1504 concilio
1432 1448 1721 1516 Ancyrauo

151 1526 518 1593 subscripsere
541 1562 556 1586 ,
587 1531 705 1591 post
746 1521 976 1575 Vitalcm
1026 1521 1389 1588 patriarcham
1424 1518 1722 1573 Antioche-

153 1610 305 1661 nutn,
337 1604 393 1649 et
420 1593 723 1663 Agricolam
748 1592 1008 1647 Caesareae
1038 1590 1337 1645 Palaestinae
1384 1589 1720 1659 episcopum,

153 1667 315 1721 tertio
362 1664 479 1718 ioco
527 1663 845 1732 subscripsit
887 1660 1172 1716 Marcellus
1227 1660 1568 1732 Ancyranus.
1626 1656 1722 1712 Est

151 1748 332 1790 autem
362 1735 462 1787 hoc
483 1734 795 1796 concilium,
824 1733 1043 1787 Nicaeno
1062 1731 1363 1800 antiquius,
1391 1727 1720 1810 celebratum

151 1806 219 1860 ad
300 1819 501 1859 annum
584 1803 834 1863 Domini.
906 1802 1202 1858 secundum
1280 1806 1719 1869 supputationem

150 1875 443 1930 doctissimi
473 1873 769 1927 cardinalis
802 1871 1044 1937 Baronii,
1080 1870 1208 1933 51⁴.
1233 1869 1339 1934 vel,
1373 1877 1431 1924 ut
1455 1867 1564 1932 alii,
1593 1864 1718 1922 508.
1751 1878 1796 1934 Β

151 1945 341 2000 Merito
369 1943 530 2012 igitur
562 1942 709 1997 illum
756 1944 987 2016 γέροντα
1034 1940 1324 2011 appellavit
1368 1936 1720 1993 Athanasius.

153 2017 212 2069 Et
271 2025 416 2069 certe
470 2027 695 2069 necesse
743 2025 863 2078 est,
901 2022 957 2067 ut
1005 2012 1149 2066 inter
1197 2023 1407 2066 summe
1452 2007 1721 2077 iongaevos

148 2085 433 2140 Marcellus
463 2095 753 2139 censeatur
782 2099 797 2137 ι
828 2086 964 2138 visit
1005 2083 1148 2136 euim
1199 2094 1369 2151 usque
1415 2077 1483 2133 ad
1518 2089 1721 2131 annum

152 2156 366 2209 Domini
422 2153 550 2209 575.
591 2153 925 2224 Epiphanius
975 2153 1079 2207 hoc
1127 2150 1319 2214 docet,
1355 2150 1445 2220 qni
1504 2147 1559 2201 in
1604 2147 1720 2225 hat-

150 2227 253 2280 resi
281 2239 463 2279 mxxvii
496 2224 561 2278 de
591 2226 734 2278 illius
759 2239 990 2280 excessu
1013 2222 1107 2286 ait,
1127 2221 1248 2274 Ἔτι
1280 2219 1391 2291 γὰρ
1414 2219 1508 2274 καὶ
1538 2216 1719 2287 δευρο,

147 2295 256 2350 ἀπὸ
292 2294 386 2347 τοῦ
434 2293 586 2358 ἔτους
639 2293 863 2360 τούτου,
895 2293 971 2357 ὡς
1011 2291 1120 2347 ἀπὸ
1150 2290 1244 2345 δύο
1266 2289 1402 2345 ἐτῶν
1432 2287 1719 2342 ἐτελεύτα·

150 2368 227 2419 ait
277 2365 478 2419 obiisse
534 2365 850 2419 Marcellum
907 2373 1034 2419 ante
1087 2362 1363 2417 biennium
1407 2372 1569 2429 quam
1605 2359 1720 2411 haic

148 2435 412 2488 scriberet
443 2435 579 2505 ipse.
606 2434 835 2505 Scripsit
855 2444 1035 2489 autem
1071 2447 1228 2487 suum
1257 2431 1399 2486 Καθ’
1432 2425 1721 2509 aimo-emp

152 2503 470 2569 Penatium,
496 2514 554 2558 ut
576 2504 775 2559 fatetur
803 2504 952 2573 ipse,
989 2500 1348 2557 Valentiniani
1388 2510 1446 2557 et
1482 2496 1721 2579 Valentis

154 2590 298 2628 anno
331 2589 425 2637 stt,
451 2585 505 2628 et
534 2573 777 2628 Gratiani
808 2575 1045 2638 vttt,boc
1070 2579 1151 2626 est
1180 2585 1322 2625 anno
1352 2568 1563 2626 Domini
1588 2567 1716 2623 3⁷5.

151 2645 551 2699 illustrissimus
575 2642 841 2699 Batonius
892 2655 1092 2696 annum
1162 2640 1442 2709 anticipat.
1494 2636 1571 2721 ita
1616 2635 1722 2692 suit

148 2723 637 2852 westfaal&
659 2709 1160 2837 atanassi?-
1174 2706 1716 2862 εῗῶζῖῑὲἓὲιῖοῗῗῑ

147 2854 191 2907 si
223 2853 523 2922 quisalius»,
555 2861 675 2922 post
699 2851 1079 2916 Athanasium,
1116 2852 1281 2905 variis
1302 2858 1538 2917 jactatus
1574 2857 1717 2903 tem-

146 2923 467 2994 pestatibuS,
489 2933 543 2978 et
564 2932 817 3047 effertus
840 2922 1072 2975 Arianos
1106 2920 1524 3000 infensissimos.
1574 2920 1716 2975 Con·

145 2993 270 3049 cilio
299 2994 562 3063 siquidem
649 2997 813 3048 icaeno
852 2993 1137 3059 interfuit3
1179 3000 1234 3047 et
1267 3006 1540 3061 egregiam
1579 3004 1717 3059 ope-

149 3077 266 3118 ram
291 3073 479 3118 contra
522 3064 770 3116 Arianeae
786 3063 1026 3132 perlitliae
1052 3072 1479 3131 propugnatores
1505 3061 1716 3130 praesti-

147 3135 234 3199 tit,
262 3132 543 3189 catholicae
565 3133 819 3190 Ecclesiae
848 3133 1283 3212 ὑπερασπιστὴς.
1325 3131 1578 3185 Testatur
1601 3132 1716 3199 ipse

152 3205 290 3290 apud
319 3202 701 3286 Epiphanium,
730 3217 859 3284 pag.
901 3202 1008 3257 555
1028 3244 1043 3267 ,
1072 3203 1308 3256 studium
1344 3216 1501 3255 sunm
1550 3217 1565 3253 ι
1607 3199 1716 3264 θῦς

154 3273 427 3410 {igni-2¹52?
436 3273 975 3423 Zssisgtggussggsspgr
998 3291 1028 3328 τ
1110 3341 1390 3416 θεοσσόιιᾳ
1428 3357 1523 3396 σου
1568 3341 1720 3396 ἐτόλ-

155 3429 353 3484 μησαν.
392 3413 467 3467 lta
493 3412 584 3468 tile
619 3417 687 3468 ud
715 3413 917 3468 iutmm
951 3413 1260 3484 pontitlcem
1294 3412 1599 3470 Romanum
1628 3423 1725 3469 :et

154 3494 302 3538 certe
347 3497 534 3536 verum
588 3492 691 3549 est,
734 3483 1090 3549 Eusebianos.
1132 3493 1193 3538 ut
1235 3491 1349 3539 tum
1380 3483 1723 3538 vocabantur

155 3555 224 3606 ad
255 3550 456 3606 lulium
484 3565 677 3622 papam
701 3554 915 3608 dedisse
941 3554 1148 3610 litteras
1171 3561 1359 3608 contra
1380 3552 1721 3619 Marcellum,

156 3634 214 3677 et
242 3623 616 3678 Athanasium.
649 3622 754 3678 Sed
777 3633 833 3678 et
860 3622 1034 3680 Julius
1070 3625 1221 3694 ipse,
1249 3624 1302 3678 in
1331 3622 1556 3694 epistola
1580 3625 1723 3692 apud

154 3694 528 3757 Athanasium.
560 3694 780 3763 Apoioy.
812 3708 851 3747 ιι
881 3712 897 3750 :
924 3693 1243 3760 Μάρκελλος
1274 3691 1503 3766 μὲνγὰρ
1545 3694 1572 3747 ὲ
1659 3709 1722 3764 ρ·

157 3761 362 3835 τυρήθη
394 3763 544 3834 ἡμῖν,
579 3762 675 3817 καὶ
694 3766 752 3818 ὲν
778 3765 843 3836 τῇ
874 3765 1017 3818 κατὰ
1041 3763 1277 3819 Νικαιαν
1301 3763 1505 3837 συνόδῳ
1521 3780 1582 3818 το
1606 3781 1631 3828 ς
1654 3762 1724 3817 τά

164 3832 372 3905 Ἀρείου
394 3833 680 3906 φρονοῦσιν
702 3834 1039 3912 ἀντειρηκὼς
1081 3833 1270 3907 Neque
1292 3835 1492 3891 restitit
1512 3843 1723 3889 tautum

154 3908 210 3960 iu
255 3907 485 3959 concilio
531 3919 814 3974 praesens:
861 3913 956 3961 sed
1000 3918 1056 3962 et
1107 3920 1320 3976 semper
1362 3906 1617 3976 deinceps
1653 3904 1725 3958 ab

154 3975 370 4030 illorum
398 3974 685 4031 abborruit
721 3978 1120 4033 communione.
1162 3975 1533 4032 conciliabulo
1581 3976 1717 4044 ipso·

154 4060 274 4099 rum
320 4044 451 4115 Tyri
507 4046 867 4112 obnuntiavit,
920 4045 1409 4119 Hierosolymitano
1462 4045 1725 4100 interesse

155 4114 331 4170 noluit
360 4130 375 4166 z
406 4115 679 4170 Asterium
728 4117 1047 4185 sophistam,
1098 4117 1310 4172 iliorum
1354 4116 1614 4172 asseclam
1667 4122 1725 4169 et

154 4185 452 4256 parasitum
483 4186 913 4258 advocatumque
946 4188 1167 4258 scriptis
1196 4187 1495 4256 exagitavit
1524 4204 1540 4242 ε
1569 4185 1725 4256 cnjus

154 4255 400 4309 tuentinit
432 4254 716 4325 aliquoties
749 4257 853 4311 hoe
879 4259 1118 4328 inopere
1149 4257 1411 4312 Eusebius
1442 4277 1454 4313 :
1492 4266 1548 4311 et
1573 4256 1723 4312 omni

157 4327 319 4380 modo
347 4323 563 4379 illorum
593 4326 877 4382 conatibus
913 4341 1034 4382 sese
1055 4330 1327 4398 opposuit.
1361 4326 1592 4396 Propter
1623 4327 1724 4381 has

152 4392 520 4458 ἐναντιώσεις,
547 4406 752 4450 certum
778 4406 862 4452 est
889 4400 1119 4453 Arianos
1148 4397 1275 4452 otlto
1302 4399 1354 4451 in
1395 4397 1543 4452 illum
1579 4397 1727 4467 capi-

157 4466 253 4520 tali
280 4465 657 4531 inflammatos,
691 4482 905 4522 omnem
939 4471 1171 4523 movisse
1210 4467 1478 4537 lapidem,
1520 4475 1576 4522 ut
1618 4481 1724 4521 una

156 4551 282 4604 cum
309 4534 625 4600 Athanasio,
657 4538 784 4591 sede
813 4552 908 4592 sua
942 4539 1149 4608 pulsus,
1191 4543 1261 4594 ab
1296 4539 1535 4594 Ecclesia
1571 4552 1725 4592 anto-

158 4615 403 4659 veretur.
434 4607 652 4672 Quaesiti
689 4622 817 4662 vero
846 4619 972 4662 suut
998 4608 1199 4665 abillis
1228 4647 1244 4673 ,
1297 4619 1355 4664 ιιι
1392 4618 1553 4664 erant
1598 4607 1721 4662 miri

1090 3269 1230 3325 κατὰ
1262 3269 1496 3326 Νικαιαν
1520 3270 1721 3343 συνόδῳ
1746 3241 1790 3300 C

1824 608 2465 678 Constantinopolitano,
2499 611 2692 666 exsilio
2726 611 3013 666 mulctavit
3069 609 3407 669 Marcellum.

1826 677 2102 748 interpres
2151 680 2432 734 Athanasii
2488 683 2558 734 ad
2604 682 2906 737 solitariam
2964 682 3128 736 uitam
3171 693 3408 754 agentes,

1823 748 2012 818 lapsus
2037 757 2151 810 est:
2184 752 2346 804 vertit
2373 751 2590 804 enimin
2617 752 2864 805 exsilium
2890 751 3124 819 ejecisse,
3155 753 3407 808 nimirum

1824 819 2059 872 Arianos
2087 817 2236 872 illum
2277 836 2292 872 ι
2324 834 2447 873 cum
2481 821 2532 874 in
2573 819 2761 877 Graeco
2794 824 2868 876 sit
2909 822 3004 875 καὶ
3041 823 3408 895 πεποιήκασιν

1823 886 2192 960 ἐξορισθῆναι,
2232 904 2425 956 nempe
2457 890 2761 946 obtinuisse
2794 892 2897 946 hoc
2942 906 3038 946 eos
3079 894 3221 963 apud
3259 891 3407 947 Con-

1825 959 2155 1014 stantinum.
2193 959 2442 1015 Accessit
2487 970 2763 1028 postremo
2807 963 2860 1016 in
2901 971 3082 1031 partes
3143 963 3408 1018 Eusebius

1823 1026 2092 1097 Pamphili
2121 1070 2136 1094 ,
2162 1028 2374 1084 Ariauae
2417 1030 2542 1084 fldei
2573 1029 2822 1086 desultor
2857 1049 2871 1085 ε
2907 1033 3003 1086 sed
3037 1047 3257 1104 semper
3309 1048 3408 1086 σα-

1823 1095 1983 1167 πρός,
2034 1107 2089 1152 et
2123 1101 2225 1153 hoc
2272 1113 2372 1153 suo
2417 1100 2624 1169 scripto
2665 1101 2978 1169 exagitavit.
3026 1101 3075 1156 is
3117 1116 3249 1158 vero
3274 1143 3292 1168 ,
3329 1102 3404 1156 ita

1822 1167 2032 1238 pulsus,
2079 1169 2310 1223 Romam
2356 1169 2492 1224 abiit
2541 1172 2612 1223 ad
2662 1169 2864 1226 Julium
2915 1172 3223 1239 pontificem
3273 1172 3407 1226 :cui

1823 1254 1923 1307 pro
1950 1253 2031 1299 se,
2063 1249 2117 1293 et
2146 1252 2248 1294 sua
2272 1237 2401 1304 tide,
2425 1239 2491 1294 ab
2513 1238 2750 1295 Eusebio
2783 1249 2967 1310 postea
2993 1242 3082 1296 hic
3101 1241 3407 1313 suggillata,

1822 1308 2125 1379 apologiam
2160 1309 2377 1363 obtulit.
2426 1308 2543 1363 Non
2586 1311 2818 1366 statitn:
2855 1312 2953 1367 sed
2997 1319 3283 1381 postquam
3335 1310 3411 1366 ibi

1820 1393 1920 1448 per
1944 1394 2146 1432 annum
2192 1390 2247 1432 et
2285 1388 2396 1433 tres
2426 1393 2661 1446 menses,
2700 1381 3090 1436 communione
3132 1389 3408 1451 receptus,

1821 1446 2347 1574 5?.522¹'5.‘ssr‚·..¹3²::¹.¹.
2355 1449 2704 1574 52‘21‘522232‘
2741 1449 3406 1577 timis-‘'iiffifssit

2233 1539 2246 1570 t
2419 1537 2435 1572 ·.·
2586 1539 2596 1551 ⁶
2911 1539 2940 1573 n
2971 1539 2983 1574 l
3392 1550 3409 1563 ·

1823 1597 1906 1642 tes
1940 1604 1954 1641 ι
1995 1590 2138 1659 quod
2165 1588 2491 1643 misissetad
2517 1589 2641 1645 iilos
2661 1537 3086 1662 mpateoiivrac,
3118 1600 3178 1646 ut
3201 1603 3407 1646 rectam

1820 1658 2110 1715 instituere
2137 1659 2338 1714 vellent
2381 1662 2807 1716 accusationem.
2861 1662 2964 1718 lsta
3012 1660 3404 1718 Athanasiust

1820 1738 1878 1783 et
1903 1727 2042 1797 apud
2068 1727 2431 1798 Epiphanium
2473 1729 2756 1787 Marcellus
2789 1732 2925 1801 ipse.
2954 1731 3033 1785 De
3061 1731 3213 1789 iilius
3247 1745 3410 1800 porro

1824 1797 1950 1853 iidei
1992 1799 2336 1853 consessione
2359 1839 2376 1864 ‚
2399 1799 2471 1852 ita
2491 1798 2667 1857 Julius
2696 1804 2811 1869 ipse
2837 1820 2854 1855 ι
2889 1802 3028 1875 Περὶ
3058 1801 3118 1858 a
3149 1800 3409 1875 Μαρκέλ-

1821 1866 1937 1931 λου,
1964 1867 2154 1938 ἐπειδὴ
2179 1868 2308 1939 περὶ
2327 1869 2492 1922 αὑτοῦ
2513 1871 2589 1935 ὡς
2610 1871 2935 1938 ἀσεὸοῦντος
2966 1875 3046 1938 εις
3065 1873 3222 1928 τδνΧ
3263 1872 3409 1926 ιστὸν

1827 1935 2128 2008 ἐγράψατε,
2157 1935 2397 2008 δηλῶσαι,
2423 1939 2552 2010 ὑμῖν
2583 1923 2910 2008 ἐσπούδασα,
2951 1943 3032 1996 ὅτι
3061 1942 3226 1998 ὲνταῦ
3262 1959 3301 1996 α
3324 1957 3412 2010 γε·

1827 2007 2051 2087 νόὶιενος
2075 2005 2506 2061 διαδεδαιώσατο
2547 2013 2644 2090 μὲν
2680 2012 2753 2094 μῂ
2779 2008 2916 2066 εἶναι
2936 2012 3003 2065 ἀλ
3043 2011 3110 2083 θῆ
3143 2029 3212 2066 πε
3250 2013 3277 2065 t
3313 2011 3410 2066 αὐ-

1826 2093 1923 2130 του
1952 2093 1988 2146 γ
2027 2076 2185 2158 ἀςρειν
2217 2076 2287 2129 τὰ
2321 2079 2453 2148 παρ’
2481 2079 2636 2149 ὐμων
2661 2097 2675 2111 ·
2728 2098 2877 2150 ομως
2916 2081 2975 2133 δὲ
3047 2028 3412 2154 miragii-sm

1827 2148 1963 2219 παρ’
1986 2095 2145 2219 gisum
2167 2147 2340 2199 εἰπεῖν
2364 2162 2432 2198 πε
2469 2147 2492 2200 *t
2513 2149 2611 2218 τῆς
2640 2149 2894 2214 πίστεως,
2919 2150 3064 2206 οὕτω
3101 2151 3242 2223 μετὰ
3265 2169 3344 2206 πα
3383 2180 3410 2191 -

1829 2218 2026 2290 ρησίας
2072 2215 2407 2301 ἀπεκρίνατο
2478 2217 2510 2268 ι’
2554 2218 2748 2272 ἑαυτοῦ
2768 2259 2783 2282 ,
2827 2221 2904 2284 ὡς
2963 2222 3056 2274 ἐπι.
3125 2220 3259 2277 ῶναι
3381 2240 3411 2276 ν

1827 2290 1862 2360 ἡ
1911 2290 1996 2353 ἃς,
2027 2288 2110 2341 ὅτι
2145 2285 2311 2359 μηοὲν
2335 2285 2535 2368 ἔξωθεν
2552 2290 2651 2353 f<
2679 2289 2940 2359 ἀληθείας
2959 2289 2990 2343 ὁ
3190 2293 3243 2360 t,
3332 2309 3411 2347 τω

1825 2375 1864 2451 ἵ
1906 2376 1936 2431 ρ
1985 2356 2226 2420 εὐσεόῶς
2272 2356 2402 2428 περὶ
2442 2373 2536 2410 του
2579 2308 2787 2431 stupco-2
2822 2363 2916 2416 καὶ
3079 2361 3106 2374 ”
3119 2379 3212 2436 ρος
3253 2361 3412 2436 ὴμῶν

1859 2427 2015 2500 ιησοῦ
2037 2424 2273 2499 Χριστοῦ
2299 2425 2345 2479 ὼ
2391 2427 2480 2481 ολό
2543 2446 2619 2499 ,σε
2652 2434 2870 2502 φρονεῖν
2893 2472 2912 2498 ,
2935 2427 3128 2504 ὥσπερ
3168 2433 3264 2489 καὶ
3309 2449 3411 2489 κα-

1826 2498 2014 2570 θολικὴ
2037 2500 2071 2570 ἡ
2106 2496 2343 2568 Ἐκίιλησ
2366 2515 2420 2551 α.
2457 2444 2586 2554 [Kc
2634 2501 2774 2568 apud
2823 2504 3182 2559 Athanasium
3232 2501 3411 2560 Julius

1825 2569 1882 2624 in
1910 2568 2135 2650 epistola
2167 2572 2232 2623 ad
2266 2570 2537 2653 synodum
2559 2572 2974 2651 Antiochenam.
3008 2571 3273 2646 Loquitur
3306 2588 3409 2630 au·

1827 2648 1946 2764 {fiili
1977 2638 2229 2790 25:¹35&
2249 2639 3037 2792 {0⁶33{3?.i¹‘t';¹}.i„=⁸.¹2.‘¹n¹}‘.².⁰.¹¹,¹²i¹3
3062 2659 3406 2784 3⁰2⁰&de

1823 2780 1954 2833 bant
1982 2790 2265 2835 seuteuttae
2293 2779 2450 2846 olim,
2478 2794 2537 2836 ut
2571 2791 2649 2837 att
2681 2781 3014 2853 Epiphanius
3034 2822 3052 2849 ‚
3085 2785 3200 2854 qui,
3239 2783 3309 2840 sd
3347 2799 3408 2842 se

1824 2851 1965 2920 quod
1999 2851 2213 2914 attinet,
2248 2850 2302 2905 in
2332 2853 2592 2925 ambiguo
2631 2853 2913 2924 relinquit.
2950 2852 3126 2910 Julius
3163 2855 3406 2926 pontifex

1824 2936 1948 2975 cum
1981 2920 2105 2975 aliis
2126 2959 2141 2983 ,
2172 2929 2231 2973 ιιι
2261 2921 2510 2990 videtur,
2555 2921 2748 2978 babuit
2785 2938 2885 2995 pro
2919 2926 3225 2980 orthodoxa
3256 2941 3274 2981 ι
3310 2929 3405 2982 sed

1823 2991 2050 3046 ulterius
2077 2991 2525 3059 progrediebatur
2547 2992 2839 3049 concilium
2863 2993 3188 3050 sardicense
3211 3011 3230 3050 ι
3250 2995 3406 3066 cujus

1823 3061 2080 3130 sullragio
2110 3059 2390 3116 absolutus
2413 3073 2520 3129 est,
2553 3062 2697 3117 lecto
2729 3077 2786 3118 et
2813 3065 3110 3134 approbato
3143 3065 3246 3121 hoc
3287 3067 3405 3134 ipso

1822 3141 2254 3202 syngrammate,
2277 3131 2422 3202 quod
2455 3133 2695 3203 suscepit
2733 3133 3000 3189 Eusebius
3037 3131 3403 3190 refutandum.

1824 3201 2078 3272 synodus
2123 3200 2273 3270 ipsa,
2312 3203 2453 3270 apud
2503 3206 2864 3257 Athanasium
2901 3220 2916 3256 ι
2957 3203 3192 3272 Ἀνεγνώ
3346 3204 3403 3260 δὲ

1821 3273 1918 3326 καὶ
1972 3271 2034 3324 τὸ
2077 3269 2415 3344 σύγγραμμα
2459 3271 2553 3327 τοῦ
2598 3272 3017 3346 συλλειτουργοῦ
3057 3274 3187 3348 Μαρ
3348 3292 3403 3342 υ,

1823 3343 1920 3397 καὶ
1954 3340 2154 3415 εὑρέθη
2195 3341 2305 3396 τῶν
2335 3344 2464 3415 περὶ
2501 3343 2762 3398 Εὺσέὁιον
2801 3344 3145 3418 κακοτεχνια.
3183 3344 3399 3402 obierat

1826 3422 1954 3468 tunc
1993 3414 2254 3468 Eusebius
2280 3421 2528 3484 uterque,
2561 3417 2989 3471 Nicoutediensis
3020 3426 3077 3471 et
3101 3416 3403 3472 caesarien-

1821 3484 1917 3540 sis.
1959 3482 2302 3554 Κακοτεχνια
2333 3482 2388 3538 in
2431 3483 2654 3554 scriptis
2697 3485 2820 3540 ιἰιιι.
2860 3484 2954 3542 tlte
2994 3485 3204 3542 aiastor
3233 3484 3402 3543 Nico-

1823 3553 2123 3609 mediettsis
2173 3552 2304 3607 nibil
2356 3554 2580 3624 scripsit
2625 3557 2678 3609 in
2734 3554 2839 3612 boc
2897 3569 3130 3626 genere;
3178 3555 3402 3626 scripsit

1823 3634 2007 3678 autem
2041 3622 2417 3678 Caesariensis.
2443 3621 2502 3678 iu
2552 3640 2660 3695 quo
2693 3639 2822 3680 vero
2882 3637 3198 3682 versaretur
3231 3643 3402 3682 κακο-

1821 3693 2011 3778 septa
2035 3694 2214 3780 glot-et.
2247 3693 2316 3747 'A
2339 3693 2471 3780 χάρ,
2503 3693 2582 3758 ὡς
2611 3697 2644 3761 ζ
2681 3694 2809 3761 τῶν,
2843 3695 3163 3770 Μάρκελλος
3184 3697 3400 3770 εἴρηκε,

1821 3779 2065 3916 itini?
2068 3762 3400 3915 :-aiffiissffssflffi12ffioiff²tii⁶²⁶iia‘fflusshiii

1824 3913 1897 3960 stt
1921 3903 1990 3960 de
2020 3902 2124 3958 hoc
2149 3914 2354 3973 scripto
2382 3905 2710 3973 Eusebiano,
2735 3921 2768 3963 e
2797 3923 2859 3965 su
2907 3907 3057 3980 ragio
3088 3907 3234 3964 illius
3262 3921 3400 3978 syn·

1825 3976 1915 4029 odi
1986 3973 2370 4042 Sardicensis,
2403 3977 2596 4046 liquet.
2646 3977 2950 4046 Oppouitur
2993 3977 3121 4034 huic
3175 3977 3396 4034 concilii

1825 4044 2167 4099 Sardicensis
2197 4046 2660 4115 determinationi,
2683 4047 2862 4104 basilii
2889 4046 3062 4120 Magni
3078 4050 3399 4104 auctoritas.

1824 4114 1876 4170 ls
1915 4114 2145 4183 epistola
2181 4113 2248 4169 72
2271 4154 2288 4180 ‚
2335 4117 2471 4172 edit.
2507 4114 2863 4186 Parisiensis,
2900 4135 2932 4173 e
2965 4128 3149 4174 nostra
3195 4115 3400 4172 Biblio-

1825 4186 1998 4249 tlteca,
2029 4200 2151 4254 pag.
2176 4184 2301 4249 876,
2328 4187 2394 4239 de
2413 4185 2646 4242 Marcelli
2678 4190 2933 4257 opinione
2963 4187 3178 4242 scribit.
3207 4186 3398 4259 Πάσης

1823 4254 1983 4328 ἡμῶν
2011 4256 2111 4326 τῆς
2126 4254 2343 4320 ἐλπίδος
2359 4256 2612 4328 ἀθέτησιν
2638 4257 2752 4329 ἔχει
2777 4259 2841 4313 τὸ
2861 4256 3181 4331 Μαρκέλλου
3200 4256 3397 4327 δόγμα.

1826 4326 1903 4380 De
1932 4324 2184 4381 Marcello
2214 4327 2330 4394 ipso
2356 4329 2614 4397 loquitur.
2644 4329 2776 4383 Nam
2816 4338 2872 4384 et
2914 4329 3143 4399 epistola
3187 4325 3297 4390 52.
3323 4328 3397 4382 ait

1823 4396 1976 4452 illum
2008 4393 2376 4463 ἐπιδείξασθαι
2412 4396 2509 4469 τὴν
2530 4398 2786 4453 ἀσέσειαν
2813 4400 3063 4454 Ariaueae
3092 4409 3398 4468 repugnan-

1827 4476 1935 4522 tem
1987 4481 2020 4520 e
2071 4467 2337 4521 diametro
2369 4483 2384 4521 ι
2422 4482 2489 4522 tte
2536 4469 2662 4538 quis
2707 4471 2774 4524 ad
2821 4471 2966 4524 illius
3008 4467 3311 4537 discipulos
3341 4475 3396 4522 et

1825 4545 2147 4603 sectatoreS,
2195 4544 2252 4591 ut
2298 4547 2428 4605 puta
2471 4537 2783 4607 Photinum,
2813 4555 2933 4594 eam
2979 4536 3218 4599 referat.
3272 4551 3396 4591 cum

1755 4586 1800 4642 D
1824 4606 2007 4663 omnia
2042 4607 2159 4676 ipse
2183 4609 2439 4661 statuerit
2469 4610 2793 4665 orthodoxe.
2824 4611 3100 4665 Excusant
3136 4607 3254 4672 alii,
3277 4605 3396 4662 lteri

160 4675 512 4730 texendarum
576 4676 826 4731 fraudum
896 4678 1158 4746 artitlces,
1221 4690 1512 4749 printextus
1557 4696 1575 4732 ι
1629 4693 1729 4733 uec
1826 4691 2006 4749 posse,
2031 4689 2091 4729 ut
2115 4675 2400 4732 Marcellus
2443 4678 2699 4746 deinceps
2740 4679 2989 4734 inciderit
3033 4679 3088 4735 in
3117 4677 3260 4734 batte
3289 4675 3395 4731 im·

160 4757 359 4816 magno
382 4746 597 4815 negotio
624 4747 852 4803 inventi.
881 4748 937 4803 ln
972 4751 1201 4805 coneilio
1237 4750 1562 4805 Arianorutn
1608 4745 1731 4804 tite·

156 4815 570 4884 rosolymttano,
600 4819 685 4871 cui
713 4818 977 4875 interesse
1006 4819 1293 4876 Marcellus
1318 4817 1508 4883 noluit,
1543 4832 1726 4874 encar-

154 4887 249 4940 ttia
300 4888 570 4942 celebrata
614 4897 761 4952 suut,
810 4890 992 4961 tempii
1023 4891 1332 4961 cujusdam.
1377 4888 1722 4947 Constantini

147 4955 311 5026 jussu
361 4964 417 5010 et
463 4957 719 5026 impensis
753 4962 1094 5016 extcdttlcati.
1130 4960 1271 5015 Dant
1304 4961 1516 5017 litteras
1558 4961 1570 5013 i
1615 4963 1724 5014 itur

154 5027 229 5081 ad
274 5027 688 5082 Constantinum
742 5031 1189 5086 calumniatorias
1224 5049 1240 5086 z
1280 5040 1538 5086 accusant
1634 5045 1719 5084 ar-

154 5095 354 5152 cellum
382 5109 807 5168 contemptorem
843 5118 900 5154 se
932 5104 1191 5171 praebere,
1232 5116 1337 5156 uon
1371 5111 1580 5157 tantum
1628 5116 1722 5155 or·

153 5168 303 5221 dinis
335 5168 689 5224 ecclesiastici
710 5209 727 5235 ,
753 5171 849 5223 sed
880 5183 935 5225 et
988 5173 1282 5239 majestatis
1330 5171 1715 5241 imperatoriae.

156 5238 516 5307 Dedignatum
540 5240 739 5310 quippe
762 5241 1083 5296 dedicationi
1114 5241 1295 5309 templi
1330 5241 1718 5312 Hierosolymis

152 5310 425 5362 exstructi
455 5309 737 5365 interesse.
774 5309 970 5366 Narrat
1014 5311 1115 5366 boc
1160 5309 1492 5368 Sosomenus
1530 5312 1627 5366 lib.
1657 5326 1718 5377 ιι,

153 5394 279 5446 cap.
318 5378 409 5432 5¹.
452 5378 663 5435 Faciles
722 5380 849 5436 huic
897 5382 1184 5438 calumniae
1241 5383 1514 5453 praebebat
1561 5396 1723 5437 aures

150 5449 587 5516 Cottstantinus3
622 5450 913 5521 plurimum
950 5454 1093 5507 enim
1126 5453 1311 5506 Ariani
1345 5455 1398 5505 ιιι
1435 5453 1556 5506 aula
1594 5466 1721 5522 gra-

158 5531 235 5572 tia
259 5520 555 5578 valebant:
586 5533 639 5577 et
666 5524 732 5576 ad
758 5522 1127 5578 Arianistnum
1166 5524 1446 5593 plusquam
1489 5537 1724 5592 propen-

152 5589 342 5651 debat,
382 5592 435 5643 in
468 5591 571 5647 (ide
600 5608 696 5648 sua
731 5593 911 5647 varius
935 5633 951 5657 ,
982 5595 1309 5662 imperator,
1346 5602 1403 5645 ut
1427 5594 1726 5660 ,verissime

155 5659 267 5713 scri
310 5668 422 5714 tum
447 5677 477 5715 a
503 5661 706 5718 Severo
730 5663 970 5730 Sulpicio
991 5664 1084 5718 lib.
1118 5678 1182 5728 ιι,
1211 5679 1241 5715 a
1268 5661 1463 5718 Rutlno
1485 5665 1539 5719 in
1566 5665 1658 5719 lib.
1679 5678 1720 5730 ι,

157 5743 213 5783 c.
248 5729 273 5783 t
320 5768 336 5796 ,
362 5745 392 5784 a
431 5729 679 5790 Lucifero
723 5745 778 5790 et
809 5733 1155 5803 liieronytno.
1194 5731 1307 5789 Nec
1356 5732 1529 5790 sotum
1584 5735 1723 5789 indi·

154 5811 355 5873 gnatus
388 5811 493 5876 est,
548 5805 647 5864 sed
689 5805 994 5879 depositum
1046 5803 1116 5863 ab
1152 5804 1369 5865 Arianis
1400 5804 1453 5863 ιιι
1491 5804 1722 5864 concilio

1825 4748 2105 4818 pietatem,
2142 4756 2198 4803 et
2242 4748 2365 4801 aliis
2417 4749 2533 4804 suis
2575 4750 2794 4820 scriptis
2840 4747 3241 4821 propagaverit.
3276 4743 3395 4800 Non

1827 4818 2164 4888 respondebo
2190 4818 2333 4888 quod
2361 4833 2428 4872 ex
2456 4818 2560 4875 boc
2599 4817 2819 4875 Eusebii
2858 4833 3027 4891 opere
3059 4818 3263 4876 assumi
3296 4831 3392 4887 po-

1806 4896 1971 4951 ·test,
2016 4885 2220 4942 nullum
2265 4886 2410 4942 aliud
2462 4889 2724 4958 scriptum
2788 4903 2983 4960 praeter
3033 4891 3138 4946 boc
3175 4888 3394 4944 unicum

1828 4971 2081 5012 manasse
2123 4971 2154 5010 a
2189 4957 2445 5013 Marcello
2480 4975 2496 5014 ι
2532 4961 2865 5015 contrarium
2894 4961 3095 5031 quippe
3129 4957 3392 5029 Hierony·

1826 5042 1950 5084 mus
1981 5027 2212 5082 affirmat
2238 5042 2254 5080 ι
2285 5036 2342 5083 et
2369 5038 2547 5099 potest
2598 5029 2856 5086 Eusebius
2885 5030 3106 5101 exponi.
3138 5029 3207 5084 de
3258 5037 3392 5081 tem-

1823 5113 1958 5170 pore
1988 5109 2301 5168 antegresso
2333 5115 2487 5153 suam
2519 5101 2659 5157 hanc
2690 5101 3030 5176 ἀντίρρησιν.
3098 5098 3231 5155 titud
3272 5111 3391 5149 ton·

1823 5177 1935 5225 stat
1960 5182 1991 5222 e
2019 5167 2243 5235 Basilio,
2269 5171 2458 5224 eadem
2514 5185 2609 5241 per
2658 5175 2841 5226 omnia
2871 5189 2902 5226 a
2926 5173 3109 5227 divino
3134 5167 3226 5221 iilo
3253 5166 3394 5229 viro,

1822 5239 1951 5294 huic
1999 5235 2258 5294 Marcello
2295 5240 2550 5307 objecta,
2596 5257 2716 5312 quie
2759 5242 2910 5312 prius
2955 5256 3050 5312 per
3101 5235 3394 5294 Eusebium

1865 5309 2263 5364 ruducebantur
2307 5327 2322 5363 z
2373 5312 2476 5365 uisi
2524 5311 2666 5368 torte
2720 5326 2817 5381 pro
2858 5311 3114 5367 Marcello
3159 5307 3394 5368 dicatur,

1869 5378 2083 5435 astlium
2119 5392 2225 5432 non
2252 5379 2433 5436 minus
2472 5397 2634 5452 quatu
2659 5381 2952 5438 Eusebium
2980 5379 3393 5439 hallucinatum,

1826 5461 1883 5506 et
1915 5449 2196 5519 accepisse
2229 5453 2380 5518 quasi
2408 5451 2704 5507 resolutive
2733 5452 3127 5515 determinata,
3158 5444 3395 5528 quae-ille

1826 5518 2007 5594 ζητῶν
2038 5529 2410 5589 proposuerat.
2438 5522 2601 5578 Certe
2619 5533 2831 5578 constat
2854 5537 2921 5578 ex
2947 5522 3135 5577 eadem
3161 5518 3257 5573 iila
3282 5529 3396 5585 ipss

1827 5590 2081 5663 epistola,
2112 5589 2489 5648 occidentales
2507 5596 2558 5647 in
2591 5595 2858 5649 sententia
2885 5588 3226 5647 Sardicensis
3257 5600 3392 5656 syn-

1827 5665 1917 5720 odi
1980 5662 2337 5731 perstitisse:
2375 5673 2430 5717 et
2474 5679 2599 5718 cum
2655 5664 2722 5719 iis
2769 5663 3051 5718 Paulinum
3099 5659 3394 5740 Antioche·

1825 5750 1956 5791 num
1982 5733 2128 5804 (eunt
2159 5747 2289 5802 quo,
2313 5747 2412 5804 pro
2435 5732 2669 5799 Meletio,
2706 5735 2762 5790 in
2783 5733 3178 5789 eontmmx‘xnxxe
3193 5731 3419 5810 nmen}

1826 5803 2088 5879 Basilius)
2131 5814 2190 5863 et
2248 5801 2576 5864 unt-,eum
2621 5814 2876 5873 nutasse,
2892 5804 3298 5857 ’xxxxweeuxexxx-
3333 5791 3456 5846 Ym-
