3692 6134
219 319 367 375 1117

1214 313 1304 367 ΒΕ
1342 313 1807 370 ΙΜΖΟΒΡΟΒΑΜ
1845 309 1938 367 ΕΤ
1975 311 2318 373 thtsmlm
2344 314 2500 373 DEO.

3333 317 3473 375 1118

217 446 487 508 quantum
542 433 610 489 ad
655 447 770 489 rem
816 431 1047 488 necdum
1089 431 1193 489 hoc
1230 432 1455 488 scierat.
1502 432 1559 488 Si
1617 441 1800 488 autem
1827 431 1878 493 A
1906 448 2102 503 capere
2154 435 2342 491 volunt
2383 435 2707 506 strepitibus
2749 426 3074 505 quibusdam
3119 442 3172 489 et
3217 437 3384 500 sonis.
3418 446 3475 494 et

216 529 455 585 necdum
485 525 632 581 iacto
661 524 870 593 judicio
912 534 1168 594 tanquam
1199 523 1313 591 iam
1352 523 1591 590 fecisset,
1618 532 1672 578 et
1712 537 1804 578 ve-

216 618 345 675 nire
375 618 592 673 videtur
630 630 755 671 curn
798 613 998 670 dicitur
1037 628 1329 684 apparere,
1367 613 1594 668 necdum
1638 627 1804 682 appa-

216 718 329 777 ret,
360 723 469 765 non
514 705 639 778 quia
678 713 904 776 apparet
942 713 1231 773 antequam
1273 705 1454 759 veniat
1482 718 1551 759 ex
1582 703 1797 771 Edom3

214 804 339 859 viso
375 801 519 857 enim
556 812 662 854 non
694 796 906 852 videtur
931 795 1024 867 qui
1069 795 1331 865 praevenit
1361 794 1660 858 visionem,
1710 808 1805 849 ne·

214 909 329 964 que
356 891 681 948 vestimenta
712 888 898 954 babet,
925 885 1111 958 qualia
1143 885 1397 956 apparuit
1423 885 1626 942 babens
1654 902 1668 941 ε
1705 884 1801 941 sed

212 986 348 1056 quia
382 983 499 1038 vult
529 981 693 1038 veluti
737 980 952 1051 aspergi
995 995 1091 1036 sua
1120 978 1440 1033 vestimenta
1482 991 1512 1032 a
1543 976 1804 1046 sauguine

211 1091 407 1133 eorum
434 1077 527 1147 qui
561 1073 710 1145 digni
753 1083 881 1129 sunt
921 1080 1119 1127 morte.
1152 1069 1269 1126 Non
1315 1069 1463 1125 euim
1499 1068 1566 1124 ad
1607 1068 1801 1124 coelum

216 1165 608 1221 transmittitur
660 1161 1104 1221 interficientium
1157 1159 1419 1232 sanguis,
1456 1158 1553 1215 sed
1589 1173 1659 1214 ex
1701 1158 1805 1215 boc

214 1255 459 1311 maxime
497 1253 808 1323 agnoscitur
838 1249 964 1320 quia
1011 1245 1370 1320 incorporalis
1413 1253 1498 1301 est
1536 1242 1712 1310 DeuS,
1748 1250 1806 1299 et

214 1343 564 1401 vestimentis
606 1357 714 1398 non
760 1340 986 1410 indiget.
1019 1337 1170 1407 ‚Quia
1207 1351 1328 1408 quae
1375 1343 1601 1406 apparet
1641 1333 1803 1389 indu-

214 1446 334 1501 tus,
358 1433 681 1508 significatio
711 1441 797 1489 est
828 1430 996 1500 magis
1027 1427 1326 1486 efficientiae
1354 1442 1515 1497 quam
1544 1425 1805 1482 exhibitio

212 1536 451 1585 naturis.
488 1526 625 1581 Cum
671 1523 881 1595 judicat
911 1521 1076 1577 babet
1117 1527 1334 1583 sedem,
1373 1526 1429 1573 et
1470 1516 1560 1588 qui
1596 1514 1805 1587 judicat

210 1620 517 1685 mundum,
564 1615 718 1671 albas
757 1613 875 1683 cJus
922 1625 1045 1668 esse
1093 1621 1271 1668 vestes
1322 1608 1599 1679 Scriptura
1650 1604 1801 1663 dicit.

210 1710 356 1773 Cum
407 1717 589 1766 autern
643 1709 841 1763 iterum
887 1703 1132 1761 vindicta
1177 1702 1501 1774 completur,
1537 1712 1793 1771 tanquam

213 1802 533 1876 regrediens
562 1799 725 1856 rubra
767 1801 888 1872 ejus
913 1798 1047 1855 dicit
1087 1811 1210 1869 quae
1256 1810 1362 1853 uon
1410 1802 1570 1852 eraut
1600 1795 1792 1861 rubra,
1824 1775 1871 1832 Β

210 1905 277 1953 et
304 1896 627 1953 vestimenta
666 1907 789 1965 quae
831 1907 939 1949 nou
971 1897 1129 1948 erant
1160 1888 1480 1945 vestimenta
1519 1904 1535 1941 ι
1571 1893 1632 1941 ιιι
1672 1895 1800 1941 ante

211 1988 430 2047 audiret
474 1985 699 2059 populus
740 1985 867 2058 quia
907 1983 1198 2039 vindictam
1255 1979 1408 2036 facit.
1458 1978 1573 2048 Ego
1617 1986 1798 2035 autem

214 2079 507 2137 audiebam
553 2077 876 2147 prophetam
935 2074 1202 2139 dicentem
1250 2086 1356 2127 non
1403 2070 1469 2127 de
1505 2066 1617 2125 Deo
1659 2067 1797 2134 solo,

216 2171 321 2229 aed
360 2178 417 2227 et
458 2171 524 2226 de
559 2169 861 2233 sacerdote,
905 2166 1089 2223 nescio
1132 2177 1260 2235 quo,
1291 2162 1383 2235 qui
1417 2161 1637 2217 indutus
1683 2167 1802 2215 erat

214 2265 538 2322 vestimenta
569 2263 709 2320 sicut
738 2260 1008 2317 induimur
1049 2267 1106 2314 et
1141 2271 1260 2313 nos.
1289 2255 1421 2324 Quae
1459 2263 1639 2308 autem
1667 2250 1803 2306 vidit

214 2355 488 2429 propbeta
522 2352 868 2417 vestimenta,
901 2357 956 2404 et
992 2362 1113 2418 quae
1156 2342 1464 2401 immutavit
1501 2341 1759 2397 visionem
1781 2377 1799 2404 ,

214 2463 329 2503 uon
376 2453 501 2502 sunt
545 2444 649 2502 ista
705 2442 1029 2498 vestimenta
1081 2454 1203 2510 quae
1236 2452 1336 2494 nos
1393 2435 1690 2493 induimur.
1739 2431 1800 2489 Si

215 2551 399 2595 autem
442 2538 535 2607 qui
578 2533 818 2591 induitur
862 2533 966 2588 ista
1018 2531 1340 2587 vestimenta
1380 2529 1544 2585 bomo
1584 2525 1802 2597 conspi-

214 2631 365 2689 citur
415 2630 635 2686 indutus
686 2637 744 2684 et
804 2636 1052 2693 mutans,
1100 2633 1158 2681 et
1211 2621 1518 2694 patiebatur
1580 2621 1798 2692 quidem

214 2726 313 2786 mc
350 2723 486 2781 nibil
523 2737 711 2779 eorum
752 2736 875 2791 quae
916 2719 1051 2775 vidit
1092 2717 1386 2790 propbeta,
1434 2714 1578 2772 facta
1621 2724 1800 2770 autem

214 2828 381 2883 stant,
418 2830 540 2886 quae
577 2812 721 2869 videt
754 2814 1013 2882 propbeta
1058 2808 1136 2880 (6)
1169 2829 1182 2866 :
1228 2808 1273 2864 si
1315 2808 1382 2863 de
1425 2806 1645 2862 bomine
1678 2805 1800 2870 ista,

126 2912 141 2933 ⁸
194 2918 427 2985 -quanto
458 2907 632 2977 magis
667 2906 735 2963 de
789 2903 943 2960 Deo?
1005 2901 1211 2957 Dicitur
1259 2900 1313 2956 in
1374 2899 1637 2967 Zacharia
1676 2912 1803 2969 pro-

212 3002 385 3075 pbeta
406 3020 425 3059 z
460 2998 703 3057 Ostendit
735 2998 873 3055 milti
908 2995 1053 3055 Deus
1092 2994 1279 3051 lesum
1320 3006 1588 3050 nmmum
1622 3007 1801 3045 sacer-

216 3097 402 3151 dotem
431 3093 477 3127 ¹·
521 3111 538 3149 ε
588 3091 771 3148 iesum
821 3090 1008 3147 dicens
1067 3087 1437 3151 sacerdotem,
1487 3100 1597 3142 non
1651 3083 1798 3139 iilum
1825 3122 1870 3183 c

220 3186 465 3243 ostendit
500 3185 783 3241 Dominum
838 3182 1021 3239 ,lesum
1049 3181 1141 3252 qui
1175 3189 1259 3235 est
1289 3178 1528 3246 pontifex
1580 3175 1798 3248 pontill-

222 3292 359 3334 eutn
390 3284 445 3334 et
464 3275 714 3334 sacerdos
735 3275 1096 3332 sacerdotum.
1126 3270 1193 3326 Et
1217 3273 1331 3335 iste.
1363 3267 1797 3341 inquit.‘rcstitus

220 3370 347 3419 erat
376 3364 671 3418 vestimenta
713 3361 966 3426 sordida,
997 3368 1046 3415 et
1083 3360 1256 3415 stabat
1296 3357 1542 3413 diabotus
1578 3374 1613 3413 ιι
1664 3357 1797 3412 dex-

217 3454 331 3510 tris
372 3453 482 3524 ejas
532 3455 747 3525 eripiens
780 3470 900 3509 eum
952 3468 1136 3509 nocere
1153 3452 1225 3509 ¹¹.
1274 3451 1444 3508 Erant
1489 3450 1635 3509 enim
1683 3452 1801 3520 eius

216 3545 447 3602 sordida
483 3546 824 3603 vestimenta.
866 3544 1024 3601 Sicut
1063 3545 1209 3602 enim
1243 3557 1425 3601 mures
1468 3544 1537 3599 ad
1584 3542 1799 3599 nidores

218 3647 558 3695 concurrunt
587 3656 603 3693 z
629 3637 703 3693 ita
730 3636 978 3693 diabolus
1003 3645 1058 3692 et
1106 3635 1251 3692 illius
1280 3635 1554 3692 exercitus
1595 3635 1686 3690 illo
1711 3636 1801 3691 de·

220 3730 463 3787 lectatur
485 3730 697 3787 nidore.
729 3728 795 3785 Et
823 3729 926 3786 boc
948 3728 1093 3802 quod
1120 3738 1241 3785 erat
1277 3723 1474 3786 lectum
1512 3737 1638 3784 est:
1666 3728 1799 3783 Cum

212 3822 447 3892 qiu-itas
478 3837 701 3893 nequam
753 3821 941 3876 exierit
982 3822 1048 3877 ab
1087 3821 1316 3889 homine,
1345 3819 1532 3875 circuit
1570 3820 1798 3874 desertos

216 3908 463 3977 hermu
486 3912 673 3983 quoerit
714 3911 1020 3982 requiem&
1055 3910 1214 3966 Sicut
1238 3920 1296 3966 et
1327 3924 1493 3966 canes
1539 3909 1800 3980 coquina·

220 4019 354 4062 rum
380 4005 656 4075 requirunt
690 4003 782 4059 ubi
821 4003 1064 4076 sanguis,
1091 4003 1181 4059 ubi
1222 4014 1461 4069 stercus,
1488 4002 1579 4059 ubi
1621 4001 1800 4058 iulotae

218 4096 545 4167 interanea,
577 4106 635 4153 et
678 4096 790 4153 illic
835 4105 1185 4152 concurrunt.
1229 4096 1296 4151 Et
1338 4097 1481 4152 sicut
1514 4095 1609 4167 qui
1664 4093 1797 4152 loris

216 4197 474 4252 currunt.
528 4188 878 4245 adinveniunt
914 4188 1058 4258 quod
1107 4196 1263 4259 turpe
1292 4199 1378 4243 est
1423 4187 1667 4252 verbum,
1705 4189 1797 4254 qui

216 4288 387 4338 actus
432 4278 650 4344 ioedost
703 4279 779 4335 ita
823 4293 946 4334 cum
993 4277 1215 4349 spiritus
1256 4277 1565 4334 immundus
1604 4277 1799 4333 exierit

216 4371 299 4426 ab
329 4370 567 4435 bomine,
597 4369 790 4426 circuit
832 4368 1042 4425 deserta
1095 4377 1152 4424 et
1197 4368 1347 4423 arida
1388 4366 1506 4424 loca
1546 4381 1797 4438 quaerens

1911 525 2269 596 thymiamate
2296 528 2548 585 volantes
2571 527 2817 585 detinent
2838 543 2856 581 t
2881 527 2956 583 ita
2985 535 3041 582 et
3069 527 3332 583 immundi
3372 530 3477 599 spi·

1905 617 2049 673 ritus
2082 619 2231 674 cirea
2260 619 2535 676 immunda
2575 629 2866 691 vagantur,
2900 630 2958 676 et
2983 629 3230 692 quaerunt
3252 637 3359 677 non
3384 623 3476 678 ubi

1908 723 2076 779 purus
2111 718 2198 765 est
2242 707 2362 778 ilos,
2416 712 2510 768 sed
2559 711 2649 766 ubi
2700 713 3115 776 contaminatio.
3148 712 3237 767 ubi
3281 712 3478 770 iabulae

1906 800 2226 866 mendaces.
2276 803 2372 857 ubi
2405 802 2580 876 imago
2631 803 2764 859 salse
2794 804 3042 875 figurata,
3070 804 3161 859 ubi
3210 805 3476 860 sacr-incia

1907 892 2197 961 malitiosa,
2242 893 2333 948 ubi
2372 894 2628 951 mulieres
2668 896 2971 966 impudica,
3013 897 3105 951 ubi
3147 897 3247 951 viri
3296 896 3475 964 incisi,

1905 981 1997 1036 ubi
2026 981 2113 1037 dei
2144 982 2377 1038 adulteri
2411 984 2513 1055 (7),
2551 985 2642 1040 ubi
2674 986 2787 1041 deae
2827 985 3186 1049 fornicantes.
3219 987 3310 1042 ubi
3350 1002 3480 1043 sau-

1902 1071 2025 1142 guis
2069 1082 2123 1128 et
2139 1074 2381 1143 pollutio.
2410 1075 2499 1130 ubi
2531 1076 2697 1144 tibiae,
2729 1076 2819 1132 ubi
2849 1077 3089 1141 saltatio.
3116 1076 3208 1132 ubi
3239 1077 3475 1142 nuditas,

1904 1163 1993 1219 ubi
2023 1166 2202 1221 omnis
2235 1167 2534 1236 turpitudo.
2563 1167 2623 1223 ln
2671 1168 2974 1225 istiusmodi
3019 1170 3284 1226 immundi
3317 1172 3478 1243 spiri-

1905 1262 1990 1310 tus
2018 1256 2382 1326 requiescunt.
2410 1258 2468 1315 Si
2499 1270 2687 1316 autent
2722 1262 2925 1319 viderit
2949 1262 3187 1334 aliquem
3217 1264 3269 1318 in
3287 1264 3475 1320 babitu

1903 1348 2098 1417 pudico
2139 1360 2199 1405 et
2233 1351 2489 1421 honesto,
2515 1354 2765 1409 indutum
2802 1369 2924 1411 esse
2954 1356 3238 1411 Dominum
3263 1354 3476 1419 lesum,

1903 1437 2090 1493 statim
2134 1437 2298 1506 dicit;
2345 1455 2469 1510 quae
2517 1441 2654 1498 dicit
2722 1444 3022 1512 permitte:
3052 1444 3183 1516 quid
3223 1446 3379 1502 nobis
3418 1453 3477 1500 et

1907 1529 2042 1586 tibi?
2084 1527 2201 1586 Non
2241 1541 2326 1587 est
2358 1541 2545 1603 aptum
2587 1533 2769 1590 lumen
2808 1535 2895 1591 his
2922 1536 3018 1607 qui
3050 1536 3162 1593 laesi
3196 1547 3324 1594 aunt
3347 1554 3479 1594 ocu·

1905 1621 2006 1688 lis;
2053 1623 2121 1678 ad
2157 1623 2411 1680 tenebras
2438 1625 2586 1680 enim
2605 1635 3018 1693 convertentur,
3046 1630 3297 1685 tenebras
3331 1630 3475 1686 inse-

1905 1712 2163 1783 quentur',
2189 1714 2246 1770 in
2286 1714 2532 1772 tenebris
2575 1715 2948 1787 requiescunt.
2980 1717 3113 1774 Cum
3146 1729 3322 1776 autem
3364 1722 3476 1791 spi-

1899 1804 2038 1860 ritus
2064 1805 2378 1862 immundus
2403 1807 2687 1876 quaesierit
2721 1808 2777 1862 in
2811 1809 3041 1865 desertis
3069 1819 3126 1865 et
3156 1811 3323 1867 aridis
3345 1810 3477 1868 locis

1901 1895 2142 1964 requiem
2171 1903 2226 1951 et
2255 1909 2362 1951 non
2387 1897 2675 1964 inveni-rit.
2708 1901 2918 1956 exierat
2937 1901 3082 1958 enim
3107 1902 3180 1958 ab
3214 1902 3432 1959 bomine
3461 1920 3479 1960 t

1899 1984 2154 2051 Redeunt,
2182 1986 2384 2057 inquit,
2407 1991 2477 2042 ud
2518 1990 2728 2044 domum
2759 2007 2927 2046 nuum
2953 1994 3090 2048 unde
3113 1996 3252 2051 exiri
3269 1997 3338 2051 ⁸⁸.
3371 1994 3481 2053 Do·

1900 2091 2047 2133 ntum
2101 2092 2256 2132 suam
2315 2088 2477 2133 vocat
2517 2094 2667 2142 eum.
2691 2081 2784 2149 qui
2821 2082 3056 2137 voluerit
3113 2088 3308 2141 doinus
3359 2100 3484 2146 esso

1898 2168 2039 2240 ejus.
2076 2166 2136 2223 Si
2168 2176 2351 2224 autent
2384 2168 2627 2235 redierit,
2656 2169 2852 2238 iuquit,
2879 2171 3104 2239 spiritus
3137 2173 3472 2241 immundus.

1899 2269 1957 2316 ct
1990 2259 2256 2316 invenerit
2306 2259 2582 2315 bominem
2644 2260 2794 2316 illurn
2852 2274 3099 2331 paratum
3152 2265 3258 2321 sibi
3285 2279 3303 2320 t
3346 2270 3476 2337 quia

1897 2353 2044 2407 enirn
2077 2350 2211 2408 vidit
2245 2352 2481 2424 spatium
2533 2353 2589 2407 in
2645 2351 2812 2420 malo,
2854 2367 2962 2407 non
3013 2354 3127 2409 vult
3176 2355 3291 2424 lam
3327 2359 3478 2413 solus

1900 2445 2169 2511 babitare,
2197 2447 2294 2502 sed
2319 2446 2468 2502 vadit
2498 2454 2554 2502 et
2580 2445 2813 2502 assumit
2838 2445 2978 2504 alios
3000 2456 3211 2518 septem
3248 2450 3478 2521 spiritus

1899 2536 2004 2594 sibi
2049 2537 2363 2608 nequiores,
2398 2551 2454 2593 et
2501 2538 2718 2609 octuplo
2767 2546 3031 2611 quantum
3069 2538 3137 2595 ad
3186 2554 3475 2595 numerum

1899 2627 2028 2700 quia
2058 2629 2273 2701 pejores
2302 2629 2554 2687 assumit.
2592 2628 2709 2686 Nun
2739 2632 2886 2687 enim
2912 2641 3176 2700 quantum
3216 2646 3477 2688 numerus

1901 2720 2247 2793 multiplicat,
2278 2730 2487 2777 tantum
2518 2722 2695 2779 sotum
2725 2732 2782 2781 et
2807 2723 3015 2781 matuta
3049 2708 3216 2783 aduri.
3246 2722 3322 2780 ua
3350 2739 3475 2781 cum

1901 2817 2131 2886 coeperit
2155 2817 2280 2886 quis
2301 2819 2508 2874 moveri
2538 2816 2608 2874 ad
2641 2833 2864 2875 cursum
2895 2821 3121 2885 maium,
3152 2821 3337 2875 autad
3357 2830 3475 2876 tur-

1901 2921 2026 2978 pem
2052 2906 2321 2978 loquelam
2350 2921 2506 2963 suam
2533 2907 2806 2978 paraverit
2831 2908 3104 2979 tinguam3
3139 2910 3344 2967 invenit
3365 2911 3474 2980 spi·

1902 2998 2044 3055 ritus
2068 2999 2382 3055 immundus
2406 3010 2819 3070 operatnentum
2845 2998 2956 3069 jam
3001 3002 3297 3071 incipiente
3329 3003 3470 3058 mala

1902 3090 1974 3145 ab
2006 3088 2251 3156 bomine,
2301 3096 2357 3145 et
2400 3090 2648 3162 suggerit
2688 3090 2894 3160 peiora,
2930 3099 2988 3145 et
3022 3090 3188 3147 eflicit
3222 3092 3323 3148 ista
3350 3108 3473 3163 quae

1901 3190 1961 3237 et
1987 3181 2207 3238 videtis.
2241 3179 2361 3238 Non
2391 3181 2537 3236 enim
2569 3188 2653 3237 est
2682 3180 2829 3252 quod
2871 3180 3069 3236 videtis
3108 3190 3343 3249 tantum,
3377 3184 3474 3239 sed

1901 3272 2274 3343 unusquisque
2320 3286 2512 3326 eorum
2542 3280 2747 3342 septem
2782 3280 2838 3326 et
2865 3270 3049 3342 plures
3088 3282 3231 3327 sunt.
3263 3271 3397 3328 Nam
3421 3283 3475 3327 et

1903 3363 2086 3433 plures
2133 3362 2337 3419 babent
2364 3363 2656 3418 demones.
2694 3361 2907 3433 Siquis
2950 3373 3130 3418 autem
3169 3365 3468 3419 recedenti·

1900 3455 2003 3512 bus
2027 3455 2385 3518 damonibus,
2417 3455 2560 3510 sicut
2609 3454 2871 3510 ebrietate
2902 3456 3207 3520 recedente,
3237 3456 3470 3511 voluerit

1907 3546 2273 3620 interrogare.
2313 3548 2357 3604 si
2399 3559 2579 3605 tamen
2610 3559 2666 3603 et
2699 3549 2988 3619 agnoverit
3013 3546 3245 3616 aliquem
3280 3562 3469 3603 eorum

1902 3640 1996 3709 qui
2033 3654 2180 3695 nunc
2207 3638 2518 3709 gloriantur
2545 3639 2599 3694 in
2632 3636 3058 3708 turpitudinibus
3087 3636 3225 3701 suis,
3258 3637 3373 3706 ipse
3397 3638 3473 3692 sit

1900 3731 1990 3800 qui
2033 3729 2265 3786 faciebat
2295 3730 2431 3794 baec.
2473 3740 2567 3786 aut
2604 3728 2756 3794 fecit.
2798 3737 2894 3783 aut
2927 3728 3138 3783 locutus
3167 3735 3293 3794 est;
3345 3741 3473 3784 vero

1900 3822 2130 3880 eflicitur
2175 3824 2306 3879 illud
2355 3822 2709 3894 apostolicum
2759 3821 2961 3877 dictum
2994 3836 3009 3874 ε
3038 3822 3191 3887 Quod
3241 3821 3472 3890 [ructum

1904 3916 2176 3970 habebaris
2204 3925 2353 3981 tunc,
2381 3916 2434 3969 in
2456 3916 2642 3986 quibus
2667 3930 2804 3968 nunc
2827 3911 3311 3981 confundimiui¹⁸2
3347 3910 3472 3967 Sic-

1901 4016 1958 4062 ut
1996 4007 2141 4061 euim
2207 4021 2348 4062 nunc
2395 4006 2640 4062 videmus
2697 4005 3004 4060 immundos
3049 4005 3276 4075 spiritus
3326 4004 3472 4059 acci·

1901 4100 2110 4170 pientes
2145 4096 2510 4161 occasionem,
2558 4096 2809 4167 persequi
2838 4111 2902 4152 ea
2944 4110 3064 4165 quae
3107 4094 3305 4150 similia
3340 4104 3469 4151 suut

1899 4192 2001 4247 sibi
2029 4190 2144 4246 :ita
2189 4198 2245 4246 et
2304 4197 2434 4244 tuuc
2480 4189 2606 4258 quia
2655 4188 2875 4243 sordida
2945 4197 3102 4243 erant
3150 4188 3473 4243 vestimenta

1899 4281 2203 4339 sacerdotis
2239 4281 2360 4352 ejus
2408 4280 2500 4350 qui
2551 4278 2731 4335 luerat
2785 4280 2954 4343 visus.
2995 4280 3173 4336 stabat
3229 4279 3474 4333 diabolus

1900 4374 1969 4430 ad
2025 4371 2306 4428 dexteram
2371 4369 2488 4440 ejus
2545 4370 2767 4441 cupiens
2833 4385 2957 4426 eum
3019 4384 3212 4423 nocere
3256 4378 3475 4436 propter

220 4465 497 4531 requiem,
544 4462 670 4531 quia
717 4476 825 4517 non
866 4460 1163 4517 delectatur
1209 4475 1418 4531 pacem,
1468 4474 1644 4532 neque
1685 4460 1799 4518 vult
1828 4467 1874 4525 Ι)
1902 4466 2119 4522 sordida
2156 4465 2507 4521 vestimenta.
2558 4463 2748 4518 Stabat
2801 4472 2983 4516 autem
3014 4471 3067 4515 et
3099 4457 3322 4530 angelus
3354 4457 3468 4512 Dei.

216 4553 558 4620 habitacula,
582 4556 675 4611 sed
703 4555 915 4610 deserta
947 4553 1165 4625 quaerit,
1192 4564 1287 4609 aut
1325 4562 1524 4609 terram
1553 4561 1647 4608 aut
1674 4554 1795 4608 aui-

220 4659 381 4701 nnam
405 4647 615 4716 quaerit.
654 4643 763 4702 Nec
785 4645 874 4700 ubi
894 4659 1085 4699 aurum
1116 4646 1274 4701 malis
1314 4646 1521 4702 artibus
1552 4659 1793 4701 comma·

216 4737 511 4793 chinatum
550 4747 636 4793 est
671 4738 726 4791 in
768 4737 1075 4794 simulacris
1101 4737 1320 4807 quaerit,
1348 4752 1448 4794 nec
1471 4737 1561 4792 ubi
1604 4752 1797 4808 argen-

220 4837 349 4883 tum
393 4827 532 4882 male
575 4816 872 4884 conflatunt’
916 4837 999 4884 est
1025 4835 1083 4882 ut
1126 4828 1464 4883 adoraretur.
1500 4828 1685 4885 Sicubi
1724 4827 1792 4882 li-

214 4932 396 4988 guum
430 4933 519 4974 ars
548 4927 641 4974 aut
667 4918 863 4974 idolum
895 4918 1136 4991 sculpsit,
1184 4920 1357 4977 sicubi
1388 4918 1619 4990 lapidem
1672 4935 1792 4976 ere·

214 5018 431 5068 xerunt
458 5027 649 5068 manus
682 5012 749 5067 ad
780 5011 1104 5080 colendumg
1157 5012 1292 5069 tales
1337 5014 1531 5085 quaerit
1574 5014 1787 5086 requies

218 5103 456 5172 spiritus
498 5104 825 5159 immundus.
874 5103 1058 5159 Sicubi
1108 5105 1349 5176 sanguis.
1381 5106 1557 5161 sicubi
1607 5108 1790 5174 nidor,

220 5193 411 5255 sicubi
445 5197 795 5260 seducantur,
830 5195 1004 5251 sicubi
1029 5194 1265 5258 theatra.
1298 5195 1474 5252 sicubi
1505 5195 1634 5251 nudi
1664 5211 1794 5252 cur·

256 5296 440 5351 entes,
472 5287 642 5342 sicubi
675 5288 848 5358 turpia
875 5286 1183 5356 loquentes.
1231 5295 1291 5341 et
1320 5286 1558 5357 turpiora
1600 5289 1797 5346 admit-

290 5388 433 5446 ntes‚
472 5389 527 5435 et
565 5381 707 5437 sicut
747 5382 926 5451 apium
966 5381 1255 5451 progenies
1300 5380 1552 5435 acerrimi
1571 5382 1793 5450 quidam

300 5563 349 5597 ¹⁸
384 5562 549 5625 zac-u.
585 5581 666 5632 ιιι,
696 5568 748 5622 1.
822 5566 867 5599 ¹¹
907 5566 1036 5623 ibid.
1070 5566 1121 5623 8.

258 5683 383 5808 ligi.-
438 5682 537 5738 kls.
590 5682 753 5739 Facta
797 5694 969 5740 eutem
1015 5693 1134 5740 sum
1182 5682 1283 5738 ista
1316 5698 1433 5755 qum
1466 5680 1625 5748 vides,
1676 5699 1794 5754 pro·

222 5774 256 5814 0
275 5774 324 5809 lt'
349 5774 401 5806 (Ι.

1231 5567 1277 5597 ¹⁸
1300 5564 1488 5621 itaut».
1510 5578 1607 5632 ιιι,
1638 5565 1727 5623 43.
1823 5571 1872 5604 ¹⁸
1893 5569 2021 5629 ibid.
2049 5566 2141 5623 41.

1902 4552 1974 4609 Et
2008 4554 2157 4620 dicit,
2201 4552 2398 4622 inquit,
2442 4551 2660 4622 angelus
2703 4549 2796 4604 Dei
2834 4546 3343 4618 diabolo:1ncrepet
3377 4547 3471 4601 tibi

1902 4645 2182 4701 Dominus.
2231 4642 2373 4709 Hoc,
2422 4641 2616 4712 inquit,
2651 4642 2889 4696 relictam
2932 4649 3007 4695 est
3044 4641 3109 4693 ab
3147 4641 3284 4710 ique,
3308 4649 3357 4693 et
3395 4639 3471 4694 sis

1901 4755 2021 4793 eum
2060 4734 2460 4792 comburere⁸⁸2
2505 4734 2572 4791 Et
2614 4743 2737 4805 post
2789 4733 2895 4788 boc
2950 4732 3207 4801 pra-cepit
3250 4730 3473 4803 angelus

1901 4827 2102 4885 auferri
2137 4841 2167 4882 a
2213 4827 2502 4883 sacerdote
2538 4825 2753 4881 sordida
2795 4825 3136 4887 vestimenta,
3183 4832 3234 4877 e·
3281 4824 3466 4879 vestiri

1900 4936 2024 4978 euin
2062 4920 2285 4976 munda.
2313 4919 2380 4975 Et
2404 4919 2660 4976 sacerdos
2678 4917 2894 4990 quidem
2923 4916 3014 4986 qui
3049 4915 3328 4972 videbatur
3359 4930 3463 4968 uou

1907 5011 2134 5077 aderat;
2171 5010 2266 5066 sed
2305 5012 2602 5067 constituto
2644 5026 2710 5066 eo
2748 5007 2898 5075 alibi,
2945 5009 3226 5063 videbatur
3268 5023 3298 5060 a
3348 5020 3468 5074 pro·

1903 5106 2088 5174 pheta,
2116 5112 2173 5160 et
2193 5103 2412 5159 sordida
2441 5104 2670 5159 vestitus
2694 5112 2811 5158 erat
2846 5101 3187 5164 vestimenta,
3209 5098 3299 5153 illo
3329 5096 3469 5151 sorte

1901 5194 2135 5251 candida
2170 5195 2390 5251 vestito.
2445 5192 2513 5249 Et
2558 5194 2754 5250 iterum
2803 5193 3121 5248 immutatur
3150 5190 3268 5258 eius
3301 5188 3467 5243 vestis

1900 5290 1994 5362 qui
2035 5289 2318 5344 videbatur
2362 5303 2390 5343 a
2436 5289 2722 5360 propbeta.
2751 5299 2804 5344 et
2845 5288 2932 5342 ille
2979 5303 3085 5342 non
3117 5282 3340 5338 mutavit
3372 5282 3464 5350 qui

1902 5399 2009 5440 nou
2045 5392 2164 5438 erat
2193 5384 2246 5436 iu
2277 5380 2504 5438 visione.
2539 5382 2605 5436 Et
2633 5383 2884 5452 provenit
2918 5392 3174 5452 quantuni
3210 5381 3275 5433 ad
3305 5379 3465 5433 visio·

2238 5565 2285 5599 ¹⁸
2321 5566 2476 5622 Rom.
2506 5564 2688 5631 v=‚2t.
2765 5566 2811 5597 ¹⁸
2842 5564 3004 5622 Zach.
3041 5562 3182 5631 ιιι,9.

1972 5686 2049 5757 (7)
2081 5684 2178 5743 Ms.
2208 5682 2311 5741 Ubi
2344 5685 2426 5740 dei
2455 5684 2829 5739 adulterantes.
