3692 6134
323 310 393 367 ts
1020 305 1289 362 EUSEBII
1325 305 1791 363 cAESAmENstS
1829 307 1977 363 opt‘.
2013 306 2196 365 PARS
2229 309 2320 366 tn.
2356 338 2428 352 ·—-
2463 309 2871 369 EXEGETICA.
3484 321 3553 375 ¹6

321 429 633 486 mucinens.
660 426 829 483 Porro
854 428 929 482 ita
958 429 1202 484 seniores
1221 427 1416 484 docent
1435 428 1884 494 adolescentulos,
1914 436 1961 492 A
1988 429 2142 495 νέους
2164 431 2216 485 οἱ
2253 433 2639 504 γεγηρακότες,
2679 434 2772 487 καὶ
2802 434 2852 487 οἰ
2886 433 3123 505 μαθηταὶ
3152 434 3514 490 ὑπακούουσιν
3532 454 3548 468 ·

318 522 409 591 qui
450 520 839 593 discipulorum
871 518 1044 575 instar
1075 521 1402 575 auscultant.
1443 519 1626 576 lsraeli
1674 530 1881 585 autem,

319 616 485 670 Deum
532 615 672 669 intra
726 627 785 667 se
830 611 1152 680 possidenti,
1191 611 1370 667 dicere
1423 611 1718 682 congruit:
1757 609 1881 665 Nisi

317 706 575 760 Dominus
648 703 836 773 [uisset
897 704 952 755 in
1010 702 1179 758 nobis.
1245 700 1562 773 Huiusmodi
1611 711 1731 757 erat
1779 703 1881 758 sub

318 797 503 867 Moyse
577 794 743 850 lsrael
771 834 788 861 ‚
854 793 940 850 cui
1010 794 1289 850 dicebatur
1327 810 1341 848 :
1398 792 1531 859 Sile,
1582 802 1632 847 et
1699 794 1826 847 audi
1860 832 1877 859 ,

316 886 511 943 Israel.
560 886 816 944 Dominus
875 902 969 957 pro
1014 886 1156 942 vobis
1204 887 1490 958 pugnabit,
1529 898 1575 940 et
1629 902 1717 940 cos
1756 886 1880 940 sile-

317 980 441 1034 bitis
472 979 514 1032 ⁸.

492 1071 653 1126 Vns.
680 1070 735 1125 3.
768 1068 817 1123 F
818 1082 1017 1126 ortnsss
1041 1071 1182 1126 vivos
1227 1070 1567 1141 deqlutissent
1593 1087 1708 1127 nos.

381 1160 722 1216 calamitatis
756 1169 988 1230 tempus,
1013 1161 1263 1230 quamvis
1287 1159 1360 1215 sit
1388 1159 1699 1226 vehemens,
1730 1158 1876 1214 nibi-

314 1251 550 1307 lomiuus
576 1251 837 1307 torrentis
870 1250 1046 1305 instar
1087 1251 1252 1306 breve
1281 1259 1386 1306 est.

588 1341 749 1396 Vens.
781 1340 832 1396 6.
864 1341 1183 1397 Benedictus
1207 1341 1484 1406 Dominus,
1521 1349 1628 1400 etc.

380 1435 557 1504 Quem
581 1449 710 1491 vero
735 1433 960 1490 laudare
986 1435 1312 1505 hymnisque
1343 1434 1624 1491 celebrare
1664 1443 1876 1503 oporte-

308 1525 423 1592 bat,
448 1534 735 1597 propterea
785 1525 926 1590 quod
948 1524 1141 1593 praedae
1163 1540 1268 1581 uon
1294 1523 1554 1582 tuen-imus
1566 1526 1875 1582 bominibus

311 1621 401 1690 qui
437 1620 706 1690 deglutire
730 1634 830 1673 nos
853 1616 1130 1682 volebant,
1163 1617 1266 1673 nisi
1302 1617 1584 1673 Dominum
1610 1619 1701 1689 qui
1733 1619 1875 1689 apud

311 1724 413 1765 nos
443 1709 572 1765 est?
609 1708 802 1780 Utique
829 1707 905 1762 illi
934 1707 1002 1762 ad
1039 1717 1321 1777 capturam
1353 1718 1591 1763 nostram
1632 1719 1871 1775 ruentes,

309 1808 370 1853 ut
395 1813 496 1853 uos
520 1798 866 1861 devorarent,
905 1795 1131 1851 consilia
1183 1784 1281 1851 su'a
1332 1796 1561 1866 exsequi
1601 1797 1743 1851 haud
1780 1813 1875 1867 po-

294 1894 554 1943 ·tuernnt.
607 1883 926 1953 Exasperati
974 1883 1118 1939 enim
1170 1885 1378 1940 crudeli
1425 1887 1608 1943 animo
1663 1887 1869 1954 leones,

304 1977 563 2034 dentibus
589 1976 703 2032 suis
727 1990 828 2032 nos
855 1988 1052 2045 capere
1079 1973 1350 2040 avebant;
1377 1977 1470 2032 sed
1504 1987 1681 2032 tamen
1706 1994 1873 2046 scopo

308 2082 410 2123 suo
438 2065 602 2138 potiri
632 2064 1012 2137 nequiverunt,
1044 2065 1185 2119 baud
1209 2080 1308 2120 nos
1339 2065 1450 2138 illis
1475 2067 1720 2122 tradente
1764 2068 1871 2123 uo-

308 2161 455 2214 mino
484 2177 500 2213 ε
530 2158 615 2213 cui
643 2160 809 2214 etlam
836 2155 1228 2221 benedicimus,
1254 2157 1346 2226 qui
1375 2172 1474 2212 nos
1503 2171 1534 2212 a
1566 2158 1872 2217 furentibus

292 2247 833 2306 'ltostibus'liberavit
942 2293 949 2308 2

787 2337 1107 2396 psalmus
1143 2336 1379 2393 CXXIV.

585 2426 747 2487 Vsus.
777 2432 832 2486 2.
869 2429 1069 2486 Montes
1093 2427 1157 2486 'in
1196 2432 1421 2485 circuitu
1449 2429 1585 2501 ejus.

374 2522 498 2580 llaec
526 2523 685 2579 aiunt
712 2524 803 2593 qui
845 2524 1002 2594 louga
1035 2536 1257 2577 emensa
1296 2522 1379 2577 via
1423 2523 1496 2577 ad
1528 2523 1870 2578 materialem

301 2611 599 2672 Jerusalem
639 2614 842 2690 reversi
887 2622 1049 2681 sunt,
1076 2627 1195 2684 ‘ceu
1237 2611 1352 2679 iam
1394 2611 1447 2666 in
1498 2622 1612 2668 tuto
1656 2613 1868 2669 consti·

304 2697 427 2776 tuti,
460 2721 559 2763 nec
587 2716 696 2761 tam
718 2708 851 2761 loco·
865 2719 1026 2776 quam
1054 2704 1249 2760 fiducia
1279 2719 1406 2775 erga
1439 2702 1728 2760 Dominum
1751 2705 1869 2760 ala-

292 2813 462 2865 cres3
494 2797 640 2868 quod
664 2812 794 2852 sane
820 2797 1015 2852 melius
1044 2805 1129 2851 est
1153 2810 1316 2867 quam
1350 2795 1500 2851 urbis
1529 2794 1866 2852 Hierusalem

301 2889 589 2948 incolatus.
613 2888 883 2944 Praeterea
918 2886 1138 2943 ubinam
1176 2886 1370 2941 melius
1400 2901 1464 2941 se
1507 2885 1734 2944 haberet
1768 2877 1894 2959 poss'

300 2980 498 3051 putus?
537 2979 671 3036 Nam
705 2979 879 3036 locum
905 2980 1123 3050 quidem
1147 2978 1506 3035 circumstare
1539 2988 1748 3037 montes
1774 2981 1862 3037 bic

1997 520 2212 592 Ἰσραὴλ
2247 521 2305 575 δὲ
2336 522 2431 575 τοῦ
2481 523 2696 594 ἔχοντος
2730 526 2790 577 ὲν
2828 525 3004 595 ἑαυτῷ
3043 526 3134 578 τὸν
3168 525 3320 587 Θεὸν,
3355 528 3416 581 τὸ
3456 528 3551 581 δύ-

1981 608 2174 663 νασθαι
2196 608 2391 680 λέγειν·
2407 612 2478 665 El
2496 611 2583 682 μὴ
2612 612 2699 665 ὅτι
2725 615 2938 681 Κύριος
2961 611 3040 684 ἦν
3063 615 3133 668 ἐν
3153 615 3315 685 ἡμῖν.
3362 618 3551 672 Τοιοῦ-

1979 714 2071 762 τος
2098 694 2166 770 ἦν
2198 702 2227 753 ὁ
2264 701 2368 755 ὑπὸ
2411 703 2689 767 Μωῦσέως
2723 704 3014 774 γενόμενος
3069 704 3303 777 Ἰσραὴλ,
3344 701 3388 776 ᾧ
3434 710 3552 764 ἑλέ-

1978 806 2135 860 γετο·
2165 790 2383 857 Σιώπα,
2405 793 2504 847 καί
2532 793 2733 858 ἄκουε,
2775 794 3041 863 Ἰσραήλ·
3073 797 3171 849 καὶ
3198 799 3412 864 Κύριος
3438 814 3550 851 πο-

1978 878 2228 950 λεμήσει
2259 880 2412 951 ὑπὲρ
2436 882 2625 953 ὑμῶν,
2659 882 2760 939 καὶ
2787 884 2956 954 ὑμεῖς
2985 884 3336 955 σιγήσεσθε.

2263 1064 2402 1131 Ἆρα
2432 1060 2651 1130 &ortae
2676 1064 2753 1118 ἂν
2774 1064 3058 1119 κατέπιον
3087 1064 3262 1135 ἡμᾶς.

2046 1150 2156 1205 Καὶ
2205 1152 2235 1204 ὁ
2272 1154 2655 1226 περιστατικδς
2694 1153 2751 1207 δὲ
2798 1155 3006 1226 καιρὸς,
3058 1156 3106 1208 εί
3150 1156 3245 1209 καὶ
3296 1154 3545 1228 σφοδρὸς,

1976 1243 2114 1298 ἀλλὰ
2142 1245 2440 1317 χειμάρρου
2472 1245 2626 1319 δίκην
2663 1247 3038 1320 ὀλιγοχρόνιος.

2333 1338 2678 1408 Εὐλογητὸς
2702 1341 2936 1409 Κύριος,
2976 1357 3030 1394 κ.
3056 1357 3107 1393 τ.
3142 1339 3189 1394 λ.

2048 1425 2157 1480 Καὶ
2173 1427 2295 1481 τίνα
2323 1428 2566 1498 εὐλογεῖν
2598 1430 2693 1484 καὶ
2719 1431 2905 1502 ὑμνεῖν
2938 1430 3045 1484 ἔδει
3083 1432 3178 1484 ἐπὶ
3197 1431 3275 1503 τῷ
3302 1433 3376 1504 μὴ
3405 1433 3545 1487 ἀλῶ-

1974 1533 2062 1571 ναι
2096 1521 2211 1584 τοῖς
2270 1520 2615 1591 βουλομένοις
2661 1521 2869 1587 ζῶντας
2906 1527 3192 1577 καταπιεῖν
3240 1526 3389 1596 ἡμᾶς
3444 1528 3543 1580 ἀν-

1975 1606 2232 1680 θρώποις,
2263 1611 2295 1682 ἢ
2326 1612 2416 1666 τὸν
2457 1613 2658 1685 Κύριον
2688 1615 2780 1668 τὸν
2806 1614 2935 1668 δντα
2956 1617 3016 1668 ὲν
3046 1618 3210 1687 ἠμῖν;
3247 1619 3309 1669 ot
3348 1616 3441 1670 ἐπὶ
3483 1618 3546 1671 τὸ

1975 1697 2236 1772 θηρεῦσαι
2263 1702 2410 1772 ἡμᾶς
2436 1703 2799 1775 ὁρμήσαντες,
2830 1705 2917 1760 ἰ’να
2953 1707 3337 1775 καταφάγωσιν
3372 1708 3542 1777 ἡμᾶς,

1972 1790 2033 1843 ού
2072 1790 2382 1863 δεδύνηνται
2413 1793 2490 1857 ὡς
2516 1792 2773 1849 ἔσπευδον
2818 1796 3109 1851 διαθεῖναι·
3152 1796 3547 1868 ὲξηγριωμένοι

1973 1882 2081 1956 γάρ
2112 1884 2161 1937 οί
2184 1883 2465 1956 ὠμόθυμοι
2503 1885 2713 1950 λέοντες
2739 1890 2853 1951 τοῖς
2881 1887 3091 1942 ὀδοῦσιν
3128 1888 3305 1942 αὐτῶν
3343 1887 3543 1961 θηρεῦ-

1972 1990 2063 2028 σαι
2096 1976 2243 2046 ἡμᾶς
2280 1975 2583 2047 ὲγλίχοντο·
2629 1977 2745 2032 ἀλλ’
2783 1979 2883 2031 οὐκ
2924 1980 3187 2049 ἐπέτυχον
3234 1978 3329 2033 τοῦ
3372 1995 3544 2033 σπου-

1969 2066 2285 2138 δαζομὲνου,
2327 2067 2401 2141 μὴ
2441 2068 2622 2134 δόντος
2654 2071 2803 2140 ἡμᾶς
2841 2068 2938 2123 τοῦ
2972 2070 3175 2142 Κυρίου
3197 2087 3211 2100 ·
3236 2068 3295 2124 ὃν
3325 2071 3421 2123 καὶ
3448 2071 3544 2125 εύ-

1969 2156 2233 2229 λογοῦμεν
2283 2159 2588 2230 ῥυσάμενον
2632 2160 2782 2231 ἡμᾶς
2825 2159 2933 2214 ἀπὸ
2975 2158 3094 2219 τῶν,
3138 2160 3371 2228 φονικῶν
3419 2160 3544 2214 καθ’

1970 2247 2126 2320 ἡμῶν
2148 2248 2521 2304 διατεθέντων.

2497 2342 2791 2396 ΨΔΛΜΟΣ
2817 2343 2986 2396 ΡΚΔ’.

2446 2435 2587 2503 Ὄρη
2617 2434 2820 2499 κύκλῳ
2844 2433 3053 2504 αὐτῆς.

2040 2522 2225 2578 Ταῦτά
2263 2540 2431 2595 φασιν
2474 2525 2526 2578 οἱ
2570 2525 2714 2596 μετὰ
2757 2526 2855 2598 τὴν
2893 2526 3111 2599 μακρὰν
3155 2528 3546 2593 ἐπανελθόντες

1966 2613 2272 2687 ὁδοιπορίαν
2317 2615 2412 2670 ἐπὶ
2439 2615 2539 2689 τὴν
2577 2616 2844 2689 αἰσθητὴν
2901 2618 3278 2692 Ἰερουσαλὴμ,
3324 2620 3402 2685 ὡς
3436 2621 3545 2694 ἤδη

1967 2704 2150 2760 λοιπὸν
2193 2707 2253 2759 ὲν
2283 2705 2551 2780 ἀσφαλείᾳ
2597 2708 2900 2780 γενόμενοι,
2930 2710 2991 2763 ού
3039 2710 3119 2783 τῷ
3159 2714 3331 2782 τόπῳ,
3369 2715 3437 2785 τῇ
3483 2713 3543 2767 δὲ

1967 2794 2290 2869 πεποιθήσει
2332 2797 2427 2853 τοῦ
2467 2799 2675 2872 Κυρίου
2727 2797 3076 2873 θαρροῦντες·
3123 2802 3256 2877 dm)
3292 2805 3543 2877 κρεῖττον

1964 2890 2059 2944 τοῦ
2084 2895 2359 2946 κατοικεῖν
2407 2893 2795 2967 Ἰερουσαλήμ·
2832 2896 2927 2950 καὶ
2961 2896 3086 2950 ἐπεὶ
3141 2896 3301 2951 τοῦτο
3320 2898 3399 2968 (5)
3433 2898 3541 2953 ποῦ

1967 2984 2228 3053 κρείττων
2275 2980 2346 3057 ἦν
2385 2985 2415 3038 ὁ
2457 2984 2617 3051 λαός;
2660 2986 2753 3040 τοῦ
2804 2987 2902 3059 μὲν
2948 2987 3116 3042 τόπου
3166 2987 3267 3062 ὅρη
3320 2987 3541 3060 λέγεται

300 3075 589 3142 dicuntnr;
637 3073 818 3145 populi
860 3083 1065 3140 autem,
1112 3074 1268 3142 cujus
1293 3086 1458 3158 causa
1493 3075 1660 3128 etiam
1707 3073 1860 3132 locus
1886 3108 1931 3169 c
1966 3077 2176 3150 κύκλῳι
2220 3078 2320 3158 τοῦ
2350 3078 2409 3132 δὲ
2447 3077 2599 3148 λαοῦ,
2632 3080 2698 3134 δι’
2732 3078 2791 3134 ὃν
2824 3082 2918 3135 καὶ
2954 3081 2984 3134 ὁ
3021 3081 3185 3146 τόπος
3224 3084 3536 3155 τετίμηται,

301 3165 620 3229 bonoratur,
652 3181 777 3221 vere
803 3161 951 3222 Deus
979 3172 1062 3221 est
1104 3176 1310 3233 custos,
1338 3163 1607 3236 sinmlque
1650 3166 1781 3237 toci,
1811 3172 1856 3225 si
1962 3167 2131 3233 ὅντως
2162 3171 2191 3222 ὁ
2214 3168 2366 3235 Θεὸς,
2404 3170 2435 3223 ὁ
2466 3172 2561 3225 καὶ
2589 3168 2682 3225 τὸν
2711 3169 2876 3225 τόπον
2904 3170 3208 3242 φυλάττων,
3257 3172 3345 3225 ὅτε
3384 3173 3538 3241 ἄξιος

300 3261 460 3315 modo
487 3258 711 3327 populus
739 3257 932 3326 dignus
963 3257 1144 3311 luerit.

400 3346 559 3402 Vns.
592 3347 644 3403 5.
690 3346 924 3427 Abducet
963 3346 1217 3427 pominus
1255 3362 1375 3401 cum
1427 3352 1763 3419 operantibus

904 3424 1253 3485 imquitatem.

375 3503 610 3561 Verbum
641 3505 860 3559 abducet
885 3504 978 3560 bic
1009 3505 1280 3576 siguificat
1311 3509 1520 3575 tradem
1547 3524 1740 3581 nempe
1767 3516 1860 3569 ab.

300 3598 460 3653 ducet
486 3597 539 3652 in
570 3596 969 3652 immunditiam
993 3611 1152 3667 quam
1183 3597 1288 3654 sibi
1323 3599 1622 3668 elegerunt,
1652 3601 1706 3666 in
1736 3618 1863 3673 pas-

296 3693 477 3748 siones
516 3690 828 3763 ignominie
856 3691 1255 3763 reprobamque
1293 3702 1561 3758 memem,
1594 3704 1655 3749 ut
1697 3706 1863 3766 agant

297 3802 416 3859 quae
445 3789 665 3843 minime
689 3797 925 3859 oportet.

787 3875 1108 3938 PSALMUS
1153 3880 1365 3937 CXXV.

298 3967 459 4025 Vens.
491 3969 542 4025 Ι.
567 3967 699 4024 Cum
729 3980 1042 4024 cunevet-teret
1069 3969 1323 4026 Dominus
1344 3971 1694 4040 captiuitatem
1708 3970 1857 4027 Sion.

361 4062 607 4132 Apostoli
638 4061 1008 4118 vaticinantur
1033 4061 1148 4117 baec
1181 4062 1251 4117 de
1281 4077 1341 4119 se
1370 4062 1573 4118 dictum
1609 4063 1675 4119 iri
1703 4075 1756 4121 et
1793 4065 1862 4118 de

291 4156 579 4223 gentibus3
628 4154 823 4211 deinde
872 4170 963 4209 res
992 4163 1283 4210 eventuras
1336 4154 1532 4210 semini
1580 4162 1634 4210 et
1674 4154 1859 4210 messi.

291 4246 452 4302 Certe
480 4245 703 4302 navidis
736 4255 980 4316 tempore
1005 4245 1148 4301 nulla
1181 4245 1473 4316 captivitas
1495 4243 1631 4313 suit3
1663 4261 1859 4316 quam-

294 4338 484 4393 obrem
515 4337 583 4394 de
617 4337 845 4408 spiritali
885 4336 1123 4392 sortasse
1165 4350 1348 4393 sermo
1382 4345 1488 4390 est.
1532 4335 1684 4391 Alius
1715 4336 1860 4393 dicet

1962 3258 2167 3323 ὀλαός.

1975 3348 2215 3416 Ἀπάξει
2266 3351 2480 3419 Κύριος
2548 3351 2886 3492 μῗγζμίτξξρν
2949 3351 3352 3423 ἐργαζομένων
3418 3354 3541 3425 τὴν

2034 3510 2109 3565 Τὸ
2148 3509 2384 3578 ἀπάξει,
2420 3512 2480 3566 τὸ
2501 3514 2841 3582 παραδώσει
2872 3514 3047 3586 δηλοῖ·
3067 3517 3147 3581 είς
3175 3517 3272 3590 τὴν
3287 3517 3535 3588 ἀκαθαρ-

1964 3602 2083 3657 σίαν
2119 3606 2185 3676 ἦν
2219 3603 2439 3669 εἴλοντο,
2472 3606 2551 3669 εἰς
2603 3605 2751 3677 πάθη
2782 3624 2843 3660 τε
2886 3609 3110 3681 ἀτιμίας
3145 3612 3237 3665 καὶ
3277 3611 3541 3683 ἀδόκιμον

1961 3692 2104 3758 νοῦν,
2140 3695 2311 3746 ποιεῖν
2343 3693 2412 3747 τὰ
2438 3695 2512 3765 μὴ
2541 3693 2870 3765 καθήκοντα.

2489 3873 2781 3928 ΨΑΛΜθΣ
2814 3864 2987 3930 PKE'.

1974 3963 2070 4017 Ἐν
2083 3962 2164 4031 τῷ
2179 3963 2535 4034 ἐπιστρέψω
2556 3966 2775 4035 Κύριον
2791 3966 2907 4035 τὴν
2928 3969 3340 4037 αἰχμαλωσίαν
3361 3970 3532 4025 Σιών.

2032 4055 2096 4108 Oi
2139 4056 2427 4130 ἀπόστολοι
2473 4057 2646 4113 ταῦτα’
2690 4049 3121 4131 προφητεύονται
3172 4059 3344 4127 λέξειν
3398 4066 3533 4135 περὶ

1961 4147 2167 4203 ἑαυτῶν
2187 4150 2288 4205 καὶ
2309 4147 2419 4205 τῶν
2445 4151 2504 4205 ἐν
2530 4142 2642 4215 τοῖς
2672 4149 2870 4217 ἔθνεσι,
2906 4152 3000 4218 καὶ
3032 4153 3171 4223 μετὰ
3198 4154 3368 4208 ταῦτα
3394 4157 3534 4210 ἀποω

1961 4240 2239 4309 φανεῖσθαι
2270 4243 2399 4314 περὶ
2425 4242 2627 4315 σπόρου
2659 4242 2753 4296 καὶ
2784 4225 3068 4315 θερισμοῦ·
3102 4244 3242 4298 κατὰ
3276 4247 3400 4311 τοὺς
3431 4246 3530 4301 τοῦ

1958 4333 2120 4387 seete
2147 4334 2371 4408 χρόνους
2400 4335 2500 4387 ούκ
2523 4330 2591 4407 ἦν
2622 4337 2655 4407 ἡ
2690 4335 3035 4408 αἰχμαλωσία
3057 4352 3071 4367 ·
3103 4335 3246 4407 τάχα
3276 4334 3370 4391 οῦν
3402 4340 3533 4412 περὶ

292 4432 408 4487 ltaec
435 4429 750 4500 prophetice
781 4428 1081 4497 signiticari
1114 4427 1318 4483 futura.
1346 4424 1549 4497 Nempe.
1582 4427 1855 4499 aliquanta
1889 4443 1932 4498 ι)
1956 4426 2061 4499 τῆς
2087 4427 2283 4499 νοητῆς
2303 4426 2478 4481 ταῦτά
2506 4443 2667 4498 φησιν
2687 4444 2700 4458 ·
2723 4429 2840 4500 ὲρεί
2853 4428 2911 4481 δὲ
2942 4428 3118 4492 ἄλλος,
3150 4429 3230 4482 ὅτι
3264 4447 3534 4502 προφητι-

289 4520 626 4592 captivorum
660 4535 787 4591 pars
821 4517 1095 4591 Babylone
1142 4519 1340 4584 redux.
1403 4526 1720 4589 recuperata
1758 4514 1853 4572 Je-

291 4613 546 4678 rusalem,
585 4614 654 4667 de
701 4613 768 4668 iis
799 4612 890 4683 qui
922 4610 1191 4683 Babylone
1238 4616 1631 4677 remanserant,
1675 4609 1854 4665 canti-

285 4721 410 4762 cum
442 4707 544 4761 ltoc
577 4720 682 4759 nott
719 4704 838 4759 sine
865 4704 1005 4760 botta
1036 4702 1444 4772 exspectatione
1486 4702 1595 4757 Deo
1619 4701 1848 4757 extollit.

283 4798 450 4854 Aiunt
469 4812 598 4868 ergo
627 4794 861 4851 noudum
889 4809 1047 4849 suum
1072 4793 1329 4865 gaudium
1344 4806 1466 4848 esse
1490 4791 1851 4863 completum;

284 4892 403 4949 sore
432 4901 637 4956 autem,
671 4903 793 4943 cum
825 4886 1075 4942 universa
1100 4888 1249 4941 natio
1285 4899 1355 4941 ex
1402 4884 1586 4942 hostili
1633 4885 1854 4955 regione

283 4986 352 5040 ad
384 4983 661 5053 propriam
706 4980 945 5036 redierit.
997 4978 1149 5033 Hanc
1187 4977 1445 5033 nimirum
1483 4977 1585 5032 loci
1631 4989 1848 5032 senteu-

285 5078 415 5131 tiam
447 5074 640 5144 reliqui
664 5074 985 5139 interpretes
1021 5071 1258 5125 sistunt:
1295 5085 1419 5124 nam
1448 5084 1567 5139 pro,
1596 5067 1726 5136 [acti
1755 5083 1852 5119 su·

281 5185 401 5224 snus
420 5169 556 5223 sicut
594 5165 887 5230 consolati,
929 5162 1271 5220 concorditer
1301 5176 1491 5216 omnes
1529 5162 1717 5215 aiunt:
1761 5159 1851 5228 [α-

280 5261 355 5315 cti
375 5275 557 5314 sumus
593 5260 740 5329 quasi
771 5257 1126 5318 somniantem
1163 5269 1266 5309 uon
1298 5264 1480 5308 autem
1511 5267 1639 5307 vera
1684 5250 1847 5306 liber·

1959 4518 2071 4582 κῶς
2095 4518 2157 4573 τὸ
2189 4516 2378 4589 μέλλον
2410 4517 2661 4590 δηλοῦται
2688 4517 2806 4593 (5⁶).
2825 4550 2893 4561 -
2913 4518 3091 4592 Μέρος
3117 4536 3169 4572 τι
3199 4520 3299 4591 τῆς
3325 4523 3533 4593 αἰχμα-

1958 4608 2158 4675 λωσίας
2187 4609 2479 4665 ὲπανελθὺν
2499 4611 2610 4666 ἀπὸ
2634 4612 2736 4683 τῆς
2766 4612 3102 4682 Βαδυλῶνος,
3134 4614 3227 4668 καὶ
3255 4614 3531 4669 &nomem

1958 4704 2057 4776 τὴν
2095 4705 2466 4779 Ἰερουσαλὴμ,
2502 4707 2629 4778 περὶ
2660 4707 2767 4761 τῶν
2811 4707 3221 4779 ἀπομεινάντων
3261 4709 3319 4760 ὲν
3352 4707 3532 4761 Βαθυ-

1959 4795 2087 4850 λῶνι
2114 4796 2212 4868 τὴν
2240 4798 2602 4869 προκειμένην
2629 4794 2771 4870 ᾠδὴν
2795 4799 2881 4851 ἐπ’
2911 4799 3143 4868 ἀγαθαῖς
3186 4798 3531 4869 προσδοκίαις

1960 4887 2271 4960 ἀναπέμπει
2293 4903 2311 4922 ·
2354 4889 2488 4958 φασὶ
2528 4889 2585 4942 δὲ
2607 4930 2622 4954 ,
2658 4891 2740 4943 ὅτι
2765 4888 2917 4943 οὔπω
2957 4891 3053 4961 μὲν
3082 4888 3302 4952 τελείως
3329 4888 3398 4942 τὰ
3426 4890 3530 4957 τῆς

1959 4979 2233 5053 ἡμετέρας
2261 4983 2436 5053 χαρᾶς
2472 4982 2855 5053 πεπλήρωται·
2889 4981 3042 5035 ἔσται
3071 4982 3127 5034 δὲ
3160 4980 3316 5034 τοῦτο
3349 4981 3436 5034 ὅτε
3469 4982 3531 5034 τὸ

1958 5071 2067 5123 πᾶν
2109 5068 2261 5135 ἔθνος
2294 5070 2409 5124 ἀπὸ
2446 5073 2543 5143 τῆς
2592 5070 2853 5142 πολεμίας
2895 5072 2986 5125 ἐπὶ
3032 5072 3130 5143 τὴν
3178 5070 3382 5125 οἰκείαν
3423 5072 3529 5141 γῆν

1956 5162 2223 5236 ἐπανέλθῃ
2242 5181 2255 5194 ·
2281 5164 2484 5237 ταύτην
2510 5165 2568 5219 δὲ
2595 5166 2693 5238 τὴν
2721 5166 2959 5220 διάνοιαν
2990 5164 3318 5236 παρίστησιν
3351 5165 3385 5234 ἡ
3417 5163 3530 5216 τῶν

1954 5254 2155 5310 λοιπῶν
2182 5256 2444 5329 ἑρμηνεία
2465 5274 2479 5288 ·
2497 5258 2617 5311 ἀντὶ
2642 5257 2750 5331 γὰρ
2774 5255 2890 5323 τοῦ,
2914 5254 3278 5327 ἐγενήθημεν
3312 5255 3391 5320 ὼς
3416 5271 3531 5324 ,τᾳ-

278 5362 447 5409 tatem
508 5358 752 5408 nostram
797 5349 1007 5405 visione
1067 5356 1393 5416 spectantes.
1455 5343 1625 5399 Porro
1673 5342 1846 5397 instat·
1942 5347 2396 5415 ρακεκλημένοι,
2416 5347 2715 5419 συμφώνως
2748 5349 2798 5402 οἱ
2818 5348 3016 5411 πάντες
3048 5346 3530 5417 ‹paemen—>mion-

277 5459 422 5500 τετε
447 5443 857 5513 perspicuaeque
878 5438 1101 5495 visionis
1122 5438 1225 5494 erit
1252 5437 1434 5492 laetitia
1462 5444 1670 5503 nostra,
1695 5441 1844 5504 post«

361 5538 386 5572 ⁸
419 5538 589 5593 Exod.
621 5551 737 5604 xlv,
776 5535 865 5591 ¹4.

354 5635 431 5717 (5)
484 5632 640 5688 Ἐπεὶ
689 5631 883 5686 τοῦτο.
954 5630 1225 5700 lnterpres
1268 5628 1469 5701 legisse
1515 5628 1734 5684 videtur
1779 5628 1874 5681 ἐπὶ

1944 5453 2061 5504 μεν
2086 5438 2167 5504 ὡς
2200 5439 2701 5511 ἐνυπνιαζόμενοι,
2727 5439 2840 5495 ἀλλ’
2874 5441 2972 5511 οὺχ
3011 5439 3157 5511 ῦπαρ
3182 5438 3279 5510 τὴν
3307 5436 3528 5491 ἐλευθε-

2042 5628 2144 5701 (5·)
2179 5624 2463 5682 Nonnullis
2495 5624 2777 5691 Patribus.
2816 5626 2907 5696 qui
2932 5624 3270 5697 gradualium
3288 5640 3521 5696 quoque

298 5734 314 5754 ..
429 5745 486 5776 ,,
535 5704 617 5760 vel
663 5705 756 5757 ἐπὶ
804 5700 1054 5767 τούτοις,
1100 5709 1159 5756 ut
1210 5709 1264 5756 et
1316 5703 1585 5757 sententia
1639 5702 1877 5771 postulat
1973 5699 2302 5766 psalmorum
2358 5708 2639 5751 auctorem
2718 5696 2975 5754 Davidem
3044 5697 3528 5763 existimaverunt,

1982 5784 2125 5827 nunc
2158 5770 2388 5827 addatur
2411 5764 2698 5824 Eusebius.
