3692 6134
1048 283 1321 343 Busssnu
1355 283 1828 345 cAEsAntENSts
1867 286 2016 343 OPP.
2057 281 2237 341 PARS
2271 280 2359 339 ut.
2399 311 2470 327 —
2503 274 2914 337 ExEGETch.

3468 260 3586 331 aar

420 407 775 469 Vns-2225.
804 422 825 459 ε
848 403 1293 476 Appropinquent
1314 412 1368 460 et
1399 402 1719 459 annuntient
1747 402 1903 458 voltis
1929 412 1980 466 Α
2080 422 2099 455 ι
2142 401 2564 471 Ἐγγισάτωσαν,
2595 398 2690 453 καὶ
2714 392 3189 466 ἀναγγειλάτωσαν
3218 391 3346 463 ὑμῖν
3377 390 3414 446 ἃ.
3445 409 3581 465 συμ·

344 519 464 576 quae
491 512 718 559 ventura
758 504 907 566 sunt,
936 505 1032 553 aut
1058 495 1241 567 priora
1272 510 1394 566 qut
1422 503 1599 551 erant.
1630 494 1825 560 Dicite,
1849 504 1907 549 et

347 606 582 653 mentem
619 596 983 654 advertemus,
1027 598 1085 645 et
1118 602 1508 658 cognoscemus
1535 602 1655 658 qua».
1692 587 1906 649 ultima,

348 700 399 745 et
430 703 548 755 quoe
589 695 832 741 ventura.
859 681 1188 739 Renuntiatc
1221 680 1376 735 nobis
1419 694 1539 750 quae
1588 687 1811 733 ventura
1852 677 1906 732 in

347 781 675 843 novissimo,
707 785 763 832 et
802 788 1190 847 cognoscemus
1231 771 1360 843 quia
1405 770 1478 826 dii
1524 769 1674 825 estis.
1700 788 1721 821 ο
1772 767 1906 823 Nam

350 874 441 929 Dei
492 872 761 942 prophetae
810 869 1060 939 quidem,
1100 865 1266 922 divini
1318 872 1604 920 consortes
1652 860 1907 933 Spiritus,

350 961 639 1017 novissima
681 960 1147 1029 praenuntiarunt,
1189 956 1459 1027 inaquosi,
1503 952 1706 1011 sterilis
1728 963 1785 1012 et
1830 954 1911 1008 in·

350 1052 607 1108 fructuosi
640 1051 737 1108 suli
768 1051 821 1105 in
857 1049 1133 1105 meliorem
1178 1058 1381 1103 statum
1427 1047 1775 1103 mutationem
1819 1060 1913 1101 va·-

351 1145 651 1207 ticinantes‚
685 1157 895 1197 necnon
937 1140 1142 1196 Christi
1179 1140 1503 1201 adventum.
1549 1136 1909 1208 apostolorum

350 1236 464 1305 eins
512 1232 979 1305 praedicationem,
1029 1239 1337 1300 cateraque
1379 1229 1559 1284 omnia
1621 1229 1677 1285 in
1722 1242 1911 1285 eorum

350 1327 645 1398 prophetiis
672 1324 948 1381 enuntiata
974 1341 989 1377 ε
1018 1324 1161 1379 unde
1185 1335 1373 1377 revera
1402 1321 1542 1377 Deus
1568 1335 1691 1377 esse
1718 1320 1787 1388 is,
1812 1318 1908 1391 qui

352 1420 466 1477 baec
512 1420 564 1475 in
594 1417 699 1475 illis
722 1427 779 1473 et
808 1432 905 1487 per
932 1417 1053 1471 illos
1083 1414 1411 1470 vaticinatus
1436 1420 1543 1478 est,
1574 1412 1908 1483 agnoscitur.

353 1513 568 1584 Maligni
602 1525 731 1567 vero
770 1509 1041 1565 daemones
1083 1506 1175 1575 qui
1223 1504 1496 1576 potuerint
1542 1503 1912 1558 universorum

351 1603 442 1661 Dei
488 1598 769 1658 consilium
805 1609 861 1655 et
888 1598 1302 1667 cogitationem,
1346 1608 1411 1649 ac
1450 1592 1568 1665 ejus
1606 1592 1675 1649 dc
1711 1590 1914 1649 Christi

351 1694 615 1757 adventu,
654 1692 826 1760 deque
874 1674 1112 1756 ipsorum
1159 1683 1401 1754 pernicie
1443 1692 1499 1737 et
1530 1681 1702 1737 exitio
1730 1682 1916 1739 decre-

348 1794 487 1850 tum,
512 1780 870 1855 cognoscere?
897 1779 1234 1848 Quapropter
1263 1789 1385 1828 cutn
1420 1772 1603 1828 futura
1642 1779 1807 1843 atque
1846 1782 1912 1827 ea
1945 1744 1987 1803 B

353 1892 473 1949 ηοω
498 1875 551 1931 in
576 1872 831 1931 extremis
873 1868 1202 1940 temporibus
1231 1864 1374 1918 circa
1405 1864 1649 1935 gentium
1677 1860 1920 1917 vocatio-

351 1982 472 2024 nem
512 1965 965 2032 solitudinemque
1005 1972 1156 2015 snam
1188 1964 1449 2013 eventura
1478 1962 1657 2020 erant,
1702 1952 1921 2023 ignora·

349 2066 506 2121 rent:
560 2060 950 2125 consequenter
998 2062 1173 2118 neque
1214 2046 1364 2117 prins
1409 2044 1557 2100 edita
1596 2050 1914 2099 noverant:

348 2160 517 2219 quare
560 2145 741 2201 nullus
770 2156 959 2199 corum
998 2139 1277 2211 prophetis
1308 2134 1426 2191 suis
1472 2133 1579 2189 ista
1628 2146 1924 2205 suggerere

352 2234 553 2307 potuit,
580 2248 703 2305 quae
763 2232 971 2303 scripto
1014 2227 1403 2299 consignarunt
1460 2222 1519 2291 ii,
1560 2222 1655 2295 qui
1712 2218 1922 2295 Spiritu

352 2328 445 2384 Dei
477 2325 621 2397 digni
654 2324 823 2383 habiti
862 2323 1095 2380 ruerant.

424 2515 445 2550 ι
474 2495 621 2553 Bene
662 2495 822 2553 facite
868 2505 923 2551 ct
974 2494 1113 2552 male
1157 2494 1354 2559 l'acitc.
1396 2500 1456 2549 et
1490 2488 1833 2557 mirabimur.
1869 2500 1924 2547 et

355 2587 661 2643 videbimus
694 2587 875 2643 simul.
900 2606 920 2640 ι
962 2585 1189 2665 ‚Etiamsi
1236 2586 1383 2641 enim
1416 2582 1577 2639 malis
1624 2580 1926 2641 inferendis

356 2694 519 2751 pares
547 2679 707 2746 sitis.
752 2688 939 2750 utpote
970 2678 1241 2735 daemoncs
1276 2677 1519 2748 maligni,
1550 2684 1795 2733 attamen
1838 2676 1924 2733 di-

358 2771 499 2828 vinae
523 2771 781 2843 operandi
830 2770 1049 2826 virtutis
1082 2769 1211 2828 binc
1240 2769 1499 2827 indicium
1540 2784 1649 2826 non
1692 2766 1920 2826 babebi-

360 2868 471 2923 tis:
503 2882 672 2939 quare
700 2883 837 2938 opus
881 2877 966 2925 est
1010 2882 1109 2923 vos
1156 2866 1299 2940 quod
1332 2864 1443 2924 Deo
1474 2868 1749 2939 proprium
1800 2877 1921 2933 est,

361 2957 589 3027 primum
616 2957 904 3025 exhibere,
942 2958 995 3014 id
1025 2967 1133 3022 est,
1158 2960 1297 3015 bene
1324 2954 1507 3013 l'acere
1534 2974 1550 3013 ι
1587 2956 1713 3014 hinc
1740 2968 1923 3013 autem

2005 494 2252 568 δήσεται,
2285 494 2320 566 ἢ
2357 493 2428 548 τὰ
2454 493 2713 567 πρότερον
2745 490 2865 547 τίνα
2921 483 3010 558 ἦν.
3059 485 3284 548 Εἴπατε,
3329 485 3425 539 καὶ
3455 485 3580 541 ἐπι-

2007 588 2274 659 στήσομεν
2297 585 2390 640 τὸν
2412 582 2556 651 νοῦν,
2587 585 2682 639 καὶ
2708 578 3027 653 γνωσόμεθα
3054 578 3107 631 τί
3150 575 3221 631 τά
3256 577 3457 648 ἔσχατα
3486 578 3582 632 καὶ

2005 676 2076 731 τὰ
2121 676 2479 749 ἐπερχόμενα.
2526 669 2904 741 ’Δναγγείλατε
2949 669 3080 738 ἡμῖν
3125 665 3194 720 τά
3237 666 3583 738 ἐπερχόμενα

2007 769 2095 822 ἐπ’
2123 768 2371 838 ἐσχάτου,
2402 767 2498 820 καὶ
2517 763 2855 836 γνωσόμεθα,
2894 761 2975 812 ὅτι
3004 758 3113 813 θεοί
3145 760 3288 812 ἐστε.
3326 778 3345 809 ι
3384 760 3446 812 Oi
3483 758 3581 830 μὲν
3670 764 3674 771 ’

2008 859 2117 933 γάρ
2140 858 2234 914 τοῦ
2263 856 2398 914 Θεοῦ
2426 856 2720 930 προφῆται,
2750 853 2930 908 ἐνθέου
2958 851 3270 921 Πνεῦματος
3296 851 3582 923 μετασχόν-

2007 969 2120 1016 τες,
2153 953 2412 1025 προεῖπον
2437 948 2508 1005 τά
2529 948 2732 1021 ῑσχατα
2769 945 3061 1019 διαρρήδην
3103 943 3459 1006 θεσπίσαντες
3484 944 3583 1013 τῆς
3661 950 3674 981 ·'

2009 1039 2236 1113 ἀνύδρου
2261 1037 2357 1094 καὶ
2400 1036 2598 1108 άγόνου
2625 1036 2719 1091 καὶ
2753 1035 3001 1105 ἀκάρπου
3045 1032 3152 1086 τῶν
3193 1032 3362 1085 ἐθνῶν
3404 1029 3584 1104 χώρας

2008 1132 2109 1205 τὴν
2152 1130 2246 1187 ἐπὶ
2283 1130 2356 1187 τά
2397 1128 2630 1203 κρείττω
2666 1125 2986 1198 μεταδολὴν,
3018 1125 3115 1196 τήν
3140 1141 3196 1177 τε
3223 1123 3317 1177 τοῦ
3349 1122 3584 1196 Χριστοῦ
3663 1134 3672 1141 “

2009 1222 2337 1297 παρουσίαν,
2377 1219 2610 1275 καὶτῶν
2640 1217 2951 1273 ἀποστόλων
2990 1214 3156 1273 αὑτοῦ
3203 1214 3263 1268 τὸ
3301 1216 3580 1286 κήρυγμα,
3665 1228 3670 1233 ·

2009 1313 2108 1371 καὶ
2149 1314 2250 1371 ὅσα
2287 1312 2426 1372 ἄλλα
2470 1314 2591 1376 ταῖς
2634 1309 2814 1365 αὐτῶν
2865 1308 3161 1380 ἐμφέρεται
3210 1305 3581 1376 προφητείαις·
3663 1320 3676 1351 τ

2009 1404 2134 1463 ὅθεν
2161 1403 2486 1478 γνωρίζεται
2532 1400 2666 1465 Θεὸς
2695 1398 2771 1454 ὢν
2800 1397 3015 1470 ἀληθῶς
3044 1397 3072 1450 ὁ
3107 1397 3165 1449 ἐν
3192 1396 3377 1459 αὐτοῖς
3402 1396 3495 1449 καὶ
3519 1395 3582 1450 δι’
3655 1414 3676 1425 ··

2011 1498 2194 1555 αὐτῶν
2212 1497 2384 1553 ταῦτα
2412 1493 2695 1559 θεσπίσας.
2729 1493 2791 1547 Ol
2815 1490 2873 1545 δέ
2899 1489 3122 1560 πονηροὶ
3150 1487 3404 1557 δαίμονες
3429 1486 3582 1540 πόθεν

2011 1592 2274 1664 ἠδύναντο
2307 1588 2595 1661 γινώσκειν
2636 1585 2829 1657 βουλήν
2872 1585 2966 1638 καὶ
3015 1580 3308 1652 ἐνθύμησιν
3358 1579 3454 1633 τοῦ
3500 1582 3585 1633 ἐπὶ
3663 1628 3670 1634 .

2013 1682 2232 1737 πάντων
2251 1680 2411 1745 Θεοῦ,
2439 1680 2473 1751 ἢ
2506 1679 2573 1733 τά
2600 1675 2882 1749 ὁρισθέντα
2911 1674 3005 1726 ὑπ’
3035 1671 3178 1743 αύτῷ
3207 1672 3333 1743 περὶ
3372 1671 3472 1742 τῆς
3497 1668 3588 1725 τοῦ

2020 1772 2258 1846 Χριστοῦ
2291 1772 2610 1845 παρουσίας,
2643 1769 2770 1841 περί
2801 1785 2860 1821 τε
2888 1769 2988 1837 τῆς
3019 1764 3196 1819 αὐτῶν
3222 1763 3590 1836 καθαιρέσεως
3654 1790 3660 1797 -

2021 1863 2116 1917 καὶ
2151 1862 2459 1928 άπωλείας;
2510 1862 2620 1925 Διὸ,
2649 1860 2722 1931 μὴ
2752 1858 2951 1921 εἰδότες
2976 1855 3044 1909 τά
3071 1856 3426 1926 ἐπερχόμενα,
3456 1855 3588 1926 μηδὲ
3665 1882 3677 1911 :.

2021 1953 2092 2008 τὰ
2120 1954 2179 2006 ἐν
2211 1953 2460 2024 ἐσχάτοις
2503 1954 2714 2023 καιροῖς
2761 1949 3020 2020 μέλλοντα
3052 1946 3419 2019 συμὸήσεσθαι
3464 1948 3588 2016 περὶ
3665 1976 3674 1983 -

2019 2045 2122 2117 τῆς
2151 2044 2396 2116 κλήσεως
2419 2042 2525 2097 τῶν
2553 2042 2742 2101 ἐθνῶν.
2769 2042 2866 2112 τῆς
2890 2057 2949 2093 τε
2973 2039 3148 2095 αὐτῶν
3176 2037 3425 2110 ἐρημίας,
3449 2039 3589 2091 εἰκό-
3657 2091 3662 2095 ,

2021 2152 2131 2200 τως
2172 2134 2293 2189 ούδέ
2323 2134 2393 2190 τά
2420 2134 2659 2205 πρότερα
2690 2130 3001 2204 ἐγνώριζον·
3044 2130 3164 2185 ὅθεν
3206 2130 3379 2195 οὐδεὶς
3416 2130 3592 2184 αὐτῶν
3675 2166 3679 2171 -

2022 2224 2304 2295 δεδύνηται
2329 2227 2441 2290 τοῖς
2472 2224 2653 2280 αὐτῶν
2695 2224 2998 2297 προφήταις
3042 2206 3364 2277 ύποῦάλλειῦ
3403 2222 3595 2285 ταῦτα,

2023 2316 2168 2389 ἅπερ
2195 2317 2244 2370 oi
2267 2314 2361 2370 τοῦ
2391 2316 2702 2388 Πνεύματος
2723 2313 2819 2370 τοῦ
2841 2313 2976 2368 Θεοῦ
3013 2313 3441 2381 καταξιωθέντες
3464 2331 3596 2386 γρα-
3661 2346 3666 2351 -

2023 2411 2098 2480 φῇ
2138 2406 2602 2481 παραδέδωκασιν.

2099 2518 2118 2551 ε
2150 2500 2488 2572 Εὐποιήσατε
2543 2501 2640 2555 καὶ
2681 2498 2989 2564 κακώσατε,
3032 2498 3126 2554 καὶ
3185 2496 3597 2570 θαυμασόμεθα,
3667 2554 3672 2559 ,

2023 2591 2380 2664 καὶόψόμεθα
2413 2592 2549 2664 ἅμα.
2584 2610 2606 2646 ι
2659 2594 2726 2649 Et
2757 2578 2867 2666 γάρ
2903 2593 3000 2648 καὶ
3038 2590 3109 2647 τά
3157 2592 3395 2665 μάλιστα
3439 2608 3596 2646 κακο-
3669 2624 3680 2653 -,

2023 2685 2198 2739 ποιεῖν
2227 2678 2329 2739 οἷοί
2353 2684 2416 2739 τέ
2449 2686 2595 2748 ἐστε,
2625 2683 2880 2757 δαίμονες
2901 2683 3052 2749 ὄντες
3078 2685 3325 2757 πονηροὶ.
3354 2683 3470 2738 ἀλλ’
3498 2682 3593 2737 οὐκ

2024 2776 2090 2830 ἐκ
2110 2773 2301 2829 τούτου
2333 2770 2620 2846 γνώρισμα
2647 2774 2747 2845 τῆς
2775 2773 2961 2845 θεῖκῆς
2995 2774 3273 2847 ἐνεργείας
3303 2773 3472 2840 ἕξετε·
3490 2773 3589 2826 διό-

2024 2882 2129 2940 περ
2169 2864 2233 2920 τὸ
2267 2864 2464 2930 ίδιάζον
2506 2866 2599 2919 ἐπὶ
2647 2864 2782 2919 Θεοῦ
2825 2867 3041 2939 πρῶτον
3065 2868 3207 2938 ὑμᾶς
3233 2866 3588 2933 ἐπιδείξασθαι

2025 2959 2153 3032 χρή·
2178 2957 2320 3027 λέγω
2350 2956 2416 3029 δὴ
2442 2956 2506 3010 τὸ
2530 2957 2836 3027 εύποιῆσαι·
2871 2957 3057 3012 ἔπειτα
3082 2958 3189 3031 ἄρα
3216 2959 3391 3031 κρίσει
3413 2957 3591 3030 δικαία

360 3046 501 3117 iusto
526 3046 730 3117 judicio
765 3049 840 3104 uti
894 3064 961 3105 ac
1006 3047 1203 3119 dignos
1256 3048 1518 3120 supplicio
1550 3045 1805 3120 plectere.
1844 3046 1923 3104 lta
1952 3092 1998 3157 c
2029 3048 2354 3123 χρήσασθαι,
2373 3049 2466 3103 καὶ
2491 3048 2616 3113 τοὺς
2643 3046 2827 3115 ἀξίους
2854 3048 3147 3113 κακώσεως
3163 3049 3593 3122 τιμωρήσασθαι.

360 3149 423 3194 ut
457 3139 580 3196 hinc
605 3140 773 3212 probe
804 3150 1285 3205 commonstretur.
1321 3142 1665 3213 operationes
1695 3141 1836 3208 lllas,
1863 3150 1928 3199 nt

363 3239 555 3302 putant
580 3231 702 3300 ipsi,
731 3231 847 3286 sive
874 3231 1115 3297 oracula,
1148 3233 1599 3302 prestigiator-unt
1642 3232 1922 3289 bominum

363 3319 605 3377 fallacias
642 3335 782 3388 esse,
828 3325 919 3393 qui
960 3323 1253 3379 multorum
1302 3323 1647 3396 simplicitate
1690 3325 1925 3381 abutun-

362 3418 471 3464 lut·-

436 3500 598 3560 VenS.
621 3501 713 3562 2⁴.
742 3502 834 3558 25.
877 3522 896 3555 ε
926 3504 1192 3573 Quoniam
1218 3504 1359 3561 unde
1384 3507 1515 3563 estis
1548 3506 1680 3565 vos?
1703 3518 1757 3562 ct
1788 3507 1928 3564 unde

362 3610 500 3665 opus
533 3596 807 3651 vestrum?
842 3596 915 3652 De
952 3606 1094 3652 terra
1144 3597 1198 3651 in
1247 3599 1703 3656 abominationem
1748 3601 1927 3673 elege-

365 3698 487 3742 runt
518 3703 631 3743 vos.
661 3687 771 3755 Ego
802 3702 926 3742 vero
968 3689 1201 3743 excitavi
1245 3702 1392 3754 eum,
1419 3691 1511 3761 qui
1542 3692 1610 3748 ab
1654 3691 1920 3763 Aquilone

365 3787 472 3843 est,
500 3788 556 3833 et
583 3795 726 3845 cum,
756 3779 846 3848 qui
879 3778 947 3833 ab
980 3788 1104 3834 ortu
1132 3780 1302 3836 solis:
1338 3781 1670 3836 vocabuntur
1710 3782 1929 3838 nomine

369 3886 514 3927 tneo.
541 3889 559 3922 t
601 3869 694 3924 llis
739 3885 901 3939 porro
948 3871 1218 3940 significat
1264 3887 1359 3942 per
1401 3889 1523 3927 eutn
1567 3876 1660 3945 qui
1705 3873 1775 3929 ab
1805 3886 1928 3931 ortu

365 3963 498 4017 solis
543 3963 719 4025 venit,
765 3960 1042 4017 Christum
1091 3963 1314 4033 ejusque
1355 3963 1622 4030 justitiam
1656 3982 1670 4019 ε
1709 3965 1761 4020 id
1801 3981 1930 4022 vero

368 4054 640 4109 indicabat
688 4056 933 4125 superins
980 4055 1066 4111 his
1109 4057 1307 4118 verbis,
1344 4076 1362 4107 ι
1391 4054 1522 4122 Quis
1562 4058 1819 4115 excitarit
1862 4061 1930 4115 ab

369 4148 576 4204 oriente
629 4147 979 4217 justitiamit
1040 4164 1203 4221 quam
1270 4150 1400 4218 ipsis
1449 4152 1695 4221 gentibus
1749 4151 1927 4207 datam

369 4242 782 4309 testillcabatur;
816 4255 912 4309 per
938 4256 1063 4296 eum
1103 4255 1234 4297 vero
1262 4242 1351 4313 qni
1399 4244 1468 4296 alt
1506 4241 1787 4312 Aquilone,
1836 4260 1933 4313 pu·

374 4342 555 4411 pulum
584 4355 650 4396 ex
678 4341 947 4413 gentihus,
974 4339 1067 4410 qui
1104 4339 1232 4397 olim
1264 4340 1317 4394 in
1365 4341 1630 4411 Aquilone
1669 4341 1927 4411 degebat:

2053 3140 2126 3204 ὓς
2144 3138 2391 3194 ἐντεῦθεν
2412 3136 2776 3213 παρίστασθαι
2803 3139 2903 3203 τὰς
2921 3139 3277 3211 νομιζομένας
3303 3141 3597 3212 ἐνεργείας,

2024 3232 2058 3303 ἢ
2092 3231 2220 3295 τοὺς
2250 3231 2531 3303 χρησμοὺς
2581 3230 2789 3303 ἀνδρῶν
2839 3226 2979 3285 εἶναι
3017 3233 3229 3301 γοήτων
3261 3232 3498 3297 ἀπάτας,
3534 3235 3599 3304 τῇ

2025 3321 2132 3377 τῶν
2181 3321 2392 3376 πολλῶν
2422 3321 2718 3392 ηλιθιότητι
2749 3320 3209 3393 καταχρωμένων.

2103 3537 2122 3570 ε
2153 3518 2276 3573 Ὀτι
2328 3518 2488 3572 πόθεν
2544 3518 2665 3572 ἐστέ
2711 3519 2899 3590 ὑμεῖς.
2956 3518 3050 3574 καὶ
3087 3518 3247 3574 πόθεν
3296 3521 3329 3590 ἡ
3370 3523 3603 3593 ἐργασία

2027 3608 2215 3683 ύμῶν;
2264 3611 2357 3665 Ἐκ
2389 3613 2490 3682 γῆς
2525 3610 2798 3684 βδέλυγμα
2822 3611 3129 3677 ἐξελέξαντο
3157 3613 3317 3683 ὑμᾶς.
3374 3614 3518 3685 Ἐγὼ
3547 3615 3604 3668 δέ

2026 3703 2224 3776 ἥγειρα
2248 3704 2339 3758 τὸν
2367 3703 2474 3758 άπὸ
2520 3703 2720 3775 Βορρᾶ,
2753 3703 2847 3757 καὶ
2872 3703 2961 3757 τὸν
2998 3703 3089 3775 ἀφ’
3116 3704 3264 3775 ήλίου
3303 3706 3601 3768 ἀνατολῶν,

2028 3794 2388 3866 κληθήσονται
2418 3794 2495 3866 τῷ
2524 3795 2745 3866 ὀνόματί
2777 3812 2897 3868 μου.
2931 3815 2949 3848 t
2985 3796 3239 3869 Σημαίνει
3269 3797 3327 3851 δέ
3366 3798 3457 3853 διά
3485 3799 3604 3853 τού-

2027 3904 2134 3940 των
2161 3886 2251 3941 τδν
2279 3888 2376 3959 μὲν
2397 3887 2503 3941 άπὸ
2528 3886 2796 3941 ἀνατολῶν
2825 3887 2976 3959 ήλίου
3003 3888 3095 3942 τὸν
3125 3889 3168 3942 X
3177 3888 3356 3960 ριστὸν
3387 3891 3481 3943 καὶ
3506 3891 3604 3961 τήν

2029 3977 2222 4032 ἐαυτοῦ
2274 3978 2637 4050 δικαιοσύνην·
2680 3974 2836 4033 τοῦτο
2874 3979 2930 4033 δὲ
2985 3979 3167 4053 ἐδήλου
3218 3981 3313 4034 καὶ
3359 3980 3451 4036 διά
3495 3983 3603 4035 τῶν

2030 4069 2336 4142 ἔμπροσθεν
2367 4071 2562 4141 φήσας·
2612 4089 2630 4122 t
2662 4069 2755 4134 Τίς
2786 4070 3062 4144 ἐξήγειρεν
3089 4071 3195 4126 ἀπὸ
3227 4071 3500 4127 ἀνατολῶν
3528 4073 3604 4126 δι-

2029 4160 2355 4232 καιοσύνην;
2388 4181 2405 4212 ι
2444 4162 2510 4233 ἣν
2540 4162 2633 4215 καὶ
2664 4164 2773 4224 τοῖς
2816 4161 2990 4215 ἐθνεσι
3020 4160 3346 4235 δεδωρῆσθαι
3395 4163 3502 4236 ἐδήί
3517 4181 3599 4218 ου·

2028 4252 2119 4307 τὸν
2153 4252 2209 4305 δέ
2238 4252 2344 4306 ἀπὸ
2378 4253 2574 4325 nappe,
2598 4253 2689 4305 τὸν
2719 4252 2778 4318 ἐξ
2808 4253 2978 4307 ἐθνῶν
3013 4253 3158 4319 λαὸν,
3192 4255 3359 4309 πάλαι
3385 4255 3515 4309 ὄντα
3546 4258 3603 4309 ἐν

2029 4342 2108 4415 τῷ
2137 4344 2334 4417 Βορῤᾷ,
2362 4343 2502 4397 κατὰ
2543 4342 2625 4406 τὸ,
2672 4363 2690 4396 t
2712 4344 2845 4398 Ἀπὸ
2876 4343 3164 4417 προσώπου
3195 4346 3375 4419 Βορῤᾶ
3405 4348 3605 4402 ἐκκαυ-

375 4434 663 4488 secundum
715 4431 881 4499 illud,
927 4449 948 4484 ε
976 4431 1018 4487 Α
1059 4429 1197 4487 l'acie
1238 4429 1522 4500 Aquilonis
1566 4433 1930 4488 accendentur
1958 4430 2006 4490 Ι)
2031 4436 2257 4508 θήσεται
2297 4434 2441 4490 κακά
2482 4435 2574 4488 ἐπὶ
2631 4435 2834 4501 πάντας
2885 4437 3010 4501 τοὺς
3067 4439 3454 4505 κατοικοῦντας
3503 4442 3604 4513 τὴν

378 4524 515 4578 mala
545 4525 596 4579 in
634 4539 824 4579 omnes
852 4523 1218 4578 inhabitantes
1264 4531 1483 4578 terram.
1514 4543 1532 4576 t
1568 4521 1722 4579 llunc
1750 4525 1933 4594 itaque

373 4616 611 4685 gentium
651 4614 925 4683 populum,
957 4614 1055 4680 ait,
1085 4613 1313 4669 excitavi
1358 4613 1428 4668 ab
1457 4614 1743 4683 Aquilone,
1773 4625 1833 4671 ut
1865 4631 1933 4672 ne

373 4708 511 4761 ultra
558 4705 629 4760 ibi
665 4714 879 4760 maneat
905 4724 919 4762 ε
950 4704 1150 4761 vocabo
1174 4714 1351 4760 autem
1381 4721 1525 4773 eutn,
1572 4706 1663 4776 qui
1712 4708 1780 4763 ab
1807 4717 1929 4765 ortu

377 4799 507 4853 solis
534 4798 700 4866 venit,
726 4796 933 4853 scilicet
955 4796 1253 4854 Christum.

453 4914 471 4945 ι
506 4892 732 4947 Veniant
774 4893 1067 4963 principes,
1093 4899 1150 4948 et
1188 4904 1444 4960 unquam
1480 4891 1651 4947 lutum
1681 4891 1849 4963 figuli,
1885 4903 1942 4950 et

374 5000 628 5057 tanquam
675 4985 868 5057 ligulas
896 4985 1219 5043 conculcans
1253 4983 1444 5045 lutum,
1492 4983 1570 5038 sic
1596 4984 1943 5042 conculcabi-

377 5079 527 5133 mini.
555 5096 574 5130 »
611 5077 703 5132 Sic
736 5087 891 5132 vocat
924 5091 1018 5133 eos
1050 5077 1143 5148 qui
1174 5075 1465 5132 satellitum
1504 5076 1673 5130 instar
1716 5090 1939 5147 regnum

375 5170 493 5235 vius
533 5168 767 5238 stipant.
812 5168 1031 5240 angelos
1065 5167 1308 5225 videlicet
1352 5185 1368 5223 ι
1410 5180 1509 5237 per
1536 5182 1671 5237 quos
1714 5168 1936 5239 impium

375 5275 618 5317 errorem
662 5261 928 5314 sublatum
968 5260 1036 5317 iri
1071 5263 1429 5331 praenuntiam
1458 5259 1538 5315 vel
1574 5259 1843 5330 principes
1873 5274 1938 5316 ac

380 5351 635 5421 praesules
668 5351 916 5407 Ecclesia:
946 5366 1076 5407 suae.
1103 5350 1211 5409 Vos
1252 5353 1458 5408 scilicet
1497 5354 1694 5422 quibus
1722 5351 1938 5408 diceba·

379 5454 488 5509 tur,
528 5461 548 5496 ι
580 5443 732 5499 Unde
781 5444 909 5497 estis
940 5459 1058 5510 vos,
1102 5456 1159 5501 et
1206 5446 1348 5500 unde
1386 5460 1523 5516 opus
1557 5445 1829 5500 vestrum?
1869 5462 1936 5501 cx

381 5542 523 5586 terra
558 5530 610 5585 in
642 5531 1086 5602 alymninationem
1115 5534 1392 5603 clegerunt
1417 5549 1530 5591 vos.
1560 5552 1580 5586 a

456 5620 618 5675 Vens.
640 5620 710 5674 26
768 5639 787 5669 t
823 5621 947 5686 Quis
990 5623 1133 5677 enim
1166 5625 1495 5679 annuntiabit
1536 5625 1692 5680 nobis
1723 5640 1783 5679 ca
1818 5639 1939 5694 quae

387 5721 512 5768 Sttttl
553 5727 581 5765 a
615 5714 892 5783 prim-tvm,
925 5725 979 5768 nt
1027 5733 1414 5786 cognoscamus
1438 5729 1486 5775 et
1520 5734 1608 5786 en,
1639 5736 1753 5791 qna,-
1786 5721 1931 5788 ptius

2036 4530 2158 4601 γῆν.
2191 4547 2211 4581 a
2249 4529 2447 4584 Τοῦτον
2477 4527 2571 4585 οὗν
2602 4531 2691 4585 τὸν
2722 4531 2782 4597 ἐξ
2819 4530 2986 4586 ἐθνῶν
3017 4531 3163 4596 λαὸν,
3197 4533 3472 4605 ἐξήγειρα,
3506 4554 3607 4606 φη-

2037 4622 2143 4686 σὶν,
2172 4622 2278 4677 άπὸ
2303 4622 2501 4695 Βορρᾶ,
2531 4623 2615 4676 ἵνα
2647 4623 2842 4695 μηκέτι
2866 4624 2923 4678 ἐν
2948 4624 3096 4696 αὐτῷ
3119 4620 3173 4698 ᾖ·
3193 4625 3405 4679 καλέσω
3433 4626 3491 4680 δὲ
3508 4631 3605 4682 καὶ

2036 4714 2129 4769 τὸν
2160 4715 2251 4785 ἀφ’
2284 4714 2434 4782 ἡλίου
2459 4715 2750 4782 ἀνατολῶν,
2776 4716 3021 4771 τουτέστι
3049 4716 3138 4771 τὸν
3165 4719 3420 4790 Χριστόν.

2110 4913 2128 4946 ι
2180 4894 2549 4967 Ἐρχέσθωσαν
2577 4894 2861 4965 ἄρχοντες,
2888 4894 2983 4948 καὶ
3003 4894 3079 4959 ὡς
3102 4894 3271 4966 πηλὸς
3292 4895 3601 4967 κεραμέως,

2037 4987 2131 5040 καὶ
2146 4985 2222 5051 ώς
2237 4986 2513 5057 κεραμεὺς
2538 4985 2867 5041 καταπατῶν
2888 4988 2982 5041 τὸν
3005 4987 3194 5059 πηλὸν,
3241 4986 3382 5041 οῦτω
3437 5005 3579 5043 κατα
3594 5020 3607 5030 ·

2037 5074 2413 5149 πατηθήσεσθε
2436 5096 2448 5108 ·
2486 5097 2504 5130 t
2542 5078 2658 5148 ήτοι
2680 5081 2806 5144 τοὺς
2824 5080 2924 5151 τὴν
2955 5079 3121 5134 αὐτοῦ
3150 5079 3422 5150 βασιλείαν
3448 5081 3608 5151 δορυ-

2045 5166 2343 5240 φοροῦντας
2370 5167 2630 5236 ἀγγέλους
2660 5168 2832 5234 οῦτως
2858 5170 3159 5240 ὀνομάζων,
3179 5172 3247 5225 δι’
3272 5165 3347 5226 ὧν
3367 5173 3468 5243 τὴν
3502 5190 3605 5226 κα-

2043 5260 2282 5333 θαίρεσιν
2314 5261 2410 5331 τῆς
2433 5260 2589 5314 ἀθέου
2618 5262 2822 5333 πλάνης
2841 5264 3163 5333 γεγενῆσθαί
3195 5280 3386 5336 φησιν·
3415 5264 3448 5336 ἢ
3478 5267 3605 5329 τοὺς

2043 5350 2302 5424 ἄρχοντας
2315 5351 2407 5405 καὶ
2422 5352 2761 5424 προεστῶτας
2773 5354 2870 5425 τῆς
2884 5354 3079 5424 Ἐκκλη
3087 5355 3203 5419 σίας
3216 5355 3399 5410 αὑτοῦ.
3417 5356 3550 5426 ’Υμε
3575 5375 3604 5420 ς

2043 5444 2261 5516 δηλαδὴ,
2285 5438 2364 5508 οἷς
2375 5444 2698 5514 ἐλέγετο,ὃτι
2733 5466 2750 5496 t
2771 5444 2937 5498 Πόθεν
2959 5447 3081 5499 ἐστὲ
3120 5448 3291 5517 ὑμεῖς,
3316 5448 3409 5501 καὶ
3439 5447 3604 5500 πόθεν

2047 5536 2325 5607 ήέργασία
2344 5534 2529 5606 ὐμῶν;
2563 5536 2737 5606 ἐκγῆς
2772 5535 3042 5607 βδέλυγμα
3071 5536 3378 5604 ἐξελέξαντο
3393 5537 3555 5607 ὑμᾶς.
3580 5558 3597 5587 ι

2118 5647 2135 5677 t
2174 5626 2269 5690 Τίς
2314 5626 2421 5698 γάρ
2469 5627 2755 5694 ἀναγγελεῖ
2795 5629 2861 5680 τά
2906 5627 2963 5694 ἐξ
3001 5627 3193 5698 ἀρχῆς,
3240 5627 3324 5680 ἵνα
3382 5628 3604 5697 γνῶμεν

2046 5721 2136 5775 καὶ
2169 5718 2233 5772 τὰ
2290 5718 2611 5791 ἔμπροσθεν,
2646 5720 2736 5771 καὶ
2779 5716 3028 5790 ἐροῦμεν,
3069 5719 3148 5772 ὅτι
3194 5716 3362 5787 ἀληθῆ
3418 5717 3599 5781 ἐστινς
