3692 6134
20 3580 23 3585 -
110 3542 249 3615 λόγῳ
308 3543 415 3598 καὶ
458 3544 520 3598 ἐν
565 3544 727 3614 σοφία
778 3543 1022 3608 δυνατοὶ,

1048 318 1553 377 comit-:Numa
1592 318 1659 374 ΙΝ
1699 317 1949 374 isaiam.
1985 350 2055 360 —
2089 314 2244 373 CAP.
2282 312 2413 370 uv.

3248 304 3356 364 460

120 438 517 509 lflffflltw
550 443 585 495 ὁ
623 442 809 512 λόγος,
838 443 933 498 καὶ
962 442 1127 497 πάλαι
1157 443 1255 514 μὲν
1282 438 1350 514 ἦν
1392 443 1542 515 παρὰ
1577 445 1702 498 'lou-
1733 446 1778 501 Α
1808 451 1929 493 mea
1973 453 2003 492 a
2046 446 2099 493 te
2143 443 2498 493 removeatur.
2529 432 2594 488 Et
2629 431 2744 487 baec
2771 429 2871 502 pizc
2904 425 3144 498 religioni
3171 439 3356 483 sermo

118 531 291 596 ⁸⁸5⁸<-
350 531 625 587 διαπεσδν
684 533 743 588 δὲ
800 534 931 607 παρ’
966 532 1165 600 αὐτοῖς,
1199 534 1292 588 ἐπὶ
1319 534 1418 606 τὴν
1449 535 1508 603 ἐξ
1534 535 1702 591 ἐθνῶν
1804 530 2105 602 pollicetur,
2142 531 2250 586 imo
2274 529 2436 586 etiam
2470 526 2597 584 olim
2636 539 2801 596 penes
2835 522 3051 579 Judaeos
3090 520 3179 577 illa
3212 526 3354 586 crat,

126 621 457 695 Ἐκκλησίαν
489 623 894 697 μεταδὲδηκεν.

172 820 193 855 ι
216 800 487 875 Ταπεινὴ
534 803 634 858 καὶ
665 803 1057 870 ἀκατάστατος,
1078 804 1140 858 οὐ
1164 804 1526 879 παρεκλήθης.
1568 806 1698 863 Ἰδοὺ

114 892 205 963 ἐγὼ
227 892 536 965 ἑτοιμάζοι
569 911 653 949 σοι
693 894 940 968 ἄνθρακα
959 894 1051 950 τὸν
1079 894 1223 949 λίθον
1255 913 1369 963 σου,
1392 897 1487 951 καὶ
1513 898 1582 954 τά
1610 899 1700 954 θε-

114 982 259 1055 'fid
288 1001 399 1038 σου
438 984 770 1060 σάπφειρον.
792 1006 812 1038 ι
840 981 949 1039 Ἦν
995 985 1103 1059 γὰρ
1135 987 1284 1060 παρὰ
1327 988 1595 1054 Ἰουδαίοις
1618 990 1697 1063 τῷ

111 1076 205 1131 ‘rt
230 1078 269 1149 ή
288 1078 553 1150 ταπεινὴ
584 1079 870 1151 σωματικὴ
898 1078 1183 1150 θρησκεία,
1212 1082 1246 1151 ή
1273 1081 1331 1133 ἐν
1359 1079 1573 1153 σώματι
1596 1098 1696 1137 πε·

120 1167 321 1239 ιιτομὴ,
351 1168 465 1222 καὶ
492 1168 555 1223 ἐν
582 1167 789 1232 οὐσίαις
809 1165 963 1234 ζώων
984 1169 1076 1222 καὶ
1088 1170 1223 1237 ταῖς
1241 1168 1443 1225 τουτων
1463 1169 1693 1238 θυσίαις,

118 1262 185 1313 αἰ
202 1261 329 1324 τοῖς
350 1258 555 1325 ἄλλοις
580 1259 979 1332 παραπλησίοις
1000 1259 1390 1333 ἐξεταζομένη·
1410 1262 1492 1316 διὸ
1508 1280 1697 1319 ταπει-

118 1350 189 1423 dg·-
211 1350 317 1404 καὶ
345 1350 748 1405 ἀκατάστατον
778 1349 949 1422 αὐτὴν
974 1350 1272 1422 ὠνόμασεν.
1290 1347 1400 1406 Εἶτ’
1429 1353 1691 1423 ἐπιλέγει,

116 1442 223 1495 «0-5
276 1440 689 1515 παρεκλήθης·
712 1461 733 1494 ι
783 1442 956 1507 οὐδεὶς
991 1442 1099 1514 γὰρ
1123 1438 1191 1516 ἦν
1223 1443 1338 1498 τῶν
1376 1445 1690 1517 προφητῶν,

116 1532 209 1585 ist
246 1530 373 1586 τῶν
427 1531 703 1602 θεοφιλῶν
747 1531 956 1604 ἀνδρῶν
998 1534 1266 1600 τοσοῦτος,
1300 1535 1376 1600 ὠς
1403 1535 1692 1593 ἀναλαδεϊν

114 1624 263 1698 sidtu
288 1626 400 1679 καὶ
424 1625 856 1698 ἀνακτήσασθαι.

1799 624 1894 678 sed
1940 623 2010 680 ab
2049 623 2179 695 ipsis
2207 622 2432 685 decidit,
2467 630 2524 676 et
2555 620 2622 675 ad
2654 616 2952 674 Ecclesiam
2995 628 3061 670 cx
3102 610 3353 685 gentibus

1798 725 2046 772 coactam
2086 714 2344 772 translata
2373 721 2478 769 est.

1867 807 2034 865 Vns.
2062 808 2152 864 ll.
2192 825 2213 860 ι
2245 804 2474 862 liumilis
2499 811 2556 860 et
2596 800 2896 870 instabilis,
2928 797 3351 858 consolationem

1796 916 1903 957 non
1939 901 2128 973 adepta
2179 915 2260 957 es.
2305 899 2446 955 Ecce
2477 911 2578 967 ego
2618 908 2865 967 prepara
2901 891 2996 948 tibi
3045 889 3349 947 carbuncu-

1796 992 1908 1048 lum
1929 990 2158 1063 lapidem
2185 1001 2357 1059 tuum,
2392 999 2449 1048 et
2471 988 2820 1046 fundamenta
2848 994 2936 1042 tua
2959 983 3294 1055 sapphirum.
3323 1001 3344 1037 ι

1797 1081 1927 1138 Erat
1964 1082 2107 1138 enlm
2144 1097 2330 1139 revcra
2373 1096 2538 1152 penes
2561 1078 2777 1136 Judaeos
2819 1077 3062 1147 abjectus
3102 1076 3192 1133 ille
3222 1089 3320 1132 cor

1794 1186 1991 1243 porcus
2014 1173 2224 1242 cultus;
2251 1174 2307 1229 in
2340 1172 2585 1244 corporis
2627 1171 3078 1238 circumcisione,
3126 1170 3180 1225 in
3218 1168 3316 1227 sub

1792 1264 2014 1321 stantiis
2039 1265 2389 1333 animalium,
2433 1275 2489 1322 et
2529 1264 2814 1322 sacrificiis
2866 1278 3092 1329 eorum,
3139 1277 3348 1319 necnon

1792 1354 1849 1410 iu
1899 1356 2025 1414 aliis
2072 1356 2371 1425 similibus,
2426 1358 2674 1430 positust
2718 1364 3043 1429 quapropter
3089 1353 3345 1411 humilem

1793 1454 1849 1502 et
1895 1446 2204 1505 instabilem
2237 1457 2396 1506 vocat
2438 1448 2607 1506 illam.
2653 1448 2853 1505 Deinde
2894 1447 3119 1519 adjicit,
3160 1465 3180 1500 ι
3230 1443 3348 1501 Non

1793 1538 2219 1597 consolationem
2253 1541 2443 1614 adepta
2485 1555 2578 1599 es:
2615 1561 2636 1596 ι
2679 1555 2839 1598 nemo
2876 1540 3022 1598 enim
3055 1539 3347 1612 propbeta·

1792 1645 1934 1697 rum,
1979 1644 2154 1703 neque
2203 1631 2576 1705 religiosorum
2608 1633 2848 1691 virorum
2877 1641 3025 1693 erat.
3072 1631 3166 1689 uui
3197 1629 3345 1687 illam

1789 1721 2068 1792 suscipere
2093 1730 2148 1778 et
2169 1732 2477 1781 restaurare
2503 1733 2701 1796 posset.

174 1805 315 1860 Ἰδοὺ
350 1805 481 1876 ἐγὼ
514 1807 787 1879 ἐτοιμάζω
819 1824 900 1862 σοι
942 1806 1187 1880 ἄνθρακα
1250 1810 1341 1866 τὸν
1377 1810 1521 1868 λίθον
1571 1829 1685 1881 σου,
1717 1817 1762 1872 Β
1867 1829 1888 1863 ι
1929 1810 2071 1868 Ecce
2108 1825 2210 1884 ego
2252 1828 2499 1886 praparo
2541 1816 2636 1873 tibi
2676 1815 3058 1872 carbunculum
3111 1812 3344 1886 lapidem

110 1899 285 1954 καὶτὰ
333 1900 582 1972 θεμέλιά
624 1920 718 1956 σου
752 1904 1066 1976 σάπφειρον.
1094 1923 1114 1958 ι
1154 1905 1293 1961 ‘’Avo
1316 1899 1431 1961 ouo
1459 1908 1683 1979 Σύμμα-

111 2008 217 2060 χος,
286 2009 311 2041 a
366 1990 511 2044 Ἰδου
552 1991 685 2060 ἐγὼ,
736 1995 888 2067 φησὶ,
938 1995 1222 2067 συντίθημι
1273 1997 1506 2070 στιμμίᾳ
1558 1999 1684 2062 τοὺς

112 2081 273 2144 ’.ἔθους
291 2098 400 2134 σου
421 2080 545 2150 (40)
571 2101 589 2132 ι
607 2080 956 2149 όΘεοδοτίων,
980 2105 999 2136 ι
1024 2084 1149 2139 Ἰδοὺ
1166 2085 1275 2155 ἐγώ
1299 2088 1412 2157 εἰμι
1435 2085 1683 2157 ἐμδαλὼν

113 2173 307 2242 πιμμῇ
342 2172 488 2235 τοὺς
512 2170 693 2236 λίθους
733 2190 845 2227 σου.
874 2192 893 2226 ι
956 2175 1042 2241 Ὧς
1072 2176 1179 2249 γὰρ
1211 2176 1277 2230 ἀν
1304 2177 1441 2247 γυνὴ
1473 2176 1683 2231 καλλω-

112 2266 370 2337 αζομένη
420 2265 766 2336 στιμμίζοιτο
793 2268 917 2334 τοὺς
946 2268 1253 2341 ὀφθαλμούς
1273 2287 1286 2300 ·
1324 2269 1497 2335 οὕτως
1523 2270 1682 2337 αὐτὸς

106 2356 220 2425 ἐγὼ,
256 2357 468 2428 φησὶν,
497 2357 639 2429 ὑπὲρ
665 2358 843 2414 πάντα
871 2360 1147 2432 ὡραϊσμὸν
1179 2362 1275 2415 καὶ
1302 2360 1683 2433 καλλωπισμὸν

104 2448 213 2512 τώς
238 2448 355 2518 τῆς
394 2447 504 2519 σῆς
528 2449 814 2521 οἰκοδομῆς
848 2450 1027 2516 λίθους
1050 2452 1306 2525 διαθήσω.

162 2559 184 2594 ι
210 2543 335 2597 Καὶ
363 2541 530 2612 θήσω
555 2541 657 2606 τάς
685 2541 931 2607 ἐπάλξεις
958 2561 1051 2598 σου
1077 2543 1284 2608 ἴασπιν,
1329 2543 1423 2600 καὶ
1455 2544 1552 2609 τὰς
1582 2543 1685 2599 πύ-

104 2631 189 2697 λας
226 2648 335 2687 σου
394 2631 590 2697 λίθους
632 2633 984 2704 κρυστάλλου,
1024 2636 1117 2691 καὶ
1150 2635 1243 2691 τὸν
1275 2634 1555 2708 περίόολόν
1589 2654 1683 2691 σου

105 2724 269 2788 λίθους
298 2723 635 2789 ἐκλεκτούς.
656 2742 677 2778 ι
725 2725 967 2781 Τοιοῦτοι
986 2724 1033 2780 δ’
1058 2725 1127 2781 ἀν
1151 2722 1261 2783 εἶεν
1278 2728 1338 2783 ἐν
1358 2730 1425 2799 τῇ
1454 2728 1683 2801 Ἐκκλη-

110 2815 184 2887 σία
206 2814 361 2869 Θεοῦ
389 2814 449 2868 οἱ
478 2813 673 2887 λογικῇ
703 2819 1020 2890 παρασκευῇ
1050 2817 1149 2890 τήν
1179 2817 1362 2873 πίστιν
1382 2818 1685 2893 ὠχυρωμ-

108 2924 189 2971 ιοι,
212 2907 375 2961 ὥστε
412 2906 779 2979 προμαχῶνες
817 2908 968 2974 ὄντες
1001 2909 1096 2964 τοῦ
1124 2908 1406 2974 θεοσεόοῢς
1439 2911 1687 2967 πολιτεύ-

114 3014 288 3064 ματος,
311 2996 417 3052 διὰ
445 2996 509 3051 τδ
529 2996 784 3051 δύνασθαι
809 3000 915 3053 πᾶν
942 2998 1141 3070 ὕψωμα
1170 3001 1525 3072 ἐπαιρόμενον
1544 3002 1686 3057 κατὰ

108 3087 189 3156 ’.ἧς
210 3085 494 3157 γνώσεως
514 3086 607 3140 τοῦ
622 3086 756 3140 Θεοῦ
775 3088 1073 3160 καθαιρεῖν,
1086 3090 1179 3143 καὶ
1200 3089 1491 3161 διελέγχειν
1510 3091 1685 3146 πάντα

108 3177 249 3247 λόγον
270 3177 467 3249 ψευδῆ
490 3176 585 3230 τὸν
611 3178 710 3248 τῆς
733 3178 983 3250 ἀληθείας
1030 3179 1303 3250 πολέμιον.
1336 3181 1546 3253 ’Ὥσπερ
1579 3182 1685 3254 γὰρ

106 3269 188 3321 ἐπὶ
216 3268 337 3323 τῶν
383 3268 593 3340 τειχῶν
624 3271 678 3323 αἱ
728 3269 980 3336 ἐπάλξεις
1027 3270 1384 3341 προμαχῶνες
1423 3271 1559 3325 εἰσιν
1595 3271 1687 3326 ἐπὶ

107 3363 439 3433 παρασκευῇ
485 3359 587 3432 τῆς
640 3362 775 3435 πρὸς
824 3363 950 3426 τοὺς
998 3360 1285 3431 πολεμίους
1335 3362 1687 3435 παρατάξεως

111 3451 660 3522 ’παρεσκευασμένον
692 3451 832 3505 οὕτω
880 3452 972 3505 καὶ
1012 3452 1110 3522 τῆς
1166 3450 1487 3524 Ἐκκλησίας
1527 3453 1576 3506 οἰ
1628 3455 1686 3507 ἐν

1067 3541 1305 3613 λεχθεῖεν
1351 3542 1418 3596 ἀν
1462 3544 1687 3609 εἰκότως

112 3634 393 3702 ἐπάλξεις.
430 3652 450 3686 ι
471 3635 585 3689 Καὶ
625 3634 724 3698 τὰς
764 3635 933 3700 πύλας
961 3653 1052 3688 σου
1080 3634 1257 3700 λίθους
1286 3634 1614 3710 κρυστάλλου
1632 3653 1679 3689 ·ι

110 3725 171 3778 δι’
203 3720 291 3780 ὧν
314 3726 417 3790 τὰς
440 3725 616 3784 πύλας
646 3725 744 3796 τῆς
788 3725 992 3791 πόλεως
1039 3728 1329 3798 συστήσας,
1356 3724 1598 3790 θεσπίζει
1624 3727 1686 3781 τὸ

112 3816 343 3883 διαυγὲς
371 3816 460 3871 καὶ
491 3816 730 3888 καθαρὸν
761 3816 860 3887 τῆς
901 3817 1083 3887 ὑγιοῦς
1118 3818 1372 3884 πίστεως,
1416 3818 1686 3888 παριστὰς

114 3906 225 3960 τιῖιν
257 3908 698 3978 πεπιστευμένων
720 3907 814 3979 τὴν
852 3907 1072 3980 πρώτην
1102 3910 1193 3963 καὶ
1227 3908 1560 3982 στοιχειώδη,
1591 3911 1685 3964 καὶ

114 3997 437 4070 είσακτικὴν
470 3999 833 4053 διδασκαλίαν.
866 4020 884 4050 ι
907 4001 1018 4054 Καὶ
1041 4001 1130 4054 τὸν
1168 4001 1450 4072 περίδολόν
1483 4018 1575 4055 σου
1602 4001 1683 4055 λί-

117 4089 239 4154 θους
280 4089 590 4155 ἐκλεκτούς.
613 4111 631 4142 ι
677 4089 916 4143 Τοιοῦτοι
958 4091 1002 4144 δ’
1043 4091 1110 4145 ἃν
1154 4086 1263 4145 εἶεν
1294 4093 1343 4145 οἰ
1387 4092 1685 4165 περιφράτ-

115 4188 318 4245 τοντες,
358 4181 458 4236 καὶ
501 4182 619 4235 ἀντὶ
668 4181 869 4244 παντὸς
910 4181 1105 4253 ἕρκους
1140 4183 1556 4255 ἀσφαλιζόμενοι
1597 4184 1685 4239 διὰ

117 4274 223 4333 τῶν
255 4275 400 4347 πρὸς
436 4273 529 4328 τὸν
559 4274 689 4328 Θεὸν
728 4273 899 4345 εὐχῶν
940 4274 1035 4346 τὴν
1063 4277 1240 4329 πᾶσαν
1276 4276 1559 4348 οἰκοδομὴν
1586 4277 1684 4348 τῆς

122 4366 345 4432 πόλεως,
380 4366 593 4439 μεγάλα
617 4365 710 4420 καὶ
745 4365 1029 4438 πολυτελῆ,
1053 4367 1147 4422 καὶ
1180 4366 1374 4440 ἔντιμα
1400 4368 1681 4441 οἰκοδομή-

124 4473 287 4525 ματα.

187 4567 206 4600 ι
233 4548 346 4602 Καὶ
380 4548 586 4613 πάντας
616 4550 741 4612 τοὺς
784 4548 929 4614 υίούς
958 4565 1051 4602 σου
1082 4549 1360 4615 διδακτοὺς
1396 4549 1551 4615 Θεοῦ,
1584 4553 1676 4606 καὶ

120 4640 173 4691 ἐν
224 4639 401 4710 πολλῇ
453 4640 644 4712 εἰρήνῃ
691 4640 759 4694 τὰ
804 4640 967 4695 τέκνα
1017 4658 1131 4697 σου.
1153 4661 1171 4695 ι
1220 4642 1506 4709 Διδακτοῦς
1540 4643 1675 4701 Θεοῦ

120 4732 383 4786 ἀποκαλεῖ
403 4734 527 4796 τοὺς
556 4734 702 4797 υἱοὺς
723 4734 822 4804 τῆς
848 4733 1015 4789 πάλαι
1053 4734 1297 4806 στείρας·
1331 4733 1464 4788 ἀλλὰ
1493 4736 1586 4789 καὶ
1617 4737 1677 4789 ἐν

120 4822 281 4895 πολλῇ
315 4824 507 4897 εἰρήνῃ
541 4823 755 4878 ἔσεσθαι
800 4825 969 4896 αὐτῆς
1016 4823 1086 4877 τὰ
1132 4825 1298 4879 τέκνα
1321 4842 1334 4856 ·
1368 4825 1522 4879 τοῦτο
1567 4827 1676 4899 γὰρ

121 4916 297 4979 αὐτοῖς
324 4914 686 4986 ἐπηγγείλατο
725 4916 922 4969 εἰπών·
964 4934 983 4967 ι
1026 4916 1262 4987 Εἰρήνην
1286 4916 1386 4987 τὴν
1428 4915 1565 4989 ἐμὴν
1595 4916 1674 4970 δί-

117 5008 255 5079 δωμι
276 5008 430 5078 ὑμίν,
457 5008 677 5079 εἰρήνην
699 5007 798 5079 τὴν
828 5008 966 5078 ἐμήν
994 5006 1196 5078 ἀφίημι
1228 5008 1409 5079 ὑμῖν.»

188 5119 209 5151 ι
254 5098 373 5167 Καὶ
414 5099 475 5151 ἐν
524 5097 830 5170 δικαιοσύνῃ
866 5096 1279 5172 οἰκοδομηθήσῃ.
1315 5097 1544 5169 Ἀπέχου
1589 5101 1683 5155 ἀπ’

117 5190 326 5250 ἀδίκου.
376 5190 470 5243 καὶ
519 5189 581 5243 οὐ
639 5190 938 5276 φοδηθήσῃ,
982 5190 1077 5245 καὶ
1126 5190 1326 5261 τρόμος
1362 5191 1460 5245 οὐκ
1513 5192 1689 5261 ἐγγιεῖ

121 5298 219 5337 σοι.
246 5301 262 5334 ι
306 5280 393 5334 Τὰ
431 5282 530 5353 μὲν
563 5281 671 5353 γάρ
724 5282 1037 5353 ἀνθρώπινα
1082 5283 1549 5356 ἐπισκευάσματα,
1593 5286 1688 5340 καὶ

116 5373 174 5439 ἐξ
214 5372 564 5445 ἀνθρωπίνης
603 5372 833 5445 σπουδῆς
889 5374 1266 5445 συνιστάμενα,
1307 5372 1529 5429 τοιαῦτά
1562 5390 1682 5429 τινα

116 5464 393 5535 τυγχάνει·
449 5462 529 5517 διὸ
581 5462 674 5516 καὶ
719 5464 797 5525 εἰς
833 5462 1036 5535 φθορὰν
1073 5466 1240 5536 χωρεῖ
1277 5462 1370 5517 καὶ
1412 5465 1493 5527 εἰς
1528 5460 1678 5516 ἀπώ-

117 5571 327 5629 'Joan.
363 5587 475 5641 xiv,
504 5572 596 5627 27.

184 5665 302 5737 (40)
344 5663 400 5721 ln
433 5666 540 5725 alio
568 5666 752 5722 codice
787 5665 979 5736 legitur
1004 5670 1116 5732 τοῖς
1143 5666 1310 5731 λίθοις
1336 5685 1453 5721 σου.
1481 5667 1675 5724 llicro-

118 5750 311 5807 aymus
359 5752 523 5809 vero,
571 5733 710 5805 Ἐγὼ
755 5737 867 5808 εἰμι
910 5737 1159 5808 ἐμδαλὼν
1198 5741 1255 5794 ἐν
1310 5740 1504 5812 στίμμι
1558 5756 1679 5804 τους

1787 1910 1960 1969 tuum,
1986 1912 2044 1959 et
2069 1901 2412 1960 fundamenta
2429 1912 2520 1959 tua
2534 1906 2869 1977 sapphirum.
2881 1905 3027 1961 »Pro
3047 1920 3157 1977 quo
3189 1904 3348 1979 Sym·

1785 1991 2030 2058 machus.
2067 2010 2089 2045 ι
2119 1992 2256 2049 Ecce
2278 2006 2379 2065 ego
2408 2008 2675 2065 compono
2701 1996 2862 2052 stibio
2899 1996 3104 2067 lapides
3134 2008 3296 2065 tuos;
3319 2012 3344 2049 ι

1785 2081 2083 2141 'theodotio
2101 2092 2303 2149 autem,
2339 2082 2531 2141 ‹Ecce
2545 2098 2647 2155 ego
2666 2084 2949 2141 immittam
2975 2080 3194 2142 stibium
3209 2084 3348 2156 lspl-

1785 2174 1941 2231 dibus
1982 2175 2110 2230 tuis.
2137 2191 2159 2228 ι
2188 2173 2644 2243 Quemadmodum
2675 2174 2822 2231 enim
2859 2188 2985 2231 cum
3015 2176 3211 2233 mulier
3231 2218 3250 2245 ,
3287 2185 3347 2233 ut

1781 2265 1970 2322 sormae
2012 2267 2261 2323 decorem
2298 2264 2498 2333 addat.
2523 2265 2688 2325 'stibio
2733 2265 2856 2323 linit
2896 2266 3114 2335 oculos,
3162 2268 3236 2323 ita
3290 2276 3350 2324 ct

1783 2373 1918 2430 ego,
1956 2358 2147 2429 inquit.
2168 2357 2317 2415 omni
2347 2358 2530 2429 specle
2577 2358 2857 2417 acdooere
2883 2358 3230 2416 formosiores
3248 2374 3346 2432 po·

1784 2464 1910 2507 nam
1956 2459 2244 2506 structurae
2270 2458 2373 2506 ωε
2400 2448 2626 2521 lapides.

1855 2538 2020 2597 Vens.
2053 2541 2141 2597 12.
2173 2560 2196 2595 ι
2236 2539 2305 2597 Et
2345 2554 2544 2613 ponam
2586 2539 2985 2613 propugnacula
3029 2550 3118 2598 tua
3141 2541 3341 2614 jaspin,

1785 2640 1841 2687 et
1878 2640 2062 2702 portas
2089 2640 2212 2688 tuas
2249 2630 2462 2702 lapides
2515 2632 2782 2707 crystalli,
2812 2642 2868 2689 et
2893 2648 3078 2691 muros
3109 2642 3229 2690 tuos
3273 2631 3347 2689 la·

1785 2722 1938 2794 pides
1968 2722 2193 2781 electos.
2238 2722 2402 2780 Tales
2423 2722 2480 2781 itt
2503 2722 2747 2781 Ecclesia
2779 2724 2876 2783 Dei
2935 2723 3138 2782 fuerint
3165 2726 3226 2793 ii.
3251 2724 3342 2797 qui

1784 2812 2096 2871 rationabili
2125 2823 2414 2871 structura
2462 2826 2724 2887 apparatu
2764 2815 2872 2873 lide
2912 2816 3151 2874 roborati
3193 2826 3343 2885 suut,

1786 2913 1973 2973 utpote
2001 2906 2095 2976 qui
2141 2905 2246 2977 piat
2277 2904 2558 2978 religionis
2584 2906 2986 2979 propugnacula
3022 2909 3154 2974 sint,
3201 2908 3346 2978 quod

1785 2990 1999 3067 possint
2024 3011 2240 3054 omnem
2283 2998 2693 3063 sublimitatem.
2736 3006 2924 3054 coutra
2953 2997 3050 3055 Dei
3081 2999 3346 3071 coguitio-

1786 3100 1909 3142 nem
1930 3101 2052 3143 sese
2078 3097 2452 3155 exserentem,
2486 3088 2554 3145 de
2594 3087 2770 3144 media
2803 3086 3009 3155 tollere.
3041 3095 3098 3144 et
3125 3101 3342 3145 omnem

1709 3162 1758 3225 C
1787 3173 1980 3232 falsum
2021 3191 2326 3234 sermonem
2356 3178 2604 3236 veritatis
2647 3179 2922 3236 inimicum
2971 3178 3253 3235 eliminare
3285 3188 3345 3236 et

1786 3265 2087 3325 confutare.
2133 3267 2460 3325 sicutenim
2508 3268 2787 3325 adornata
2834 3268 2890 3324 iu
2933 3269 3105 3326 muris
3137 3269 3337 3342 pinne,

1786 3359 2183 3430 propugnacula
2214 3368 2364 3424 sunt.
2393 3359 2461 3415 ad
2518 3358 2891 3417 instruendum
2920 3371 3109 3416 contra
3154 3360 3342 3417 hostes

1785 3450 1986 3507 bellum
2019 3449 2382 3516 concinnata3
2424 3450 2506 3507 sic
2540 3460 2598 3507 et
2637 3451 2695 3517 ii.
2734 3450 2825 3524 qui
2859 3451 2913 3507 in
2950 3451 3189 3508 Ecclesia
3223 3465 3341 3509 ser·

1785 3556 1945 3598 mone
1973 3550 2030 3597 et
2078 3540 2346 3612 sapientia
2395 3552 2641 3612 potentes
2691 3550 2839 3609 sunt,
2877 3541 2999 3614 jure
3030 3556 3338 3614 propugna-

1785 3632 1907 3689 cula
1948 3632 2214 3689 dicantur.
2248 3651 2268 3687 ι
2306 3632 2374 3689 Et
2405 3641 2587 3703 portas
2613 3640 2739 3690 tuas
2778 3632 2986 3705 lapides
3020 3632 3281 3706 crystalli,
3313 3652 3334 3688 ι

1783 3724 1982 3794 quibus
2034 3721 2307 3794 lapidibus
2359 3725 2428 3781 ad
2480 3733 2668 3796 portas
2731 3724 2883 3782 urbis
2932 3724 3340 3781 constituendas

1785 3833 1937 3885 usus,
1966 3830 2112 3873 sanae
2139 3815 2263 3871 lidei
2291 3814 2631 3888 splendorem
2668 3826 2724 3874 ct
2759 3815 3046 3888 puritatem
3076 3816 3340 3873 vaticina·

1786 3918 1896 3969 tur.
1929 3906 2275 3980 declaratque
2319 3910 2547 3981 primam
2577 3907 2984 3974 elementarem,
3026 3918 3191 3979 atque
3237 3907 3340 3964 ini·

1785 3997 1967 4053 tialem
2002 4012 2204 4064 rerum.
2232 4011 2352 4068 quae
2387 3999 2454 4054 ad
2484 3997 2643 4055 iidem
2679 3996 2974 4070 pertinent,
3017 3997 3337 4053 doctrinam.

1789 4106 1808 4139 ι
1848 4089 1914 4143 Et
1944 4103 2128 4145 muros
2168 4097 2289 4145 tuos
2319 4089 2525 4161 lapides
2565 4089 2792 4146 electos.
2825 4108 2846 4144 ι
2885 4086 3197 4158 liujusmodi
3227 4086 3340 4144 l'ue·

1785 4181 1895 4234 rint
1929 4180 1987 4246 ii,
2021 4182 2113 4250 qui
2148 4181 2569 4252 circumquaque
2599 4179 2919 4238 munimenti
2952 4179 3070 4235 loco
3109 4188 3255 4244 sunt.
3285 4188 3341 4235 et

1783 4271 1941 4341 quasi
1986 4272 2209 4338 vallum,
2251 4281 2418 4327 totam
2453 4270 2603 4328 urbis
2630 4280 2957 4328 structuram
3005 4284 3102 4340 per
3142 4269 3341 4325 oratio·

1784 4378 1883 4417 nes
1932 4364 1999 4418 ad
2061 4362 2227 4421 Deum
2282 4364 2512 4420 emissas
2565 4373 2849 4419 tutantur.
2917 4377 3107 4433 magna
3162 4374 3336 4427 sane,

1710 4493 1753 4548 D
1783 4454 2016 4526 pretiosa
2059 4464 2115 4512 et
2167 4454 2505 4512 honorabilia
2551 4455 2796 4511 aedilicia.

1862 4545 2021 4603 Vens.
2056 4548 2146 4603 13.
2181 4567 2201 4603 ι
2238 4547 2306 4603 Et
2333 4563 2523 4604 omncs
2554 4550 2693 4604 lilios
2730 4559 2867 4612 tuos,
2900 4546 3192 4617 discipulos
3221 4545 3336 4609 Dei.

1783 4649 1836 4694 et
1886 4639 1939 4694 in
1981 4640 2148 4696 multa
2194 4655 2329 4711 pace
2364 4640 2458 4695 lilii
2513 4641 2614 4697 tui.
2650 4659 2670 4694 ι
2712 4638 3010 4709 Discipulos
3045 4637 3139 4693 Dei
3183 4647 3340 4694 vocat

1782 4731 1924 4786 illius
1956 4730 2082 4786 olim
2133 4731 2334 4788 sterilis
2382 4731 2564 4787 tilios:
2609 4747 2674 4786 ac
2728 4731 2782 4785 in
2833 4729 2999 4785 multu
3045 4744 3177 4801 pace
3216 4742 3338 4785 ver-

1783 4832 1997 4878 saturus
2046 4822 2124 4877 ait
2172 4820 2313 4879 lilio's
2342 4821 2499 4891 ejus:
2534 4821 2586 4875 id
2614 4822 2760 4878 enim
2794 4822 2921 4892 ipsis
2949 4821 3219 4892 pollicitus
3252 4821 3337 4878 his

1785 4915 1966 4971 verbis
1995 4924 2120 4971 est:
2161 4933 2183 4968 ι
2219 4915 2417 4972 Pacem
2443 4928 2618 4970 meam
2657 4915 2727 4969 do
2750 4914 2924 4980 vobis,
2949 4928 3134 4985 pacem
3163 4928 3335 4970 meam

1780 5005 2026 5076 relinquo
2057 5006 2211 5065 vobis
2237 5008 2281 5064 ⁸.
2317 5025 2336 5059 ι

1855 5099 2021 5156 Vens.
2048 5099 2136 5155 14.
2162 5117 2182 5152 ι
2213 5099 2279 5156 bit
2305 5097 2591 5172 iniustitia
2616 5098 2988 5154 aediiicalieris.
3016 5096 3240 5154 Abstine
3264 5095 3335 5153 ab

1780 5191 1987 5261 iniquo,
2016 5202 2068 5249 et
2112 5207 2219 5248 nou
2260 5192 2477 5249 timebis
2501 5232 2518 5258 ‚
2568 5201 2622 5248 et
2668 5199 2873 5247 tremor
2904 5206 3007 5244 non
3051 5187 3336 5260 appropin-

1780 5282 1972 5350 quabit
2012 5283 2131 5339 tibi.
2186 5302 2206 5337 ι
2265 5282 2543 5357 Siquidem
2599 5283 2819 5339 liumani
2882 5280 2958 5336 illi
3007 5289 3293 5351 apparatus
3315 5317 3332 5344 ‚

1789 5374 2021 5430 buntiana
2051 5390 2180 5430 cura
2208 5376 2363 5444 editi,
2395 5374 2703 5443 huiusmodi
2729 5382 2897 5429 sunt:
2939 5384 3106 5442 quare
3134 5371 3186 5425 in
3213 5384 3336 5425 cor·

1785 5469 2091 5535 ruptionem
2116 5476 2169 5525 et
2188 5467 2412 5524 exitium
2437 5467 2747 5524 deveniunt.
2776 5466 2923 5536 Opus
2948 5473 3126 5521 autem
3157 5474 3334 5519 meum

1785 5668 1968 5732 λίθους
1995 5684 2110 5722 σου.
2129 5666 2446 5749 Procopius,
2472 5665 2723 5750 ἐμδάλλω
2758 5666 2818 5720 ἐν
2853 5663 3054 5737 στίμει.
3080 5662 3336 5735 Qum-

1788 5742 1953 5798 lcctio
1977 5747 2218 5810 praestet,
2248 5753 2350 5796 suo
2377 5734 2497 5796 ibeo
2527 5734 2914 5807 indagabimus.
