3692 6134
1080 306 1583 367 communis
1618 308 1685 365 m
1724 308 1976 368 Issum.
2015 340 2085 353 --
2121 310 2272 367 CAP.
2314 309 2380 367 V.

3274 308 3371 365 lt8

320 426 379 480 α“ι
407 425 598 497 ἔμεινα
616 424 713 481 τοῦ
746 426 972 497 ποιῆσαι
994 426 1292 497 σταφυλήν,
1322 427 1415 481 καὶ
1447 426 1700 497 ἐποίησεν
1730 432 1776 488 Α
1878 427 2039 484 Vens.
2070 426 2190 483 3-6.
2235 446 2253 479 ι
2308 428 2375 483 Ει
2424 425 2733 497 exspectavi
2774 432 2832 479 ut
2871 424 3074 480 taceret
3126 438 3279 491 uvas,
3314 436 3370 482 et

319 534 390 582 ις.
416 517 527 571 Καὶ
548 515 643 573 νῦν
664 517 716 571 ol
747 514 1084 582 ἐνοικοῦντες
1104 518 1162 571 ἐν
1201 516 1578 589 Ἰερουσαλὴμ,
1609 519 1704 573 καὶ

319 627 414 674 πος
439 607 533 663 τοῦ
582 607 772 675 Ἰούδα,
806 608 1025 684 κρίνατε
1059 610 1118 664 ἐν
1151 609 1296 682 ἐμοὶ,
1332 608 1426 664 καὶ
1459 609 1563 665 ἀνά
1609 610 1706 681 μέ-

319 700 348 755 ῦ
378 699 697 773 ἀμπελῶνός
729 718 852 773 μου.
888 700 954 754 Τί
977 702 1196 773 ποιήσω
1222 700 1399 773 ἐτιτῷ
1421 701 1703 773 ἀμπελῶνί

318 792 375 848 αῖ.
397 791 498 846 οὐκ
524 791 757 864 ἐποίησα
783 790 966 863 αύτιῖις
989 791 1127 847 διότι
1151 791 1341 864 ἔμεινα
1359 792 1452 847 τοῦ
1479 792 1704 864 ποιῆσαι

319 882 422 956 tipo,
456 883 679 955 ἐποίησε
725 882 783 936 δὲ
826 882 1086 949 ἀκάνθας.
1120 882 1236 938 Νῦν
1283 879 1705 954 οῦν·ἀναγγελῶ

319 971 569 1045 ίποιήσω
597 970 678 1043 τῷ
704 971 989 1043 ἀμπελῶνί
1025 990 1127 1045 μου
1149 989 1163 1005 ·
1203 973 1412 1044 ’Δφελῶ
1442 974 1536 1029 τὸν
1566 991 1706 1047 φρα·

319 1063 483 1129 ιύτοῦ,
518 1065 612 1120 καὶ
652 1065 806 1120 ἔσται
842 1066 924 1131 είς
964 1066 1306 1140 διαρπαγήν·
1355 1068 1452 1122 καὶ
1492 1067 1705 1123 καθελῶ

319 1159 433 1228 ἰχον
473 1155 661 1222 αὑτοῦ,
701 1159 798 1212 καὶ
834 1158 989 1215 ἔσται
1031 1161 1112 1224 είς
1149 1159 1526 1232 καταπάτημα
1545 1178 1559 1194 ·
1610 1159 1706 1215 καὶ

350 1248 446 1303 τὸν
476 1249 775 1322 ἀμπελῶνα
807 1268 930 1323 μου,
967 1252 1064 1306 καὶ
1094 1251 1156 1307 οὐ
1204 1251 1280 1325 μὴ
1327 1251 1560 1325 τιμηθῇ,
1594 1252 1703 1307 οὐδ’

319 1342 523 1412 σκαφῇ,
552 1340 649 1395 καὶ
675 1342 1007 1416 ἀναδήσεται
1032 1344 1113 1409 είς
1145 1342 1329 1408 αὐτὸν,
1355 1343 1429 1409 ὡς
1464 1346 1545 1409 εἰς
1576 1345 1703 1417 χέρ·

320 1431 511 1489 κανθα.
551 1434 665 1489 Καὶ
703 1436 826 1499 ταῖς
856 1434 1108 1506 νεφέλαις
1137 1433 1459 1507 ἐντελοῦμαι
1487 1435 1581 1491 τοῦ
1627 1434 1702 1508 μὴ

339 1521 422 1587 είς
449 1522 613 1577 αὐτὸν
647 1523 820 1579 ὑετόν.
866 1543 886 1577 ι
924 1524 1172 1592 Νεφέλας
1200 1525 1377 1596 δηλῶν
1406 1526 1535 1590 τοὺς
1580 1541 1704 1598 προ-

319 1627 329 1641 ·
361 1612 498 1668 ἀλλά
536 1615 631 1668 καὶ
659 1613 749 1668 διά
792 1613 852 1668 τὸ
880 1613 1117 1687 καθαρὸν
1149 1615 1331 1671 αὐτῶν
1363 1615 1459 1670 καὶ
1483 1616 1705 1685 διαυγὲς

319 1720 394 1771 ου,
435 1703 668 1774 νεφέλας
711 1703 910 1769 αὐτοὺς
943 1702 1130 1758 καλεῖ·
1169 1704 1258 1760 διά
1286 1704 1493 1760 τούτων
1529 1704 1640 1774 γὰρ
1677 1704 1706 1756 ὁ

1808 514 1936 569 fecit
1966 515 2176 585 spinas.
2225 514 2293 569 Et
2345 528 2487 569 nunc
2522 513 2614 584 qui
2672 512 2908 568 incolitis
2952 511 3276 579 Jerusalem,
3316 522 3370 568 et

1805 607 1972 662 liomo
2027 607 2189 672 «luda,
2220 607 2467 679 judicate
2521 606 2663 662 inter
2712 620 2797 662 me
2864 613 2922 660 et
2976 605 3120 661 inter
3157 604 3370 660 vineam

1804 711 2004 753 meam.
2053 697 2193 765 Quid
2242 698 2435 755 faciam
2481 698 2659 754 adbuc
2680 698 2850 753 vineae
2894 711 3049 764 meae,
3088 696 3233 767 quod
3265 710 3370 750 non

1806 786 1909 843 feci
1940 788 1992 843 ei
2019 788 2044 842 ἲ
2070 788 2199 858 quia
2228 787 2539 858 exspectavi
2576 796 2637 843 ut
2685 786 2887 844 laceret
2925 802 3077 854 uvas,
3110 786 3203 842 sed
3244 784 3375 842 l'ecit

1805 880 2032 950 spinas?
2069 880 2226 937 Nunc
2264 881 2431 952 igitur
2459 880 2798 937 annuntiabo
2825 882 2981 936 vobis
3010 881 3139 950 quid
3172 879 3368 936 faciam

1805 970 1979 1026 vineae
2006 985 2139 1027 meae
2167 970 2461 1028 :Auferam
2490 986 2672 1043 sepem
2713 971 2856 1042 eiua,
2899 980 2954 1028 et
3004 971 3109 1028 erit
3136 974 3191 1026 in
3228 970 3375 1026 dire·

1804 1062 2045 1133 ptionem
2072 1063 2319 1119 :diruam
2347 1063 2641 1118 maceriam
2664 1062 2804 1133 ejus,
2844 1061 3023 1118 eterit
3058 1062 3112 1116 in
3149 1060 3373 1117 concul-

1805 1153 2077 1208 cationem
2114 1171 2129 1207 z
2158 1162 2214 1209 et
2236 1151 2538 1223 relinquam
2572 1152 2786 1208 vineam
2827 1166 3023 1218 meam,
3063 1160 3118 1208 et
3146 1167 3253 1205 non
3277 1165 3377 1222 pu·-

1807 1242 2032 1308 tabitur,
2074 1257 2251 1313 neque
2274 1241 2617 1307 fodietur,-et
2643 1250 2893 1297 crescent
2924 1241 2977 1295 in
2999 1256 3083 1307 ea,
3117 1250 3375 1311 tanquam

1804 1334 1859 1389 in
1899 1334 2101 1390 inculta
2160 1342 2331 1399 terra,
2386 1333 2578 1404 spinae.
2614 1332 2682 1387 Et
2711 1331 2946 1392 nubibus
2988 1332 3259 1388 mandabo
3305 1344 3375 1389 ne

1803 1423 1990 1494 pluant
2020 1437 2187 1494 snper
2209 1437 2329 1478 eam
2366 1422 2623 1493 pluviam.
2650 1439 2669 1474 ι
2699 1420 2881 1478 Nubes
2911 1435 3118 1479 vocans
3146 1422 3375 1494 propbe-

1809 1525 1891 1570 tas
1922 1534 1936 1571 :
1970 1530 2106 1584 qnos
2141 1515 2212 1569 ob
2255 1516 2547 1585 puritatem
2583 1522 2639 1570 et
2676 1514 2802 1570 vitae
2830 1513 3179 1583 splendorem
3206 1514 3374 1569 nubes

1805 1604 2075 1675 appellat:
2114 1604 2309 1660 borum
2358 1604 2502 1659 enim
2541 1618 2709 1674 opera
2738 1604 2981 1662 coelestis
3028 1604 3164 1673 ipsis
3189 1619 3374 1660 sermo

1807 1695 2073 1763 dabatur,
2133 1697 2332 1768 quibus
2374 1695 2635 1759 Dominus
2690 1710 2752 1753 se
2784 1695 3149 1755 discessurum
3200 1696 3373 1752 inter-

319 1810 365 1857 >ς
393 1793 578 1856 αὐτοῖς
598 1795 914 1869 ἐχορηγεῖτο
946 1793 1132 1865 λόγος·
1167 1790 1249 1859 οἷς
1278 1795 1495 1851 ἀπειλεῖ
1525 1795 1554 1847 ὁ
1586 1794 1702 1849 ιω-
1732 1781 1775 1838 Β
1803 1783 2059 1843 minatur.

319 1886 593 1958 νοστήσειν
623 1884 824 1941 αὐτῶν.

323 1995 482 2051 μεινα
507 1978 603 2034 τοῦ
628 1980 851 2050 ποιῆσαι
871 1981 1079 2052 κρίσιν,
1108 1979 1334 2050 ἐποίησε
1363 1978 1422 2033 δὲ
1452 1979 1705 2050 ἀνομίαν,

1879 1971 2045 2029 Vens.
2074 1971 2129 2025 Ἰ.
2163 1991 2182 2025 ι
2215 1971 2537 2044 Exspectavi
2578 1981 2636 2029 ut
2676 1972 2881 2030 faceret
2906 1971 3193 2048 judicium,
3247 1971 3373 2029 lecit

328 2067 700 2140 δικαιοσύνην,
747 2068 886 2123 ἀλλὰ
915 2070 1187 2141 κραυγήν.
1234 2086 1254 2120 ι
1300 2068 1566 2142 Κραυγὴν
1599 2068 1708 2143 γὰρ
1806 2069 1987 2117 autem
2040 2062 2408 2133 iniquitatem,
2462 2073 2518 2120 et
2568 2079 2675 2120 non
2714 2064 3004 2133 iustitiam,
3042 2067 3138 2122 sed
3173 2065 3373 2121 clamo-

340 2158 491 2211 πᾶσα
515 2157 653 2228 πρὸς
675 2156 905 2210 θάνατον
930 2157 1199 2230 ἁμαρτία,
1217 2156 1425 2230 βοώσης
1446 2158 1546 2229 τῆς
1574 2159 1708 2231 πρά-
1805 2168 1945 2209 rem.
1975 2171 1996 2207 ι
2028 2150 2164 2209 Nam
2202 2167 2365 2209 omne
2397 2166 2675 2225 peccatum
2705 2156 2775 2211 ad
2793 2166 3047 2223 mortem,
3075 2157 3368 2213 clamorem

319 2246 495 2317 ιύτῆς·
531 2247 674 2302 οῦτω
701 2247 834 2318 γοῦν
872 2248 1087 2321 εἴρηται
1113 2249 1193 2318 τὸ,
1233 2268 1253 2302 ι
1290 2249 1445 2331 Φῳνὴ
1474 2251 1703 2322 αἳματος

319 2336 416 2390 τοῦ
441 2336 672 2408 ἀδελφοῦ
699 2355 793 2392 σου
819 2338 919 2411 βοᾷ
949 2341 1086 2412 πρὸς
1112 2341 1201 2412 μέ.

319 2510 331 2572 ἱ
356 2516 484 2589 ,γὰρ
513 2515 778 2590 ἐργῶνται
805 2516 937 2577 δέκα
959 2518 1129 2591 ζεύγη
1174 2518 1336 2590 βοῶν,
1368 2522 1581 2594 minuet
1605 2541 1697 2578 κε-

342 2607 405 2661 ἐν
423 2626 437 2640 ·
463 2608 556 2662 καὶ
579 2607 861 2681 ὀσπείρων
885 2610 1130 2682 ἀρτάύας
1161 2610 1242 2679 ἐξ,
1276 2614 1491 2688 ποιήσει
1520 2615 1695 2689 μέτρα

350 2692 617 2763 Σπανίους
659 2699 813 2765 τινὰς
837 2702 965 2766 τοὺς
1009 2705 1070 2757 ἐν
1101 2702 1285 2768 αὐτοῖς
1331 2706 1695 2780 εὑρεθησομέ-

319 2789 531 2861 ιτηρίας
555 2788 740 2859 ἀξίους
771 2793 1086 2853 αίνίττεται.

323 2966 383 3020 αὶ
409 2968 458 3022 οί
483 2966 822 3039 ἐγειρόμενοι
853 2967 912 3022 τὸ
938 2970 1106 3043 πρωῒ,
1131 2972 1227 3028 καὶ
1256 2973 1320 3028 τὸ
1352 2972 1548 3048 σίκερα
1571 2975 1696 3031 διώ-

346 3062 396 3113 οί
431 3060 686 3131 μένοντες
722 3061 785 3114 τὸ
822 3059 938 3131 ὀψέ·
970 3063 1002 3116 ὁ
1031 3063 1137 3136 γάρ
1169 3060 1311 3131 οἶνος
1337 3067 1538 3134 αὐτοὺς
1565 3086 1695 3139 συγ-

319 3190 326 3204 .
373 3170 394 3204 ι
443 3150 555 3223 Τῆς
594 3150 963 3227 ἀποστολικῆς
989 3152 1189 3223 λέξεως
1214 3155 1315 3231 τὴν
1345 3157 1606 3232 ἐξήγησιν
1632 3159 1696 3215 τὸ
1720 3126 1764 3187 c

332 3243 491 3297 τοῦτο
525 3243 692 3316 μέρος
726 3243 828 3317 τῆς
869 3247 1206 3321 προφητείας
1253 3250 1526 3324 περιέχει·
1560 3251 1696 3307 διότι

320 3335 436 3406 ησὶ,
468 3353 486 3386 ι
530 3335 768 3391 Μέθυσοι
800 3335 1079 3407 βασιλείαν
1107 3337 1243 3394 Θεοῦ
1269 3341 1331 3394 οὐ
1369 3340 1698 3417 κληρονομή·

332 3446 350 3479 ι
376 3426 657 3480 τουτέστιν
678 3428 727 3482 ol
747 3427 873 3499 ἀρτι
891 3427 991 3501 τὴν
1022 3432 1087 3487 ἐκ
1117 3431 1217 3501 τῆς
1238 3432 1486 3504 νεότητος
1510 3435 1695 3491 ἀνοιαν

319 3536 464 3584 ιενοι,
497 3520 592 3574 καὶ
617 3520 739 3576 ἀντὶ
768 3520 870 3591 τῆς
904 3520 999 3575 τοῦ
1044 3522 1205 3593 λόγου
1236 3525 1518 3599 δυνάμεως
1544 3528 1696 3584 εὐτό-

319 3612 669 3667 ιταπαλαίειν
716 3612 784 3669 τά
835 3612 1007 3688 πάθη,
1061 3615 1494 3691 ἀνατρεπόμενοι
1561 3624 1692 3695 παρ’

345 3707 439 3759 καὶ
463 3700 576 3760 οἶόν
607 3723 728 3760 τινα
768 3705 937 3779 μέθην
969 3708 1037 3762 τά
1058 3708 1205 3782 πάθη
1241 3711 1689 3782 μεταδιώκοντες.

319 3798 362 3853 ie
381 3799 506 3862 τοὺς
548 3796 828 3866 Ἰουδαίους
858 3801 951 3853 καὶ
985 3800 1121 3872 μετά
1150 3802 1251 3875 τὴν
1280 3802 1423 3858 κατὰ
1446 3804 1544 3859 τοῦ
1578 3806 1693 3860 Σω-

321 3890 477 3963 ἠμῶν
503 3891 727 3962 τόλμαν,
780 3893 870 3947 ὅτε
902 3892 1071 3965 ἐχρῆν
1118 3895 1318 3960 αὐτοὺς
1351 3896 1567 3952 πενθεῖν
1604 3896 1693 3952 διὰ

319 3984 537 4038 λλουσαν
570 3983 973 4056 καταλήψεσθαι
999 3986 1196 4051 αὐτοὺς
1223 3988 1414 4060 ὀργὴν,
1455 3989 1694 4060 κραιπά-

319 4074 368 4130 ἰι
399 4074 782 4147 οίνοφλυγίαις,
800 4076 894 4131 καὶ
919 4081 987 4151 τῇ
1013 4076 1150 4151 ἀλλῃ
1177 4081 1357 4152 τρυφῇ
1390 4079 1690 4151 σχολάζειν.

319 4163 620 4228 λανίζονται
674 4165 781 4219 ὑπὸ
823 4165 919 4220 τοῦ
947 4166 1127 4237 λόγου,
1170 4168 1246 4233 ὡς
1277 4168 1694 4242 ἀνεπαισθὴτως

319 4254 451 4317 ςτῶν
470 4256 593 4310 ὅσον
613 4254 767 4310 οὔπω
786 4257 1244 4331 καταληψομένων
1261 4260 1459 4326 αὐτοὺς
1481 4260 1687 4318 κακῶν.

1801 2242 2027 2313 emittit,
2067 2244 2337 2300 clamante
2387 2245 2473 2301 vel
2507 2246 2625 2317 ipsa
2674 2248 2931 2304 actione:
2984 2247 3066 2301 sic
3105 2245 3251 2303 enim
3285 2246 3370 2302 di·

1802 2344 1953 2392 ctum
1990 2345 2096 2402 est,
2137 2354 2158 2390 ι
2186 2336 2304 2393 Vox
2347 2338 2633 2409 sanguinis
2660 2338 2795 2395 Abel
2832 2337 3017 2395 fratris
3058 2336 3138 2392 tui
3178 2336 3373 2391 clamat

1799 2426 1867 2482 ad
1899 2440 1986 2482 me
2006 2426 2075 2483 ²⁸.
2104 2444 2126 2480 ι
2210 2486 2214 2489 ,

1872 2517 2039 2577 Vns.
2068 2518 2161 2575 10.
2202 2537 2223 2574 ι
2256 2519 2359 2578 Ubi
2412 2534 2556 2577 emm
2596 2531 2759 2581 arant
2785 2522 2971 2580 decem
2996 2521 3122 2594 iuga
3180 2523 3365 2590 boum,

1796 2609 1968 2669 faciet
2001 2610 2349 2684 lagunculam
2404 2627 2605 2670 unam:
2653 2623 2711 2669 et
2762 2614 2859 2684 qui
2889 2614 3122 2671 seminat
3149 2614 3369 2669 artabas

1795 2719 1916 2769 sex,
1963 2701 2126 2760 saciet
2153 2718 2436 2760 mensuras
2463 2708 2592 2762 tres.
2626 2724 2645 2759 ι
2674 2704 2849 2761 llaros
2887 2705 3146 2777 quosdam
3193 2704 3371 2761 bomi-

1796 2810 1917 2862 nes,
1951 2796 2046 2868 qui
2083 2795 2223 2867 apud
2255 2796 2402 2865 ipsos
2435 2796 2608 2856 salute
2635 2797 2782 2868 digni
2834 2796 3188 2866 reperientur,
3237 2796 3367 2852 sub-

1797 2886 2027 2942 indicat.

1868 2976 2036 3035 Vens.
2069 2976 2159 3033 11.
2196 2995 2215 3029 ι
2246 2974 2341 3033 Vae
2377 2976 2447 3033 iis
2468 2978 2558 3047 qui
2584 2992 2742 3033 mane
2772 2986 3022 3049 surgunt,
3056 2988 3109 3032 et
3135 2978 3363 3033 siceram

1795 3080 2237 3139 persequuntur3
2275 3071 2369 3142 qui
2412 3078 2633 3128 manent
2673 3084 2940 3140 vespere:
2997 3071 3183 3125 vinum
3223 3071 3365 3124 enim

1797 3161 2087 3218 comburet
2140 3175 2255 3220 eos.
2303 3181 2324 3217 ι
2372 3161 2671 3232 Apostolici
2732 3161 2861 3217 dicti
2927 3161 3362 3232 explanationem

1797 3265 1926 3322 pare
1973 3252 2089 3310 baec
2144 3255 2441 3327 propbetiae
2491 3255 2730 3313 continet
2769 3270 2939 3309 :nam
2986 3256 3127 3320 ideo,
3173 3254 3364 3322 inquit,

1802 3362 1824 3398 ι
1865 3342 2012 3399 Ebrii
2041 3360 2264 3417 regnum
2312 3347 2406 3402 Dei
2454 3361 2561 3402 non
2605 3346 3063 3417 possideb·mt¹⁹;
3104 3363 3124 3397 ι
3180 3345 3232 3399 id
3260 3353 3363 3410 est,

1797 3436 1890 3508 qui
1921 3438 2156 3501 nondum
2176 3439 2479 3509 juventutis
2505 3439 2873 3509 insipientiam
2890 3440 3277 3509 deposuerunt,
3310 3450 3367 3494 et

1795 3527 1914 3598 qui,
1948 3542 2072 3586 cum
2118 3528 2458 3586 turbulentos
2503 3530 2671 3586 animi
2724 3542 2900 3584 motus
2947 3538 3167 3584 strenue
3192 3544 3366 3598 oppu-

1803 3633 1973 3691 gnare
2018 3619 2286 3684 debeant,¹
2318 3620 2385 3675 ab
2433 3619 2501 3676 iis
2532 3629 2720 3675 contra
2746 3619 3154 3680 subvertuntur,
3178 3631 3231 3673 et
3264 3635 3362 3674 cett

1795 3712 2086 3776 quamdam
2140 3709 2485 3776 ebrietatem,
2545 3710 2715 3765 animi
2790 3710 3009 3764 morbos
3062 3721 3364 3766 sectantur.

1796 3802 2103 3859 Verisimile
2148 3817 2312 3874 porro
2353 3810 2456 3879 est¹
2484 3799 2703 3863 ludaeos
2749 3811 2871 3873 post
2909 3802 3112 3857 editum
3170 3812 3359 3858 contra

1795 3894 2134 3950 Salvatorem
2179 3902 2425 3951 nostrum
2472 3894 2673 3961 scelus,
2722 3907 2846 3949 cum
2901 3908 3001 3965 par
3036 3894 3226 3951 suisset
3244 3910 3359 3962 eos,

1794 3984 2017 4042 ultionis
2035 3999 2139 4054 qua
2169 3984 2457 4041 invadendi
2482 3993 2639 4040 erant
2672 3993 2841 4050 metu,
2863 3984 3071 4056 lugere,
3098 3986 3358 4055 crapulis,

1795 4075 2171 4140 ebrietatibus,
2217 4075 2446 4152 aliisque
2505 4075 2871 4146 voluptatibus
2927 4091 3175 4131 vacasse.
3220 4077 3363 4143 Qua·

1796 4177 2016 4237 propter
2072 4168 2255 4222 miseri
2314 4182 2344 4222 a
2401 4168 2678 4237 Scriptura
2738 4168 3119 4239 praedicantur,
3174 4176 3359 4237 utpote

1793 4257 1884 4327 qui
1913 4255 2059 4313 nullo
2087 4271 2208 4313 mox
2252 4255 2553 4312 futurorum
2582 4257 2845 4312 malorum
2876 4272 3035 4312 sensu
3080 4272 3360 4312 inoveren-

1795 4357 1899 4403 tur.

319 4431 512 4503 ιτάγάρ
534 4431 766 4507 κιθάρας
792 4431 888 4487 καὶ
919 4432 1240 4505 ψαλτηρίου,
1275 4436 1369 4490 καὶ
1393 4436 1690 4508 τυμπάνων
1719 4468 1771 4524 n
1871 4439 2036 4503 Vaas-
2063 4438 2150 4503 1⁶3.
2202 4456 2225 4493 ι
2251 4438 2386 4497 Nam
2432 4441 2812 4506 cum‘cithara,
2844 4441 3103 4513 psalterio
3135 4452 3189 4498 et
3218 4450 3359 4514 tym-

319 4539 371 4577 ον
417 4523 664 4578 πίνουσι·
700 4523 769 4578 τὰ
816 4524 873 4577 δὲ
921 4523 1056 4597 ἔργα
1087 4525 1293 4597 Κυρίου
1344 4528 1444 4590 ούκ
1494 4529 1688 4600 ἐμὸλέ-

330 4617 424 4670 καὶ
463 4616 533 4669 τά
573 4614 710 4685 ἔργα
740 4615 848 4669 τῶν
889 4616 1083 4688 χειρῶν
1112 4616 1279 4672 αὐτοῦ
1314 4619 1375 4671 οὐ
1402 4619 1692 4679 κατανοοῦ-

328 4706 466 4768 ’An’
501 4706 620 4760 οὐδὲ
657 4707 769 4770 τοῖς
797 4705 961 4771 θείοις
994 4708 1282 4779 προσέχειν
1329 4709 1552 4780 λογίοις,
1595 4711 1687 4765 καὶ

319 4797 457 4853 εἲθεν
489 4798 754 4869 ὠφέλειαν
799 4798 1138 4870 καρποῦσθαι
1184 4794 1294 4854 οἷόν
1321 4819 1379 4854 τε
1416 4804 1542 4867 τοὺς
1579 4820 1687 4855 κω-

320 4896 379 4949 bv
413 4896 526 4966 βίον
569 4894 1001 4967 ἀσπαζομένους,
1044 4896 1139 4952 καὶ
1184 4896 1327 4972 μέθῃ
1360 4898 1453 4951 καὶ
1500 4899 1692 4970 κορδα-

319 5006 330 5052 ;
361 4990 755 5061 κεχρημένους.

323 5163 434 5218 ίνυν
462 5163 803 5236 αἰχμάλωτος
839 5164 868 5220 ὁ
897 5164 1024 5230 λαός
1058 5184 1158 5237 μου
1194 5163 1450 5240 ἐγενήθη,
1495 5163 1582 5217 διά
1627 5163 1689 5217 τὸ

319 5256 431 5310 έναι
464 5255 669 5320 αὐτοὺς.
703 5256 794 5310 τὸν
826 5255 1049 5329 Κύριον,
1083 5255 1179 5314 καὶ
1224 5254 1427 5325 πλῆθος
1458 5255 1688 5328 ἐγενήθη

361 5347 448 5402 διὰ
493 5346 649 5420 λιμὸν
683 5349 778 5406 καὶ
826 5347 976 5418 δίψος
1017 5346 1206 5410 ὓδατος
1247 5346 1379 5419 (w).
1416 5364 1435 5399 ι
1483 5346 1690 5420 Ῥητῶς

319 5481 394 5521 ιιι.
432 5481 508 5532 tv,
534 5468 622 5523 10.
698 5469 743 5499 ”
774 5466 791 5519 l
823 5465 947 5522 Cor.
974 5480 1047 5527 vt,
1079 5464 1166 5520 10.

345 5608 469 5664 llaec
500 5609 571 5664 ita
599 5610 962 5666 Hieronvmus
995 5608 1182 5674 vertit,
1216 5624 1235 5658 ι
1265 5604 1390 5662 llaec
1413 5604 1565 5674 juxta
1598 5603 1681 5659 lit-

324 5680 585 5734 accidisse
622 5676 818 5749 populo
855 5678 1163 5735 Juelaeorunt
1206 5678 1307 5733 sub
1355 5675 1682 5747 Vespasiano

319 5765 359 5803 ,ο
407 5747 658 5807 Romanis
710 5750 1085 5818 principibus,
1134 5758 1242 5805 tam
1288 5747 1472 5804 Graeca
1519 5762 1679 5817 qnmn

1796 4534 1953 4604 panis
1984 4534 2165 4588 vinum
2192 4542 2417 4603 potant:
2452 4549 2617 4604 opera
2679 4546 2855 4589 autem
2894 4534 3103 4589 Domini
3130 4551 3233 4590 non
3275 4551 3363 4591 re·

1795 4624 2053 4694 spiciunt,
2089 4635 2146 4680 et
2183 4640 2345 4695 opera
2383 4641 2637 4680 manuum
2660 4626 2774 4693 eius
2804 4640 2909 4681 non
2942 4625 3301 4683 considerant.
3335 4645 3356 4679 ι

1799 4718 1995 4780 Yerum
2024 4735 2122 4776 uec
2154 4720 2272 4775 fieri
2314 4730 2549 4789 poterat,
2583 4731 2640 4775 ιιι
2678 4723 2735 4787 ii,
2780 4722 2868 4791 qui
2903 4720 3159 4776 lascivam
3192 4722 3356 4775 vitant

1795 4811 2284 4883 amplectebantur,
2325 4827 2389 4867 ac
2436 4814 2688 4868 ebrietati
2743 4813 3228 4884 saltationibusque
3272 4814 3360 4867 de-

1793 4901 1891 4957 diti
1941 4912 2119 4967 erant,
2151 4902 2351 4957 divinis
2394 4901 2738 4957 attenderent
2796 4904 3030 4959 oraculis
3089 4904 3156 4958 ab
3191 4903 3362 4971 iisque

1792 4992 2029 5049 fructum
2063 4993 2425 5065 perciperent.

1867 5162 2029 5220 Vens·
2073 5164 2159 5221 15.
2196 5184 2214 5220 ι
2246 5165 2413 5237 lgitur
2439 5166 2685 5236 captivus
2711 5168 2940 5238 populus
2987 5180 3141 5223 mens
3184 5166 3362 5220 sactus

1794 5266 1898 5322 est,
1928 5272 1994 5312 eo
2023 5258 2166 5326 quod
2191 5273 2295 5312 non
2323 5258 2680 5330 cognoverint
2717 5260 3004 5315 Dominum
3032 5275 3046 5314 ι
3084 5266 3138 5312 et
3172 5256 3357 5311 multi-

1799 5349 1926 5404 tudo
1944 5359 2277 5404 mortuorum
2296 5350 2399 5406 suit
2417 5363 2640 5426 propter
2661 5352 2854 5408 samem
2878 5358 2935 5406 et
2959 5349 3105 5406 sitim
3131 5362 3306 5419 aquae.
3332 5366 3353 5402 ι

1791 5607 1984 5665 Latina
2038 5619 2227 5694 narrat
2276 5611 2522 5667 historia.
2583 5609 2732 5681 Quod
2778 5605 3146 5681 spiritualiter,
3197 5603 3359 5664 bodio

1791 5696 2009 5749 quoque
2037 5690 2331 5748 uattuntur,
2359 5700 2377 5733 ι
2408 5692 2514 5739 etc.
