3692 6134
24 5517 101 5556 ι

23 5599 360 5666 fimum!
390 5604 645 5676 »Legesis
709 5618 888 5660 autent
963 5605 1254 5660 historicos
1292 5618 1324 5659 a
1371 5618 1457 5659 me
1502 5603 1702 5658 ibidem

130 308 237 361 629

1474 313 1563 369 DE
1598 311 2065 370 ΤΙΙΕΘΡΠΑΝΙᾸ.

3271 311 3379 368 65⁰

130 425 392 494 κήσοντος
411 437 426 453 ·
467 421 711 494 ἐπιλέγει
756 423 801 479 δ’
833 419 927 481 οὗν
956 427 1105 499 ἑξῆς,
1135 427 1219 483 ὅτι
1256 429 1709 502 κατοικηθήσεται
1738 438 1785 493 Α
1814 429 2069 500 inteiligit
2090 429 2498 486 dereiictionem
2526 442 2556 484 a
2582 427 2721 493 suis,
2771 439 2837 484 ac
2886 439 3165 483 sacrarum
3193 437 3378 481 rerum

130 517 166 588 ἡ
197 514 371 580 πόλις,
403 517 467 569 ού
492 516 591 585 μὲν
613 517 719 570 ὑπὸ
751 518 1039 585 Ἰουδαίων,
1067 520 1180 575 ἀλλ’
1210 521 1314 575 ὑπὸ
1327 521 1515 579 ἐθνῶν.
1556 522 1710 595 Ἐρή-

134 622 309 678 μωσιν
330 605 389 660 δὲ
421 606 591 677 αὐτῆς
617 607 885 662 ἀποκαλεῖ
906 610 969 663 τὸ
990 611 1187 682 μηκέτι
1215 610 1320 666 ὑπὸ
1337 610 1447 665 τῶν
1467 609 1705 678 οἰκείων,

135 697 268 769 μηδὲ
290 696 433 751 κατὰ
457 696 553 770 τήν
582 697 814 770 νόμιμον
832 700 1087 771 λατρείαν
1117 701 1486 774 συστήσασθαι
1515 703 1704 775 αὐτήν.

134 789 319 853 Ὅπως
341 789 399 844 δὲ
431 789 525 843 καὶ
548 788 722 845 ταῦτα
756 790 892 863 έπλη
902 792 1078 863 ροῦτο,
1112 794 1263 848 οὐδὲν
1284 793 1365 847 δεῖ
1388 794 1598 849 πόλλων
1622 794 1707 849 λό-

132 896 272 949 γων·
298 880 529 953 πάρεστι
555 881 666 955 γάρ
695 882 787 936 ὑπ’
812 882 999 953 ὄψεσιν
1026 886 1160 957 όρᾷν
1192 884 1475 950 Ἰουδαίους
1505 886 1603 958 μὲν
1627 886 1708 951 εἰς

132 972 310 1025 πάντα
342 970 411 1024 τά
442 970 570 1041 ἔθνη
612 971 1119 1043 διεσκεδασμένους,
1172 975 1498 1045 ἀλλοφύλους
1523 976 1579 1031 δὲ
1610 978 1707 1031 καὶ

132 1062 437 1131 ἀλλογενεῖς
491 1063 782 1135 οἰκήτορας
826 1065 925 1135 τῆς
972 1066 1140 1121 πάλαι
1189 1068 1288 1138 μὲν
1331 1067 1705 1140 Ἰερουσαλὴμ,

132 1154 229 1209 νῦν
248 1154 295 1208 δ’
316 1154 424 1208 ἀπὸ
443 1154 534 1208 τοῦ
558 1147 916 1228 πολιορκητοῦ
935 1156 1116 1211 Αἰλίου
1154 1157 1430 1230 Ἀδριανοῦ
1449 1158 1583 1230 (7⁴⁶)
1613 1160 1709 1214 At-

132 1248 249 1312 λίας
280 1249 793 1320 μετωνομασμένης.
827 1250 900 1303 Τὸ
921 1250 1052 1319 γοῦν
1077 1249 1378 1323 παράδοξον
1401 1251 1498 1306 τοῦ
1528 1251 1709 1306 θεσπί-

133 1355 337 1410 σματος
364 1340 510 1393 τοῦτ’
543 1341 611 1395 ἂν
643 1340 750 1412 εἴη,
793 1342 875 1395 ὄτι
907 1358 1015 1414 περ
1058 1342 1300 1397 Ἰουδαῖοι
1354 1343 1475 1415 μὲν,
1520 1345 1705 1414 φησὶν.

131 1431 728 1503 αἰχμαλωτισθήσονται
757 1434 840 1496 εἰς
868 1433 1045 1488 πάντα
1069 1434 1138 1487 τὰ
1166 1434 1294 1506 ἔθνη
1313 1451 1328 1466 ·
1355 1434 1483 1506 πρ).
1510 1433 1569 1488 δὲ
1598 1434 1707 1491 τῶν

129 1523 321 1589 ἐθνῶν,
350 1524 446 1577 καὶ
485 1523 838 1597 Ἰερουσαλὴμ
861 1525 1013 1581 ἔσται
1038 1527 1350 1600 πατουμένη
1378 1526 1471 1581 ὑπ’
1511 1527 1703 1584 ἐθνῶν.

142 1610 534 1688 Ἐκπληκτικδν
569 1617 625 1670 δὲ
648 1616 710 1670 τὸ
738 1617 1103 1688 ἀποτέλεσμα,
1126 1618 1261 1689 εἴγε
1304 1617 1543 1672 Ἰουδαῖοι
1570 1618 1707 1691 πλη·-

132 1708 350 1779 ροῦντες
389 1708 488 1780 τὴν
526 1710 821 1780 σύμπασαν
848 1710 1154 1784 ἀνθρώπων
1185 1711 1532 1783 οἰκουμένην,
1562 1709 1706 1765 ὥστε

1811 521 2056 592 legitimo
2087 521 2195 576 ritu
2226 522 2621 590 operandarum
2650 520 2834 575 tinem.
2857 515 3015 585 Quod
3041 517 3162 573 baee
3194 524 3376 571 autem

1810 612 1885 669 ita
1901 628 1962 670 ae
1977 612 2288 678 habuerint,
2312 612 2497 668 multis
2513 611 2695 668 verbis
2719 609 3048 667 confirmare
3073 623 3181 665 non
3208 608 3380 664 inter·

1807 711 1915 760 eat.
1957 700 2142 757 Palam
2208 700 2410 771 quippe
2449 700 2639 755 videre
2678 706 2764 756 est
2812 696 3023 754 indaeos
3069 698 3269 769 passim
3323 693 3378 752 in

1808 794 1957 851 omni
1981 801 2145 866 gente
2170 793 2477 864 dispersos,
2501 802 2792 849 extraneos
2827 806 2960 848 vero
3004 799 3169 870 atqup
3200 789 3381 846 alieni·
3435 809 3454 830 ·

1810 899 1978 957 genas
2002 884 2212 942 versari
2240 884 2296 940 in
2326 883 2481 950 urbe,
2512 898 2634 954 quae
2662 882 2792 939 oiim
2820 879 3218 952 Hierosolyma,
3236 895 3382 935 nunc

1809 975 1881 1033 ab
1914 983 2288 1048 expugnatore
2329 973 2475 1031 AEiio
2531 968 2958 1030 Adriano'AEiia
2996 970 3382 1028 transsormato

1810 1067 2030 1124 nomine
2057 1067 2203 1124 dieta
2223 1075 2328 1126 est.
2378 1068 2522 1138 Ergo
2559 1065 2840 1123 oraculum
2879 1063 3083 1121 ideirco
3117 1062 3179 1118 nt
3213 1063 3383 1118 mira·

1811 1160 1938 1229 bile,
1963 1159 2089 1231 quia
2116 1159 2307 1225 Judaei,
2336 1159 2539 1231 inquit,
2557 1158 2703 1215 inter
2720 1171 2909 1213 omnes
2928 1155 3158 1228 populos
3183 1154 3380 1226 captivi

1811 1252 2242 1323 dispergentur:
2283 1250 2353 1307 ad
2413 1259 2603 1322 gentes
2634 1259 2820 1305 autem
2875 1261 3020 1318 quon
3062 1245 3292 1313 attinet,
3326 1253 3385 1299 et

1809 1342 2213 1416 iiierosoiyma,
2278 1342 2479 1413 inquit,
2536 1340 2884 1399 ethnicorum
2937 1337 3075 1409 pede
3118 1342 3383 1393 terentur.

1808 1436 2092 1492 Terribilis
2119 1449 2252 1493 sane
2274 1435 2537 1492 eventusi
2571 1429 3012 1504 quandoquidem
3039 1423 3246 1499 Iudai,
3289 1429 3384 1500 qui

1809 1530 2123 1585 universum
2162 1537 2430 1585 terrarum
2466 1526 2656 1584 orbem
2701 1530 2995 1596 occupant,
3040 1509 3206 1593 atqu⁸e
3242 1520 3388 1576 inter

1807 1619 2094 1691 AEtbiopes
2156 1628 2212 1676 et
2263 1618 2502 1693 Scythas
2545 1632 2716 1690 usque
2769 1615 2838 1672 ad
2903 1612 3094 1672 mundi
3149 1610 3385 1669 confinia

1807 1712 2033 1784 degunt,
2077 1712 2145 1766 ad
2178 1710 2369 1767 urbem
2414 1720 2621 1767 tantum
2668 1723 2825 1765 suam
2867 1704 3208 1778 propriaque
3251 1700 3385 1758 oiim

131 1800 225 1854 καὶ
265 1800 456 1873 μέχρις
494 1800 768 1855 Αἰθιόπων
796 1803 1040 1875 χωρῆσαι
1072 1804 1167 1857 καὶ
1208 1801 1454 1866 Σκυθῶν,
1494 1802 1590 1856 καὶ
1619 1801 1710 1856 αύ-
1740 1782 1784 1842 Β
1811 1803 2092 1872 religionis
2122 1804 2309 1860 sedem
2353 1803 2613 1859 accedere
2641 1806 2933 1869 nequeunt.
2987 1794 3109 1854 lam
3152 1794 3201 1853 ai
3252 1793 3385 1850 urbs

128 1890 237 1944 τῶν
254 1891 363 1944 τῶν
395 1890 647 1962 περάτων
682 1892 782 1963 τῆς
820 1891 945 1963 γῆς,
975 1894 1035 1946 ὲν
1065 1892 1204 1965 μόνῃ
1245 1893 1311 1963 τῇ
1338 1890 1521 1946 αὐτῶν
1550 1889 1704 1945 πόλει

129 1982 222 2036 καὶ
252 1982 330 2054 τῷ
358 1983 524 2036 πάλαι
554 1982 978 2055 θρησκευομένῳ
1018 1984 1150 2056 παρ’
1183 1983 1370 2046 αὐτοῖς
1400 1981 1576 2053 τόπῳ,
1608 1981 1708 2053 οὐχ

127 2067 229 2127 οἶοί
259 2075 320 2128 τέ
340 2075 475 2128 εἰσιν
497 2074 813 2130 ὲπιθαίνειν.
833 2074 945 2129 Καὶ
977 2076 1027 2127 εἰ
1050 2074 1150 2145 μὲν
1179 2068 1249 2145 ἦν
1279 2071 1559 2136 παντελῶς
1581 2070 1712 2143 δρη-

132 2182 230 2236 μος
276 2168 309 2236 ὴ
347 2166 502 2230 πόλις
547 2166 645 2221 καὶ
685 2166 956 2238 ἀοίκητος,
998 2165 1104 2220 κᾶν
1135 2164 1405 2236 ὑπενόησέ
1436 2178 1521 2226 τις
1561 2159 1710 2215 τοῦτ’

129 2255 268 2313 εἶναι
301 2260 361 2313 τὸ
385 2259 586 2313 αἴτιον·
612 2259 709 2314 νῦν
730 2259 786 2313 δὲ
808 2258 915 2313 ὑπὸ
938 2257 1244 2328 ἀλλογενιῖιν
1275 2255 1370 2311 καὶ
1394 2251 1709 2323 ἀλλοφύλων

129 2350 302 2405 ἐθνῶν
361 2350 457 2405 τοῦ
519 2353 685 2405 τόπου
741 2350 1166 2423 κατοικουμένου
1191 2388 1207 2414 ,
1280 2348 1466 2421 μόνοις
1525 2345 1710 2408 αὐτοῖς

129 2441 328 2505 ἄόατος
372 2445 652 2514 τυγχάνει,
718 2443 794 2508 ὡς
843 2444 968 2515 μήτ’
1018 2439 1079 2507 ἐξ
1136 2441 1407 2496 αὐτόπτου
1450 2434 1711 2491 δύνασθαι

131 2527 192 2579 τὸ
248 2526 500 2599 πατρῷον
548 2526 730 2583 αὐτῶν
788 2527 982 2599 ἔδαφος
1024 2528 1253 2599 θεωρεῖν
1272 2543 1286 2558 ·
1333 2526 1372 2582 ἃ
1410 2525 1476 2598 δὴ
1518 2525 1710 2581 τοῦτον

1808 1900 2021 1946 vastata
2049 1901 2197 1947 esset
2240 1893 2562 1961 desertaque
2603 1889 2675 1945 ab
2709 1887 2925 1953 incolis,
2973 1887 3114 1944 banc
3155 1883 3389 1941 fortasse

1813 1982 2010 2053 aliquis
2059 1981 2306 2054 praedicti
2343 1980 2524 2039 exsilii
2562 1992 2782 2034 causam
2835 1965 3177 2032 existimaret
3204 1991 3220 2030 z
3245 1985 3391 2028 nune

1819 2087 1955 2130 vero
1976 2073 2044 2130 ab
2067 2071 2342 2129 extraneis
2389 2076 2558 2138 atque
2597 2066 2666 2122 ab
2697 2064 3015 2135 aiienigenis
3041 2064 3197 2120 iocus
3234 2059 3390 2116 babi-

1819 2171 1989 2229 tatur‚
2017 2162 2150 2219 solis
2170 2169 2356 2217 autem
2397 2157 2603 2214 Judaeia
2631 2155 2944 2211 inaccessus
2981 2159 3091 2218 eat,
3125 2152 3200 2207 ita
3227 2159 3291 2206 ut
3316 2163 3391 2206 ne

1817 2254 2065 2326 aspicere
2094 2252 2311 2325 quidem
2332 2249 2567 2321 patrium
2604 2248 2778 2304 solum
2815 2243 2990 2302 oculis
3023 2239 3140 2300 mis
3157 2239 3386 2313 possint.

1815 2346 1948 2412 Quae
1989 2345 2202 2426 scilicet
2243 2345 2389 2401 bunc
2444 2341 2649 2399 exitum
2707 2339 3041 2403 babuerunt,
3073 2341 3138 2390 ut
3170 2329 3393 2391 omento

1818 2435 1975 2493 fleret
2025 2437 2161 2494 satis
2204 2435 2404 2494 dicenti
2451 2450 2469 2490 ι
2511 2432 2583 2488 Ee
2634 2428 3008 2500 Hierosolyma
3057 2425 3388 2484 σίΙιιιίεοηιιιι

1815 2528 1944 2595 pede
1972 2536 2228 2584 terantur.

131 2617 551 2673 ἀποτετέλεσται
604 2620 698 2674 τὸν
759 2619 962 2692 τρόπον
1003 2617 1309 2682 ἀκολούθως
1346 2616 1427 2690 τῷ
1476 2618 1709 2689 φήσαντι
1745 2572 2012 2692 χρησμῷ·
2041 2621 2151 2676 Καὶ
2204 2618 2594 2692 Ἰερουσαλὴμ
2646 2617 2819 2673 ἔσται
2887 2611 3235 2686 πατουμένη
3264 2611 3386 2668 ὑπὸ

129 2711 343 2764 ὲθνων.

194 2801 305 2855 Καὶ
328 2800 559 2866 δεικνὺς,
592 2802 673 2855 ότι
723 2800 835 2855 οὔτ’
870 2804 1231 2877 ἀναστήσεται
1274 2802 1460 2859 λοιπὸν
1500 2803 1530 2857 ὁ
1566 2802 1709 2869 ναὸς,

128 2887 243 2948 οὔτ’
270 2894 350 2957 εἰς
394 2892 495 2964 τὴν
521 2893 798 2965 προτέραν
841 2896 1208 2968 ὲπανήξουσιν
1266 2895 1507 2951 Ἰουδαῖοι
1563 2898 1713 2951 πολι-

125 2983 297 3050 τείαν,
326 2984 652 3057 προστίθησι
688 2987 811 3050 ταῖς
869 2987 1034 3041 αὐτοῦ
1097 2989 1460 3060 προρρήσεσι,
1521 2989 1712 3060 χρόνον

125 3077 342 3151 ορίζων,
396 3078 558 3149 μέχρι
597 3077 737 3141 τίνος
776 3077 929 3132 ἔσται
972 3071 1330 3151 Ἰερουσαλὴμ
1385 3080 1702 3153 πατουμένη

126 3169 235 3225 ὑπὸ
283 3169 483 3222 ἐθνῶν·
518 3167 669 3237 λέγει
715 3168 760 3222 δ’
790 3165 904 3234 οὖν,
961 3169 1100 3238 ἄχρι
1136 3169 1493 3238 πληρωθῶσι
1526 3170 1715 3239 καιροὶ

126 3260 318 3318 ἐθνῶν
336 3276 351 3290 ·
377 3257 520 3313 οῦτω
570 3259 815 3331 σημάνας
844 3260 945 3332 τήν
973 3260 1068 3315 τοῦ
1119 3260 1234 3331 βίου
1264 3259 1589 3326 συντέλειαν,
1624 3262 1718 3315 καὶ

128 3352 222 3405 τὸν
256 3349 418 3421 μέχρι
453 3349 758 3404 συντέλειαν
785 3350 961 3420 λέγων
984 3351 1205 3424 χρόνον·
1241 3350 1495 3424 σημαίνει
1525 3352 1584 3407 δὲ
1622 3354 1716 3408 καὶ

129 3442 222 3495 τὸν
237 3440 343 3512 πρὸ
366 3440 463 3510 τῆς
484 3437 860 3510 αἰχμαλωσίας
876 3439 986 3513 (75)
1010 3439 1265 3512 πόλεμον.
1289 3439 1478 3496 εἰπών·
1505 3442 1715 3498 Ἔσται

132 3530 242 3600 γὰρ
277 3526 507 3599 ἀνάγκη
535 3527 633 3581 ἐπὶ
672 3526 784 3596 τῆς
801 3526 932 3598 τῆς.
964 3529 1064 3584 καὶ
1102 3527 1249 3599 ὀργὴ
1266 3528 1502 3601 μεγάλη
1527 3531 1598 3585 ἐν
1634 3530 1716 3598 τῷ

128 3617 259 3684 λαῷ
282 3619 490 3682 τούτῳ,
521 3616 620 3672 καί
647 3619 975 3674 πεσοῦνται
992 3619 1063 3674 ὲν
1089 3623 1343 3692 στόματι
1386 3622 1709 3692 μαχαίρας.

131 3711 319 3765 Ταῦτα
369 3711 426 3765 δὲ
475 3711 623 3775 ὅπως
674 3709 815 3764 κατὰ
872 3711 1037 3785 μέρος
1099 3711 1370 3784 ἐπράχθη,
1410 3713 1506 3768 καὶ
1541 3713 1617 3778 ὠς
1642 3713 1713 3769 τὰ

131 3803 586 3876 προηγορευμένα
610 3802 713 3856 ὑπὸ
733 3802 827 3856 τοῦ
846 3803 1096 3875 Σωτῆρος
1116 3803 1273 3875 ήμῶν
1287 3803 1474 3870 τέλους
1497 3804 1710 3877 ἔτυχεν,

131 3897 345 3965 ἔξεστιν
376 3895 486 3951 ἀπὸ
519 3896 619 3968 τῆς
653 3895 915 3968 Ἰστορίας
955 3896 1219 3968 Ἰωσήπου
1252 3896 1441 3970 μαθεῖν
1471 3897 1603 3970 (76)·
1651 3898 1712 3964 ὃς

130 3988 232 4045 καὶ
278 3988 378 4059 τῆς
419 3989 673 4059 φησάσης
702 3986 796 4042 τοῦ
827 3988 1079 4060 Σωτῆρος
1110 3986 1270 4061 ήμῶν
1326 3990 1705 4063 προρρήσεως,

134 4082 285 4138 Οὐαὶ
307 4081 377 4135 δὲ
406 4082 534 4148 ταῖς
572 4079 969 4151 θηλαζούσαις
993 4080 1065 4135 ὲν
1092 4077 1353 4150 ἐκείναις
1397 4081 1528 4148 ταῖς
1567 4083 1710 4152 ἡμέ-

128 4172 301 4242 ραιςί
330 4170 391 4225 τὸ
416 4172 764 4244 ἀποτέλεσμα
793 4170 979 4241 σαφῶς
998 4171 1296 4244 παρίστησι
1321 4210 1337 4236 ,
1401 4172 1706 4243 μνημονεύ-

134 4282 259 4329 σας,
283 4264 358 4330 ὼς
389 4266 755 4336 γυναῖκες,τά
793 4264 998 4319 ἑαυτῶν
1037 4264 1211 4337 βρέφη
1240 4265 1548 4335 όπτήσασαι
1573 4266 1708 4338 πυρὶ

131 4361 226 4415 διὰ
255 4360 353 4433 τὴν
373 4359 679 4433 ῦπερὸολὴν
700 4358 794 4413 τοῦ
831 4356 1192 4429 κατασχόντος
1212 4355 1373 4428 λιμοῦ
1400 4355 1498 4429 τὴν
1529 4357 1702 4426 πόλιν,

132 4455 360 4526 ἔφαγον.

1886 2822 2064 2889 Atque
2092 2827 2153 2873 ut
2181 2816 2431 2873 Christus
2459 2814 2900 2880 demonstraret,
2941 2809 3199 2885 templum
3225 2811 3384 2870 dein-

1815 2927 1941 2983 ceps
1963 2911 2106 2968 haud
2132 2917 2488 2966 instauratum
2519 2906 2610 2975 iri,
2633 2920 2813 2978 neque
2843 2903 3060 2964 ludaeos
3090 2905 3377 2978 pristinam

1814 3018 1970 3061 suam
2038 2999 2424 3074 rempublicam
2473 3008 2894 3072 recuperaturos
2916 3037 2937 3069 ,
2991 2998 3205 3056 caeteris
3269 2997 3386 3057 auis

1817 3094 2264 3168 praedictionibus
2332 3091 2543 3150 addidit
2619 3091 2882 3164 temporis
2959 3089 3328 3149 definitionem
3362 3129 3383 3157 ,

1742 3232 1790 3295 c
1818 3184 2078 3256 quamdiu
2133 3182 2346 3242 scilicet
2403 3179 2774 3254 Hierosolyma
2841 3179 3184 3236 ethnicorum
3247 3178 3387 3250 pede

1821 3276 2047 3333 terenda
2092 3283 2316 3333 essent:
2344 3274 2425 3331 ait
2458 3272 2640 3339 enim.
2670 3273 2834 3328 donec
2876 3281 3114 3342 tempore
3151 3269 3386 3344 gentium

1818 3367 2218 3439 compleantur:
2241 3365 2313 3423 ita
2358 3363 2671 3438 significans
2714 3362 2900 3420 saecuii
2955 3363 3384 3421 consummatio·

1818 3474 1968 3524 nem,
1999 3471 2100 3515 nee
2137 3451 2244 3514 non
2269 3454 2527 3527 temporis
2557 3469 2726 3526 usque
2757 3453 2827 3510 ad
2864 3453 3382 3511 consummationem

1817 3547 2187 3607 intervalium.
2213 3547 2497 3621 Significat
2535 3545 2703 3604 etiam
2741 3545 2938 3604 belium
2970 3544 3118 3617 quod
3153 3545 3383 3617 captivi-

1815 3653 1983 3701 tatem
2015 3655 2409 3715 praecessurum
2434 3649 2555 3698 erat
2583 3653 2602 3697 ε
2628 3638 2840 3695 Futura
2871 3647 2970 3705 εει,
2997 3635 3208 3710 inquit,
3234 3651 3380 3706 pm·

1812 3751 1941 3791 aare
1960 3735 2020 3790 in
2047 3743 2213 3800 terra,
2231 3747 2522 3804 magnaque
2543 3732 2628 3786 ira
2647 3745 2803 3799 super
2818 3728 3011 3800 populo
3036 3727 3154 3795 Ιιοσ,
3185 3736 3238 3784 et
3265 3729 3384 3783 acio

1810 3825 1977 3896 gladii
2021 3825 2231 3880 cadent.
2280 3824 2458 3895 Atque
2515 3822 2634 3878 haee
2673 3819 2883 3891 singula
2923 3817 3380 3891 quemadmodum

1811 3915 2133 3982 acciderint,
2166 3924 2329 3984 atque
2355 3922 2418 3969 ut
2457 3911 2773 3969 servatoris
2807 3912 2977 3967 nostri
3021 3909 3242 3969 oracula
3266 3910 3382 3968 sint

1808 4007 2013 4064 exitum
2045 4016 2356 4072 conmenta,
2403 4020 2474 4062 ex
2524 4003 2747 4073 loscpbi
2776 4001 3017 4059 Historia
3049 4015 3380 4076 cognoscere

1807 4100 1957 4157 icet.
1990 4098 2135 4156 idem
2167 4097 2394 4154 aiterum
2434 4110 2651 4167 quoque
2692 4093 3003 4153 servatoris
3038 4094 3374 4161 vaticinium.

1807 4189 2067 4245 nimirum
2100 4185 2192 4244 ναι
2213 4186 2533 4242 iactantibus
2554 4186 2610 4241 in
2630 4185 2818 4240 diebus
2839 4183 2989 4239 iuis!
3027 4190 3225 4239 eventu
3248 4197 3373 4253 per-

1805 4281 1992 4353 spicue
2047 4280 2450 4352 comprobatum
2492 4278 2657 4334 tradit
2709 4295 2725 4332 z
2771 4276 2972 4334 etenim
3029 4284 3299 4332 memorat
3342 4289 3375 4330 a

1804 4367 2399 4441 mulieribusfparvuios
2429 4369 2679 4439 proprios
2725 4369 2849 4441 igne
2878 4375 3053 4423 tostos
3077 4365 3134 4422 in
3161 4379 3372 4422 summa

1803 4466 1958 4524 urbis
1984 4464 2127 4522 fame
2157 4463 2323 4520 fuisse
2347 4465 2657 4522 devoratos.

201 4548 316 4622 (77)
346 4546 547 4602 Τοῦτον
573 4545 683 4619 γὰρ
718 4545 880 4601 αὐτὸν
917 4544 1008 4599 τὸν
1038 4543 1402 4617 γενησόμενον
1421 4544 1481 4598 ἕν
1514 4546 1581 4615 τῆ
1614 4542 1706 4597 ⁶¹0⁶·
1736 4570 1781 4626 ι)
1880 4555 2033 4613 Hanc
2068 4555 2239 4627 ipsam
2278 4554 2400 4611 urbi
2450 4565 2767 4610 eventuram
2819 4550 3020 4607 famem
3066 4545 3372 4621 previdens

129 4638 219 4694 λει
249 4637 404 4709 λιμὸν
433 4638 818 4712 προθεωρήσας
843 4641 872 4694 ό
893 4638 1101 4709 Σωτὴρ,
1133 4637 1364 4710 παρῄνει
1384 4639 1496 4701 τοῖς
1539 4636 1703 4691 αὐτοῦ

132 4732 406 4807 μαθηταῖς
441 4734 500 4786 ὲν
520 4735 588 4803 τῇ
613 4731 879 4806 μελλούσῃ
908 4729 1049 4784 κατὰ
1084 4730 1349 4785 Ἰουδαίων
1378 4728 1703 4801 γενήσεσθαι

124 4826 441 4899 πολιορκία,
480 4826 553 4899 μὴ
578 4825 654 4891 ὡς
701 4827 785 4879 ἐπ’
822 4824 1036 4897 ἀσφαλῆ
1073 4823 1235 4878 τόπον
1291 4823 1385 4878 καὶ
1438 4822 1701 4892 φυλαττό·
1739 4862 1746 4868 -

24 4945 27 4954 ·
128 4935 295 4994 μενον
320 4918 426 4973 ὑπὸ
453 4919 548 4973 τοῦ
574 4916 711 4973 Θεοῦ
735 4916 1096 4988 καταφεύγειν
1119 4915 1211 4970 ἐπὶ
1236 4915 1336 4987 τήν
1364 4914 1536 4983 πόλιν,
1564 4915 1702 4988 ὅπερ

124 5011 462 5068 πεπόνθασιν
488 5013 539 5066 οἰ
578 5010 783 5075 πολλοὶ,
831 5009 947 5064 ἀλλ’
983 5007 1189 5063 ἐκεῖθεν
1240 5007 1338 5079 μὲν
1377 5008 1700 5079 ἀναχωρεῖν,

23 5137 33 5160 .-
124 5104 356 5178 φεύγειν
383 5104 441 5158 δὲ
473 5105 554 5167 εἰς
586 5102 653 5157 τὰ
678 5103 813 5175 ὅρη·
865 5103 959 5156 καὶ
997 5101 1124 5165 τοὺς
1164 5103 1223 5155 εν
1256 5100 1406 5173 μέσῳ
1441 5100 1540 5173 τῆς
1580 5101 1706 5155 Ἰου-

40 5231 53 5238 -
120 5198 287 5263 δαίας
318 5199 580 5269 ἐκχωρεῖν
624 5199 705 5261 εἰς
745 5195 814 5251 τὰ
855 5195 983 5267 ἔθνη
1018 5193 1164 5265 (78)‚·
1211 5194 1306 5248 καὶ
1362 5193 1489 5258 τοὺς
1536 5195 1595 5248 εν
1635 5194 1702 5264 τῇ

24 5417 95 5458 ==
200 5395 339 5468 (π’)
394 5395 508 5450 Non
561 5406 737 5451 tamen
791 5394 1073 5449 incruenta
1120 5393 1366 5449 victoria.
1421 5392 1513 5448 Ait
1563 5392 1707 5447 enim

94 5466 335 5524 Fronto
354 5464 431 5520 De
458 5465 590 5521 bello
613 5465 865 5521 Parthico
885 5479 905 5518 .·
932 5481 952 5515 ι
988 5462 1230 5518 Adriano
1258 5464 1543 5531 imperium
1570 5462 1709 5517 obti-

116 5543 313 5602 nente,
351 5545 611 5607 quantum
646 5536 877 5590 miiitum
942 5531 1371 5604 (Romanorum)
1424 5548 1455 5588 a
1502 5531 1704 5588 Judaeis

120 5680 186 5738 in
220 5675 666 5731 adnotationibus
687 5676 950 5730 laudatos.

1810 4649 2094 4716 Set-vator,
2125 4646 2447 4704 admonebat
2472 4646 2764 4717 discipulos
2794 4659 2924 4702 suos
2956 4643 3095 4701 utin
3124 4645 3369 4716 proxima

1806 4738 2117 4795 Judaeorum
2149 4735 2498 4801 obsessione,
2527 4735 2733 4792 nollent
2779 4744 3039 4805 tanquam
3083 4733 3154 4791 ad
3199 4741 3371 4792 tutum

1807 4832 1984 4888 iocum
2028 4840 2087 4887 et
2123 4845 2154 4885 a
2191 4828 2303 4887 Deo
2344 4828 2670 4885 custoditum
2722 4828 2775 4883 in
2823 4831 3012 4884 urbem
3063 4824 3369 4898 coningere,

1805 4927 1949 4994 quod
1982 4921 2198 4995 plurimi
2225 4920 2490 4987 iecerunt,
2538 4920 2634 4975 sed
2680 4919 2806 4975 inde
2848 4919 3027 4989 potius
3055 4917 3372 4976 recederent

1805 5023 1969 5084 atque
1993 5012 2050 5067 in
2080 5021 2288 5067 montes
2321 5012 2605 5081 [σίζει-επις
2648 5019 2704 5064 et
2747 5009 2841 5079 qui
2885 5016 3046 5064 erant
3091 5008 3147 5063 in
3193 5008 3368 5065 media

1807 5103 1992 5160 «iudaea
2016 5103 2083 5159 ad
2101 5112 2294 5175 gentes
2317 5104 2639 5172 migrarent,
2668 5100 2840 5171 etqui
2871 5099 2925 5156 in
2950 5114 3084 5172 agro
3107 5099 3369 5170 degebant

1810 5206 2154 5264 nequaquam
2185 5192 2254 5249 ad
2283 5191 2519 5248 munitas
2557 5202 2713 5246 arces
2736 5196 3153 5257 concurrerent,
3193 5200 3368 5259 neque

1806 5407 1969 5476 sensu
1992 5408 2009 5459 3
2036 5401 2093 5448 et
2119 5400 2383 5462 praeterea
2419 5391 2620 5449 desunt
2656 5389 2795 5463 Syro
2836 5390 3201 5462 praecedentes
3243 5395 3367 5444 octo

1803 5461 2152 5601 versszssug'eil.
2207 5529 2341 5586 sud.
2389 5530 2484 5586 tib.
2516 5546 2633 5596 vni,
2671 5530 2725 5587 8.

1895 5602 1961 5655 77
2022 5601 2157 5656 cod.
2182 5601 2247 5656 Α.
2283 5601 2323 5657 i.
2347 5600 2473 5655 270.
2502 5599 2628 5672 Syr.
2662 5615 2735 5664 iv,
2764 5601 2857 5666 20,
2890 5599 2983 5654 21.
3227 5661 3243 5674 ,

1870 5537 1891 5744 ί
1896 5672 1962 5727 78
2009 5671 2106 5731 iiic
2126 5687 2236 5732 non
2269 5670 2412 5731 bene
2445 5671 2628 5743 Sys-os
2647 5669 2918 5728 <tt-&cnm
2949 5667 3185 5722 axe-emt
3236 5660 3414 5755 mxcix:

198 5744 317 5821 (75)
371 5744 471 5801 iiic
522 5745 692 5818 Syrus
737 5744 977 5802 deflectit
1033 5742 1366 5814 aliquantum
1423 5759 1455 5800 a
1503 5741 1696 5801 Graeco
1796 5745 2012 5804 ierisse.

438 5847 712 5910 Parnoi..
759 5845 897 5940 (ἐκ,
921 5843 1149 5910 xxiv.

3061 5821 3164 5883 <tx
