3692 6134
679 361 821 418 {ow
1388 341 1662 400 eust-:tut
1698 331 2176 398 cAEslttttENsts
2210 329 2362 389 ort).
2399 329 2586 387 mlta
2618 329 2708 387 W.
2745 361 2814 372 —
2849 326 3340 390 mGuATch.

682 475 831 532 velut
859 486 925 528 ex
966 468 1090 540 igue
1113 462 1423 521 dimittitur.
1450 458 1623 515 ludex
1645 465 1825 510 autem
1848 453 2134 508 blandiens
2165 459 2247 521 ty·
2280 454 2328 511 Α
2356 449 2519 504 senti.
2559 448 2760 504 lterum
2805 450 2901 519 qui
2952 447 3270 504 inciderat
3321 446 3600 512 medicus,
3649 461 3692 502 et

690 577 881 626 rauuo,
929 560 1148 628 iniquus
1192 554 1473 608 voluntate
1525 559 1580 604 et
1627 547 1928 617 proposito,
1975 542 2095 599 siue
2148 540 2258 595 Deo

688 655 910 724 degens,
936 649 1162 718 cupiens
1191 642 1328 698 nibil
1365 642 1558 697 deesse
1592 636 1984 692 blandimentis
2007 635 2140 698 suis,
2175 632 2262 687 in-

687 743 839 800 venit
861 738 1045 795 nescio
1074 734 1203 805 quid
1237 745 1433 788 novum
1461 727 1726 783 adversus
1747 733 2022 788 sanctum,
2055 722 2262 778 addens

691 830 1105 890 admirationem
1162 819 1633 878 admirationibus.
1688 815 1827 884 Quid
1890 815 2036 871 enim
2091 812 2264 869 faciti

692 923 937 996 praecipit
968 919 1206 988 linguam
1245 927 1351 980 qua
1392 911 1568 966 l'uerat
1614 909 1825 964 locutus
1860 909 1916 962 in
1954 906 2254 973 hominem,

694 1031 762 1072 eo
792 1012 936 1083 qttod
978 1022 1082 1064 uon
1140 1011 1432 1076 negat-erat
1479 1001 1669 1067 Deum,
1708 999 1896 1057 incidi.
1937 996 2003 1053 Et
2043 996 2262 1067 quidam

698 1103 944 1162 medicus
975 1099 1066 1169 qui
1095 1097 1207 1167 jam
1252 1101 1439 1150 ruerat
1476 1106 1582 1147 nou
1630 1091 1909 1161 proposito
1943 1089 2038 1145 sed
2084 1089 2266 1144 caruis

698 1194 1051 1254 inllrmitate;
1103 1187 1228 1257 quia
1269 1186 1413 1242 euim
1454 1187 1571 1255 ipse
1612 1183 1788 1238 luerat
1831 1189 2122 1252 superatus
2150 1181 2268 1235 eai-

697 1286 811 1352 vit3
834 1282 1096 1340 exsultari
1125 1280 1257 1335 libet
1282 1278 1350 1333 de
1379 1275 1607 1332 victoria
1635 1274 1942 1345 superantis
1967 1290 1982 1328 ε
2015 1272 2267 1343 provenit

702 1389 883 1431 autem
918 1375 1084 1429 istum
1131 1381 1350 1441 portare
1398 1365 1739 1423 medicinalia
1778 1373 2149 1436 operamenta.
2203 1363 2268 1418 Et

702 1466 869 1523 exit-it
903 1475 964 1521 ut
1000 1463 1371 1518 consolaretur
1411 1474 1563 1515 suam
1612 1457 1823 1512 ruinam
1856 1473 1870 1510 z
1908 1457 2158 1511 iuventus
2186 1464 2268 1510 est

704 1560 757 1614 in
797 1559 958 1612 aliam
995 1554 1345 1611 tentationem
1378 1550 1674 1604 incurrere.
1706 1547 1987 1616 Praecepto
2007 1548 2149 1602 enim
2175 1547 2265 1618 Ju-

704 1648 844 1702 dicis
871 1646 1159 1702 insistente
1194 1649 1252 1695 ut
1282 1640 1460 1708 lingua
1485 1639 1816 1693 incideretur
1842 1637 2038 1700 sancti,
2061 1646 2116 1692 et
2140 1639 2266 1708 quia

706 1740 956 1794 iuventus
993 1744 1076 1790 est
1106 1733 1196 1787 ille
1226 1740 1411 1803 parata
1447 1730 1654 1784 liabens
1692 1730 1758 1783 ad
1785 1728 1945 1784 istam
1973 1730 2268 1783 necessita·

704 1839 813 1884 tem
847 1826 1208 1888 ferramenta,
1241 1822 1532 1893 urgebatur
1566 1820 1809 1876 incidere
1855 1833 2014 1889 quam
2052 1820 2268 1876 nolebat

705 1921 968 1992 linguam.
1010 1919 1076 1973 Et
1105 1917 1293 1974 incidit
1322 1916 1534 1986 quidem
1560 1928 1576 1969 ι
1608 1929 1733 1971 cum
1761 1923 1942 1968 autem
1969 1912 2266 1980 incidisset,

706 2011 881 2082 ipsam
918 2009 1152 2079 linguam
1183 2022 1314 2063 usus
1344 2015 1427 2063 est
1458 2005 1523 2060 ad
1561 2004 1780 2061 tutelam
1807 2005 1892 2060 aui
1927 2020 1942 2059 ι
1980 2020 2086 2062 non
2124 2006 2267 2061 euim

707 2099 933 2171 proiecit
971 2112 1131 2168 quant
1171 2096 1379 2161 incidit,
1412 2095 1503 2150 sed
1549 2095 1824 2164 accipiens
1868 2108 2011 2160 eam,
2049 2104 2111 2149 ut
2159 2111 2270 2151 nte-

706 2191 951 2247 dicameu
984 2190 1050 2242 ad
1080 2188 1367 2243 sanitatem
1400 2186 1544 2242 illius
1580 2186 1761 2242 delicti
1794 2187 1938 2257 quod
1970 2189 2268 2244 admiserat

706 2280 775 2334 ab
819 2278 1087 2349 negando,
1130 2278 1405 2347 accipiens
1437 2276 1578 2331 donli
1628 2277 1895 2344 recondit,
1945 2287 2004 2332 ιιι
2043 2292 2268 2332 consue-

708 2379 834 2426 runt
867 2369 977 2442 (61)
1026 2369 1372 2434 infirmiores,
1425 2367 1609 2423 lideles
1652 2377 1853 2436 tamen,
1901 2369 2166 2426 bonorare
2221 2370 2265 2426 si

705 2462 835 2533 quid
868 2477 897 2516 a
924 2459 1254 2532 martyribus
1282 2457 1629 2528 sumpserint.
1661 2456 1801 2513 Dicit
1820 2468 2001 2516 autem
2032 2460 2268 2516 medico-

707 2567 824 2608 rum
858 2551 1128 2614 doctriua,
1155 2556 1489 2604 contestatur
1510 2549 1672 2602 etiam
1700 2559 1756 2604 et
1776 2561 1989 2616 natura,
2019 2551 2144 2616 ouia
2165 2551 2268 2607 liu-

705 2657 823 2716 guae
846 2641 1054 2706 incisio,
1076 2638 1379 2695 interfectio
1394 2648 1476 2694 est
1491 2639 1608 2708 ejus
1625 2653 1654 2693 a
1678 2653 1785 2709 quo
1803 2640 2056 2699 inciditur
2079 2662 2094 2698 ε
2111 2659 2268 2714 opor-

709 2735 857 2787 tebat
893 2738 1071 2784 autem
1104 2738 1162 2784 et
1186 2729 1425 2784 secundo
1454 2743 1483 2783 a
1522 2741 1692 2786 morte
1724 2731 1938 2787 liberari
1970 2742 2264 2807 martyrem

706 2820 907 2876 Christi
937 2838 950 2874 :
977 2833 1105 2886 ergo
1131 2834 1255 2875 cum
1285 2819 1590 2889 producunt
1618 2819 1773 2876 nobis
1793 2818 1963 2878 Judaet
1997 2834 2110 2880 tres
2135 2841 2266 2892 pue-

707 2925 817 2977 ros,
842 2910 893 2965 in
915 2926 1021 2967 uno
1044 2911 1147 2966 tria
1171 2910 1514 2983 proferimus.
1542 2909 1736 2979 Etiam
1761 2913 1978 2982 quidem
2002 2916 2266 2974 babemus

705 3003 812 3057 duo
852 3001 1115 3057 mirabilia
1162 3020 1175 3057 z
1232 2999 1501 3056 flammam
1553 3017 1621 3058 ne
1672 3003 1890 3074 quidem
1949 3019 2264 3064 concessam

704 3093 972 3149 flammam
1023 3093 1174 3160 lieri,
1247 3104 1368 3165 post
1426 3095 1739 3151 incisionem
1800 3096 2016 3168 liuguae,
2076 3101 2332 3193 vitame

704 3200 864 3256 quam
912 3194 1101 3240 natura
1138 3185 1351 3255 quidem
1397 3199 1503 3240 nou
1533 3185 1840 3253 confitetur,
1885 3191 2057 3259 gratia
2083 3201 2261 3246 autem

702 3275 925 3331 addi'dit.
956 3273 1054 3330 Ubi
1075 3290 1202 3347 ergo
1223 3274 1377 3330 tertia
1404 3275 1689 3331 admiratio
1718 3289 1799 3331 est
1826 3277 1892 3332 de
1912 3280 2097 3335 eodem
2122 3295 2264 3335 mar-

706 3381 822 3441 tyre
860 3369 1097 3424 Christi?
1130 3368 1506 3424 Adducebatur
1535 3367 1807 3425 Romanus
1844 3371 1912 3425 ad
1938 3386 2213 3428 carcerem
2243 3392 2258 3429 :

703 3460 936 3517 addebat
998 3471 1176 3515 autent
1226 3468 1279 3515 et
1317 3460 1422 3515 boc
1460 3460 1686 3517 blandus
1737 3465 1805 3519 ad
1845 3474 2129 3529 tyrannum
2167 3463 2260 3535 ju-

702 3553 827 3618 dex,
875 3551 964 3623 qui
1014 3552 1171 3607 istam
1218 3550 1549 3621 corporalem
1582 3551 1815 3622 linguam
1855 3569 1962 3610 non
2007 3555 2258 3611 habebat.

701 3641 923 3699 Lectum
951 3650 1033 3699 est
1058 3651 1236 3699 autem
1277 3642 1453 3707 nobis,
1490 3642 1615 3712 quia
1647 3644 1701 3698 iu
1730 3645 2004 3715 apostolos
2028 3645 2261 3715 Spiritus

703 3735 916 3807 linguas
948 3742 1008 3789 ut
1041 3735 1216 3803 iguem
1248 3733 1435 3790 divisit
1466 3740 1521 3788 et
1550 3733 1790 3790 donavit.
1825 3735 1932 3792 Sed
1963 3736 2112 3792 illum
2151 3753 2258 3793 uon

701 3827 956 3886 vidimus.
1000 3824 1093 3879 sed
1132 3824 1431 3879 audivimus
1459 3833 1512 3878 et
1544 3823 1831 3881 credimus.
1881 3826 2033 3893 Quod
2078 3835 2256 3882 autem

704 3919 945 3974 dicturus
966 3929 1108 3978 sum,
1138 3915 1287 3970 multi
1318 3917 1495 3971 vultus
1526 3914 1640 3987 (θῖ)
1678 3926 1805 3972 suut
1834 3925 2020 3973 testes.
2053 3917 2258 3974 Dicitur

703 4006 827 4077 quia
872 4003 1063 4059 beatus
1111 4004 1213 4059 iste
1248 4005 1543 4072 Romanus,
1597 4005 1721 4061 dum
1778 4006 1956 4062 adbuc
2002 4023 2257 4063 carneam

704 4095 935 4152 babebat
970 4094 1226 4164 linguam,
1255 4095 1451 4152 similia
1478 4097 1647 4169 Hoysi
1677 4089 2013 4167 loquebatur,
2044 4099 2148 4155 boc
2176 4108 2261 4156 est

701 4184 1023 4249 balbutiens,
1069 4192 1124 4238 et
1149 4198 1254 4238 non
1292 4186 1585 4255 composite
1619 4184 1867 4256 loquens.
1904 4185 2039 4241 Dum
2077 4185 2257 4243 adhuc

704 4277 929 4331 liaberet
968 4283 1133 4329 totam
1183 4273 1437 4344 linguam,
1480 4283 1534 4331 et
1578 4290 1682 4330 non
1732 4286 1916 4347 posset
1961 4277 2259 4348 composite

703 4364 870 4435 loqui,
900 4374 1016 4420 erat
1038 4365 1247 4420 balbus.
1281 4363 1381 4430 Qui
1411 4373 1587 4419 autem
1617 4379 1891 4421 carcerem
1920 4366 2254 4436 ingredieba-

703 4463 789 4512 tur
822 4465 1003 4512 custos
1028 4455 1267 4510 carceris
1303 4455 1654 4527 interrogavit
1679 4471 1825 4521 eum,
1857 4457 2001 4527 quod
2025 4456 2075 4513 ei
2105 4466 2254 4514 esset
2289 4488 2334 4544 D

698 4556 992 4603 nomenzet
1023 4558 1171 4604 certe
1198 4548 1391 4604 litterae
1412 4547 1523 4618 (65)
1544 4547 1655 4616 jam
1691 4547 1776 4603 his
1803 4547 1894 4616 qui
1927 4547 2082 4603 valde
2111 4562 2259 4603 com-

696 4637 857 4708 positi
884 4648 1032 4694 recte
1058 4638 1368 4707 loquuntur,
1396 4637 1617 4707 impedit
1637 4639 1702 4691 ad
1727 4637 2072 4706 loquendum.
2104 4637 2256 4695 Nunc

697 4734 876 4780 autem
907 4724 1177 4783 Romanus
1204 4738 1258 4783 et
1284 4728 1453 4783 incisa
1500 4725 1709 4798 liugua;
1745 4743 1907 4799 quam
1939 4743 2061 4783 cum
2099 4729 2258 4786 babe-

701 4825 785 4870 ret
810 4816 943 4889 (et),
973 4829 1027 4870 et
1050 4828 1195 4873 recte
1222 4816 1363 4888 loqui
1394 4833 1499 4873 nou
1527 4828 1772 4887 poterat;
1803 4818 2039 4887 Spiritus
2063 4817 2254 4889 linguae

698 4904 953 4974 loquitur,
1006 4916 1061 4961 et
1100 4907 1255 4962 valde
1295 4908 1617 4974 rectissime,
1668 4917 1723 4965 et
1768 4908 1920 4972 dicit,
1974 4907 2250 4966 Romanus

697 4997 868 5054 dicor.
896 4995 1091 5053 lterum
1122 4997 1397 5054 nuntiatur
1431 5000 1533 5054 boe
1557 4999 1723 5068 judici
1756 5008 1809 5055 et
1839 5007 2070 5068 tyranno
2103 5014 2245 5070 prte-

785 5090 829 5123 ⁸⁹
858 5089 877 5146 Ι
906 5090 1032 5146 Cor.
1067 5106 1178 5154 xlv,
1204 5091 1295 5146 22.
1366 5093 1410 5125 ⁸⁸
1430 5092 1594 5149 Marc.
1624 5110 1738 5161 vtu,
1770 5093 1862 5149 53.

766 5184 880 5258 (61)
923 5181 988 5239 Ut
1015 5199 1345 5239 consuerunt.
1380 5184 1449 5239 Ut
1477 5189 1640 5241 solent
1679 5187 1996 5254 infirmiores
2030 5185 2169 5241 elam
2203 5199 2257 5245 et

696 5254 840 5310 domi
878 5254 1177 5309 reconditas
1203 5264 1493 5326 martyrum
1523 5258 1777 5326 reliquias
1803 5256 2103 5320 lmuorare;
2134 5274 2252 5312 eum

696 5325 951 5380 fortiores
981 5324 1152 5392 palam
1189 5323 1239 5376 id
1268 5324 1503 5379 facerent
1530 5344 1544 5380 :
1593 5335 1711 5380 erat
1740 5336 1923 5382 autent
1963 5326 2054 5380 ille
2085 5329 2254 5381 medi-

695 5410 788 5446 cus
836 5394 1007 5448 cornis
1077 5392 1380 5461 infirmitate
1443 5396 1641 5466 lapsus,
1701 5395 1841 5450 sieut
1914 5397 2070 5466 paulo
2132 5407 2258 5454 ante

695 5464 918 5516 dictum.

766 5533 878 5602 (ϋῖ)
926 5531 1131 5588 Vultus.
1158 5537 1476 5605 Πρόσωπα,
1508 5545 1767 5605 aspectus.

768 5605 880 5672 (135)
918 5603 1331 5660 LitteroeAEorte
1362 5609 1559 5670 lietera.
1600 5616 1657 5660 ut
1698 5619 1889 5661 sensus
1926 5606 2038 5660 sit:
2070 5604 2249 5661 littera

2359 540 2412 594 in
2457 541 2668 596 timore.
2713 540 2910 607 Etiam,
2959 541 3198 611 inquit,
3259 541 3378 596 iste
3434 539 3616 595 adbuc
3653 540 3692 596 C

2357 643 2478 688 est:
2513 642 2570 688 ut
2599 633 2753 689 fratri
2781 648 3030 703 parcens
3057 633 3436 702 contempsit
3459 643 3692 703 praecept*

2358 732 2539 779 autem
2566 723 2676 790 ille,
2704 727 2930 795 cupiens
2965 735 3100 795 post
3137 725 3504 780 incisionem
3538 725 3692 795 lingo:

2361 826 2582 883 peresse
2622 825 2940 885 martyrem,
2999 823 3061 870 et
3107 814 3336 885 majori
3409 829 3665 870 mensura

2362 902 2790 960 intersectionem
2819 905 3009 973 potius
3031 919 3222 974 quant
3255 904 3334 958 ad
3361 906 3692 975 praecisiones

2361 995 2790 1065 comprehensus
2829 994 3089 1051 medicus
3145 995 3492 1050 ducebatur
3533 995 3600 1050 ad
3629 995 3692 1064 ju«

2365 1085 2638 1155 negotium
2690 1086 2946 1150 babebat,
3007 1101 3122 1141 cur
3190 1085 3632 1157 loquat-eiuras
3673 1104 3692 1144 ι

2365 1175 2540 1232 iuerat
2584 1175 2788 1248 lingua.
2821 1174 2940 1231 Non
2977 1177 3146 1232 enim
3191 1177 3384 1232 semel
3417 1177 3636 1234 loeutus
3665 1189 3692 1233 u

2365 1265 2678 1322 conserebat
2704 1283 2825 1324 cum
2851 1266 2983 1322 aliis
3013 1268 3089 1323 de
3121 1282 3318 1324 cruce
3345 1278 3408 1324 et
3436 1270 3692 1326 victoria<

2365 1358 2468 1413 boc
2494 1356 2675 1414 multis
2696 1357 2981 1413 mensibus
3022 1359 3086 1413 in
3134 1373 3392 1415 carcere
3425 1362 3692 1416 constituta

2367 1465 2487 1506 mus
2514 1463 2643 1520 ergo
2673 1458 2728 1506 et
2763 1450 2984 1504 tertiam
3021 1449 3527 1518 admirationem,
3558 1462 3615 1508 et
3641 1471 3692 1508 ιιι]

2365 1541 2460 1598 siae
2486 1541 2829 1620 martyr-jam
2855 1550 3129 1613 aequatur
3171 1543 3374 1598 tribus
3411 1559 3484 1598 ex
3523 1541 3690 1616 Syuag

2367 1641 2548 1688 autem
2590 1632 2860 1703 negotium
2895 1641 3214 1704 pateretur
3245 1634 3542 1700 medicus,
3577 1646 3635 1690 ιιι
3661 1653 3692 1692 e

2366 1733 2628 1794 quantum
2654 1723 2779 1780 boui
2815 1723 2908 1788 sit,
2941 1732 2998 1778 et
3029 1723 3246 1780 brevis
3277 1725 3522 1794 quidam
3555 1729 3682 1783 ictus

2297 1797 2340 1852 Β
2370 1816 2519 1870 tatis.
2557 1813 2695 1882 Quia
2737 1815 2877 1870 euim
2921 1815 3123 1874 tutelae
3170 1833 3362 1874 causa
3405 1831 3688 1891 acceperat

2368 1907 2495 1978 quia
2535 1906 2589 1963 iu
2618 1907 2830 1964 ratione
2867 1905 3078 1964 salutis
3111 1909 3474 1966 thesaurum
3517 1915 3692 1968 recood

2366 1998 2566 2054 exhinc
2613 1997 2725 2070 jam
2765 1999 2982 2070 accepit
3024 1998 3306 2058 [ructum
3343 2001 3508 2058 fidei.
3537 2003 3692 2061 ludici

2365 2087 2603 2161 dignanti
2622 2099 2678 2145 et
2705 2090 3098 2158 comminanti,
3131 2101 3198 2148 et
3223 2092 3356 2162 Jam
3405 2109 3540 2152 eum
3571 2096 3692 2151 iuter

2367 2180 2494 2238 lenti
2513 2180 2788 2251 respondit
2805 2183 3056 2240 medicus
3082 2202 3102 2240 ε
3127 2183 3340 2248 Habeo
3361 2186 3612 2258 linguam
3627 2204 3692 2258 qm

2366 2271 2697 2328 Producatur
2743 2273 2903 2339 alius,
2935 2274 3030 2329 cui
3081 2290 3206 2330 non
3257 2277 3502 2335 assistit
3531 2279 3676 2347 Deus,

2365 2362 2489 2418 dum
2520 2378 2826 2420 mensuram
2856 2364 3054 2421 incisae
3091 2366 3344 2439 linguae,
3399 2371 3692 2427 incidaturl

2363 2452 2407 2508 si
2439 2451 2671 2516 vixerit,
2716 2468 2898 2509 meunt
2923 2468 3344 2515 commentum
3382 2471 3502 2527 est,
3549 2472 3602 2517 et
3629 2476 3692 2516 not

2363 2540 2556 2598 fensio.
2589 2541 2919 2600 Producitur
2946 2546 3198 2617 quidam
3229 2550 3692 2618 damnatorum«

2365 2630 2575 2688 tissime
2603 2647 2852 2688 mensura
2893 2647 3142 2706 accepta
3171 2677 3194 2704 ,
3224 2639 3428 2696 incisa
3477 2641 3636 2698 etiam
3669 2642 3692 2696 li

2362 2736 2482 2794 quae
2509 2721 2744 2779 babebat
2776 2723 2944 2780 incidi
2998 2723 3268 2784 Tantum
3307 2740 3376 2787 ιιι
3411 2733 3632 2804 impleta
3660 2735 3692 2788 it

2362 2823 2419 2869 et
2453 2812 2577 2869 finis
2603 2813 2718 2883 ejus
2761 2814 3084 2885 completus
3113 2830 3212 2876 eat
3247 2823 3414 2879 vitae.
3453 2825 3526 2880 Et
3553 2826 3634 2880 ille
3659 2841 3692 2896 q*

2363 2917 2633 2962 mortuus.
2681 2907 2775 2963 Dei
2815 2919 3006 2964 autem
3045 2927 3124 2967 ex
3163 2919 3612 2986 comparatione
3649 2931 3692 2974 te

2361 2998 2658 3069 apparebat
2687 2998 3074 3059 clarissimum
3107 3004 3353 3064 lumen.
3389 3009 3452 3065 Si
3484 3013 3606 3081 quis
3627 3019 3692 3068 aul

2365 3105 2486 3147 mua
2521 3100 2580 3149 et
2598 3091 2909 3150 incredulus
2945 3103 3064 3164 est,
3123 3099 3307 3171 sigua
3345 3113 3538 3160 autem
3583 3105 3692 3158 inid

2363 3182 2498 3238 dicit
2539 3183 2816 3253 Scriptura
2839 3184 2910 3248 ⁸⁷.
2944 3186 3248 3248 babemus
3287 3192 3426 3252 haec
3469 3195 3688 3266 proferre

2363 3270 2615 3328 divimus.
2647 3271 2714 3327 Et
2744 3282 2893 3330 certe
2933 3289 3056 3330 uon
3093 3286 3338 3336 tautum
3383 3297 3560 3354 egena
3597 3293 3692 3340 cett

2362 3362 2456 3418 sed
2497 3372 2554 3419 et
2581 3362 2648 3420 de
2675 3363 2782 3420 alio
2816 3365 3004 3422 audivi
3031 3382 3150 3439 ego
3170 3408 3188 3434 ,
3219 3372 3380 3442 quia
3427 3377 3511 3431 vir
3541 3376 3692 3446 quida

2361 3453 2495 3509 stias
2525 3453 2725 3509 missus
2760 3461 2879 3519 est,
2900 3470 2933 3510 a
2971 3457 3190 3516 bestiis
3237 3475 3454 3522 autem
3483 3481 3582 3521 uon
3609 3480 3692 3520 eoa

2361 3552 2423 3599 ut
2469 3545 2674 3611 Daniel,
2718 3543 2980 3602 Ecclesia
3037 3549 3362 3611 referebat
3413 3557 3654 3614 mirabilia
3691 3603 3692 3609 ,

2361 3650 2468 3692 non
2495 3637 2566 3692 sit
2595 3636 2728 3693 milti
2751 3638 3014 3709 colligere
3044 3642 3218 3700 talia.
3259 3645 3390 3704 lsta
3417 3651 3556 3706 euim
3583 3663 3692 3718 supp

2361 3727 2745 3785 infirmantium
2778 3729 3081 3800 habentur,
3109 3735 3255 3794 istae
3285 3741 3676 3798 satisfactiones

2361 3817 2715 3875 credentium.
2768 3820 2877 3876 Sed
2925 3837 3122 3894 neque
3185 3830 3316 3887 ista
3375 3849 3582 3904 sperno,
3625 3847 3692 3888 net

2359 3908 2699 3966 Gloriiicetur
2763 3920 2944 3968 autem
3013 3926 3074 3973 et
3123 3918 3193 3974 in
3269 3923 3404 3980 istis
3461 3923 3692 3980 mirificat

2359 4001 2532 4072 Diligo
2563 4011 2744 4057 autem
2771 4017 2896 4058 cum
2929 4004 3110 4064 video
3141 4009 3341 4070 incidi
3373 4015 3544 4086 capita
3573 4025 3692 4082 mart

2360 4102 2530 4149 totum
2571 4106 2766 4163 corpus
2795 4093 3021 4158 ardere.
3065 4109 3132 4154 et
3175 4102 3442 4176 virginea
3464 4105 3626 4162 nudas
3649 4119 3692 4160 at

2358 4187 2525 4258 giosis
2550 4186 2743 4252 oculis,
2775 4185 2970 4244 amicis
2993 4200 3206 4249 autem
3244 4207 3308 4254 et
3343 4198 3612 4254 traterttis.
3637 4195 3692 4252 fit

2361 4279 2553 4332 lterum
2584 4278 2830 4334 terribile
2851 4277 3054 4334 vident
3085 4282 3347 4355 fratres,
3379 4291 3503 4360 qnia
3534 4305 3624 4344 uec
3649 4303 3692 4358 pt

2361 4368 2479 4425 lstae
2516 4377 2643 4424 suut
2673 4369 2877 4436 gloriae,
2910 4368 3044 4424 istae
3081 4389 3318 4435 nostrae
3353 4379 3662 4436 dilectiones.
3691 4420 3692 4428 κ

2359 4461 2477 4516 dem
2503 4460 2593 4529 qui
2629 4459 2879 4516 inciditur
2913 4463 3148 4532 capite,
3194 4468 3428 4526 babebit
3455 4466 3692 4540 caputia]

2358 4551 2483 4619 quia
2511 4551 2604 4621 qui
2648 4553 2800 4606 ardet
2839 4559 3016 4615 totus.
3055 4555 3464 4617 holocaustum
3513 4559 3692 4618 Deerit*

2358 4638 2546 4697 fertur.
2577 4641 2644 4697 Et
2682 4643 2828 4713 virgo
2861 4643 3104 4712 nudata,
3145 4663 3270 4706 non
3303 4654 3486 4718 nuda;
3525 4655 3692 4710 babet!

2356 4732 2666 4788 dumeutum
2699 4735 3104 4805 incorruptelae
3143 4755 3292 4798 suae.
3337 4743 3514 4802 Nemo
3547 4745 3692 4800 dieat!

2358 4822 2496 4879 bus:
2528 4823 2890 4882 Misericordia
2935 4841 2972 4880 a
3017 4831 3200 4888 vobis
3229 4834 3352 4908 (65)
3382 4839 3456 4892 ab
3501 4837 3588 4900 liis.
3619 4833 3692 4887 [ιιι

2356 4914 2497 4973 forte
2522 4917 2818 4972 imitatores
2841 4915 3068 4976 Christi
3117 4939 3326 4984 vocem
3355 4931 3522 4984 etiam
3543 4933 3638 5000 ejus
3657 4939 3692 4978 a

2353 5006 2711 5076 respondeant
2734 5004 3054 5067 dicentibus
3083 5029 3103 5068 ε
3167 5014 3322 5074 Vade
3359 5034 3496 5076 retro
3541 5037 3622 5080 ιιι.
3645 5015 3692 5070 5⁴

2428 5186 2544 5259 (64)
2597 5187 2770 5268 ,Quam
2817 5202 2944 5240 cum
2996 5190 3270 5254 haberer.
3321 5199 3496 5268 Quam
3536 5200 3692 5255 tinem

2357 5265 2704 5330 pronuntiare
2747 5270 2854 5310 nou
2895 5268 3176 5326 poterat,
3215 5271 3388 5326 etiam
3433 5287 3546 5328 cnm
3579 5269 3692 5334 liugn

2357 5333 2540 5467 bez-gg.)
2585 5395 2962 5452 Misericordia
2983 5416 3018 5455 o
3043 5403 3238 5462 vobis.
3263 5409 3432 5468 Forte
3453 5401 3692 5466 mser-itm*

2357 5471 2421 5523 ab
2455 5469 2558 5533 his,
2587 5475 2647 5520 ut
2669 5481 2868 5548 ‘seusus
2905 5469 2987 5524 sit
3023 5489 3040 5525 ι
3081 5472 3286 5534 Nemo
3311 5475 3692 5552 martyribus&

2360 5548 2489 5604 tres,
2521 5548 2685 5592 vestrl
2725 5550 3120 5598 misereantur
3157 5549 3223 5603 Ιιί
3267 5557 3504 5622 tyranni,
3535 5555 3690 5618 patu-¹

2352 5608 2544 5663 saevtre
2569 5624 2585 5675 ;
2618 5621 2685 5662 ne
2713 5619 3000 5680 martyres
3041 5621 3328 5692 exemplo
3351 5621 3544 5680 curisti
3563 5625 3692 5686 ΝΡ

698 5669 742 5722 n
767 5687 887 5740 quae
906 5687 1047 5741 aegre
1074 5676 1447 5742 pronuntiatur
1479 5677 1641 5731 etiaut
1670 5675 1738 5730 ab
1776 5676 1842 5730 iis
1883 5676 1976 5744 qui
2007 5691 2073 5730 os
2105 5686 2249 5734 recte
2350 5680 2482 5734 vade
2513 5686 2671 5744 retro,
2706 5686 2816 5734 etc.

698 5741 1053 5798 eoumositum
1090 5743 1291 5801 babent
1318 5745 1386 5803 ad
1418 5745 1761 5806 leuueudutu.
1792 5760 1957 5806 nunc.
1991 5756 2098 5803 etc.
