3692 6134
264 269 339 328 89
921 268 1203 327 ‘EUSEBll
1243 267 1728 326 CAESARlENSlS
1766 267 1917 325 OPP.
1960 265 2138 324 PARS
2174 266 2264 324 111.
2317 298 2374 310 -
2394 266 2815 328 exactum.

267 396 389 437 cum
407 380 679 451 proditore
697 376 832 437 luda
849 380 1066 436 iurante
1079 388 1484 447 concurrentes,
1501 377 1644 451 juris
1663 381 1830 451 oequi·
1864 385 1911 441 A
1936 395 2045 444 τες.
2070 398 2090 432 ι
2122 379 2218 451 Τῷ
2238 373 2332 434 οὖν
2362 379 2594 454 προδότῃ
2606 381 2775 454 Ἰούδα
2801 380 3129 439 κλέπτοντι
3149 388 3376 446 συνών-,ι

267 480 432 528 tatem
464 472 622 527 donis
663 472 1084 530 venumdabant.

339 563 501 622 Vens.
531 565 603 621 24
632 566 765 622 -26.
820 585 840 620 ι
874 564 1161 639 Propterea
1227 567 1344 624 haec
1396 568 1529 624 dicit
1577 565 1836 623 Dominus
1908 619 1922 630 ,

268 656 530 713 Dominus
557 656 798 713 Sabaoth
830 678 843 712 :
873 658 963 715 Vae
991 660 1300 729 potentibus
1320 658 1485 715 lsrael
1516 678 1532 715 ι
1568 675 1680 715 non
1712 673 1834 713 ces-

269 748 415 802 sahit
455 748 597 803 enim
629 748 781 803 furor
813 763 963 804 meus
1011 750 1064 805 in
1096 751 1453 816 adversariis,
1490 761 1545 805 et
1572 750 1834 820 judicium

268 838 336 893 de
362 838 607 894 hostibus
651 840 785 895 meis
813 838 1024 895 faciam.
1063 839 1130 894 Et
1157 839 1386 895 inferam
1416 854 1635 893 manum
1664 851 1838 892 meam

269 938 455 983 contra
496 938 567 995 te,
614 939 667 984 et
698 928 1040 986 inflammahu
1085 941 1136 985 te
1185 930 1252 985 ad
1309 945 1505 1000 purum
1536 944 1554 983 ι
1584 930 1838 984 immori-

218 1035 429 1092 ·geros
473 1029 653 1075 autem
697 1021 921 1089 perdam
973 1030 1028 1078 et
1083 1020 1430 1077 consiliarios
1481 1029 1603 1076 tuos
1646 1018 1839 1075 sicuta

267 1112 556 1182 principio.
619 1132 638 1165 ι
675 1111 1035 1168 lullamutabo
1086 1120 1139 1168 te
1193 1113 1362 1183 igitur
1403 1110 1468 1166 ad
1512 1125 1732 1181 purum,
1786 1110 1838 1166 id

268 1212 374 1265 est,
425 1206 489 1258 ad
535 1204 871 1273 purgandum
911 1211 967 1258 et
1011 1202 1431 1258 discernendum
1473 1203 1749 1273 improbos
1769 1202 1838 1257 al)

268 1292 509 1350 urbanis.
561 1294 742 1361 Quare
799 1292 1100 1348 secundum
1152 1293 1543 1364 Symmachum
1597 1292 1834 1349 dicitur:

273 1402 297 1439 r
330 1384 399 1440 Et
427 1383 773 1439 inflammaho
803 1384 870 1438 ad
895 1398 1089 1453 purum
1118 1384 1348 1437 scoriam
1375 1392 1550 1451 tuam;
1590 1400 1609 1435 ι
1644 1397 1838 1438 secun-

269 1477 395 1534 dum
445 1477 695 1548 Aquilam
748 1491 916 1531 vero:
963 1492 983 1527 ι
1031 1475 1097 1530 Et
1135 1473 1477 1530 inflammabo
1524 1473 1589 1529 ad
1646 1490 1838 1545 purum

273 1570 495 1625 acinum
545 1580 717 1622 tuum.
755 1585 774 1620 ι
825 1566 1285 1635 Quemadmodum
1333 1567 1476 1621 enim
1520 1566 1615 1637 qui
1668 1581 1740 1621 aes
1785 1575 1840 1621 et

272 1660 483 1716 ferrum
510 1660 633 1729 igne
664 1666 915 1729 purgant,
947 1657 1178 1713 scoriam
1205 1657 1499 1725 abjiciunt,
1526 1667 1586 1711 et
1617 1658 1707 1727 qni
1739 1660 1836 1712 bo-

1938 467 2204 542 ὀρθότητα
2229 472 2323 524 τοῦ
2347 470 2554 525 δικαίου
2578 470 2769 545 δώροις
2789 474 3204 547 ἐπίπρασκον.

2014 581 2034 614 ι
2064 561 2163 615 Διὰ
2180 562 2341 615 τοῦτο
2368 562 2491 617 τάδε
2514 563 2663 632 λέγει
2682 564 2904 637 Κύριος
2938 567 2972 619 ὁ
2997 569 3377 642 ΔεσπύτηςΣι

1940 652 2075 706 Οὐαὶ
2107 655 2157 705 οἱ
2198 654 2470 723 ἰσχύοντες
2515 655 2758 727 Ἰσραήλ·
2801 656 2876 709 ού
2929 657 3234 714 παύσεται
3266 662 3367 735 γάρ

1941 744 2109 817 θυμὸς
2137 749 2193 801 ὲν
2218 750 2329 810 τοῖς
2355 748 2715 814 ὑπεναντίοις,
2749 749 2853 803 καὶ
2889 751 3104 823 κρίσιν
3131 754 3207 808 ὲκ
3234 754 3377 810 τῶνέ

1943 853 2045 909 μου
2083 840 2323 910 ποιήσω·
2359 840 2455 893 καὶ
2484 840 2670 908 ἐπάξω
2704 841 2805 914 τὴν
2850 844 3043 916 χεῖρά
3100 864 3214 917 μου
3250 849 3377 904 stit

1941 925 2179 997 πυρώσω
2229 944 2288 981 σε
2321 930 2401 993 είς
2430 930 2687 1002 καθαρὸν,
2718 932 2852 1007 τοὺς
2908 933 2979 987 δὲ
3038 936 3377 995 ἀπειθοῦντα

1940 1020 2130 1084 ολέσω,
2158 1021 2251 1074 καὶ
2282 1022 2409 1084 τοὺς
2452 1021 2787 1092 συμ6ούλους
2832 1040 2946 1078 σου
2979 1026 3073 1093 ὡς
3129 1031 3200 1084 τὸ
3223 1031 3377 1102 ἀπ’ᾰρ

1940 1107 2188 1179 Πυρώσω
2224 1125 2283 1161 σε
2302 1105 2394 1162 οὖν
2426 1111 2506 1173 είς
2524 1111 2785 1180 καθαρὸν,
2811 1115 3166 1183 τουτέστιν,
3194 1121 3377 1192 ἑτιτῷῑ

1944 1214 2030 1269 ραι
2066 1199 2160 1252 καὶ
2186 1198 2457 1271 διακρῖναι
2517 1203 2642 1272 τοὺς
2679 1201 2940 1271 φαύλους
3013 1207 3142 1263 ἀπὸ
3175 1211 3274 1265 τῶν
3297 1213 3377 1265 ἐστι

1941 1288 2036 1341 Διὸ
2071 1290 2213 1345 κατά
2245 1290 2335 1344 τὸν
2370 1291 2664 1364 Σύμμαχον
2703 1294 2977 1367 εἴρηται·
3023 1319 3046 1351 ι
3075 1302 3198 1356 Καὶ
3227 1302 3377 1374 ratpirn

1942 1381 2179 1453 καθαρὸν
2203 1382 2299 1454 τὴν
2332 1385 2569 1456 σκωρίαν
2594 1402 2685 1438 σου
2703 1403 2717 1416 ·
2743 1406 2766 1439 r
2808 1391 2980 1446 κατὰ
3005 1393 3072 1447 δὲ
3103 1396 3190 1466 (8)
3216 1397 3377 1452 τὸνᾞ

1946 1488 1966 1521 ι
1995 1472 2106 1525 Καὶ
2130 1471 2364 1544 πυρώσω
2393 1474 2473 1537 είς
2504 1472 2740 1547 καθαρὸν
2760 1476 2829 1529 τὸ
2855 1484 3241 1555 γιγαρτῶδές
3258 1503 3376 1542 σοαπ

1940 1578 2046 1633 περ
2070 1560 2180 1633 γάρ
2208 1564 2258 1615 οἱ
2288 1563 2639 1635 καθαίροντες
2672 1565 2763 1620 διά
2801 1567 2907 1623 τοῦ
2955 1574 3155 1647 πυρὸς
3197 1578 3376 1648 χαλκὸν

1940 1651 2125 1725 δηρον,
2154 1653 2253 1723 τὴν
2279 1654 2520 1725 σκωρίαν
2546 1655 2969 1728 άποὸάλλουσι,
3027 1667 3136 1721 καὶ
3165 1671 3215 1721 ol
3239 1672 3377 1740 ‘ro-33}

272 1759 389 1807 ‘ms
431 1751 605 1806 vineae
655 1750 708 1803 in
767 1748 1125 1804 immunibus
1179 1757 1456 1814 premunt,
1512 1749 1727 1803 acinum
1778 1757 1834 1804 ει
1867 1735 1909 1789 Β
1940 1745 2040 1816 τῆς
2070 1744 2314 1815 ἀμπέλου
2341 1746 2399 1799 ἐν
2417 1749 2537 1809 ταῖς
2569 1746 2748 1817 ληνοῖς
2773 1750 3123 1822 πιέζοντες,
3146 1759 3376 1833 τδγιγαρ

271 1839 539 1912 superflua
558 1839 886 1895 calcatarum
917 1852 1141 1892 uvarum
1168 1837 1478 1907 expellunt;
1511 1840 1724 1903 eodem,
1755 1840 1836 1893 in-

272 1932 412 2004 quit,
442 1931 599 1986 modo
632 1942 688 1986 et
717 1946 815 2001 ego
846 1929 1200 1986 inflammabo
1246 1928 1314 1983 ad
1358 1944 1553 1999 purum
1615 1929 1834 1985 acinum

272 2034 445 2079 tuunu

339 2112 506 2169 Vsus.
528 2116 619 2171 27.
649 2133 669 2166 ι
703 2114 770 2169 Et
792 2122 911 2184 post
931 2113 1045 2169 haec
1068 2113 1348 2170 vocaberis
1368 2114 1564 2170 civitas
1583 2114 1836 2184 justitiae,

277 2204 594 2278 metropolis
631 2203 809 2258 tidelis
837 2203 967 2259 Sion
1002 2222 1017 2258 ι
1052 2218 1175 2258 nant
1215 2219 1341 2259 cum
1367 2205 1571 2275 judicio
1603 2205 1837 2262 salvabi·

269 2304 358 2352 tur
389 2296 676 2367 captivitas
703 2298 842 2365 ejus.
877 2316 896 2348 ι
941 2296 1299 2351 Communem
1343 2298 1623 2353 civitatem
1654 2306 1839 2368 postea

264 2388 696 2445 constituendam
727 2387 1039 2456 alloquitur,
1083 2403 1252 2457 quam
1289 2387 1518 2457 iustitiae
1559 2390 1838 2444 civitatem

266 2490 448 2545 vocat,
481 2487 536 2535 et
565 2479 910 2547 metropolim
954 2477 1167 2531 lldelem
1216 2478 1372 2545 Sion,
1414 2480 1517 2549 piae
1565 2480 1841 2551 religionis

268 2569 574 2629 institutum
615 2577 669 2623 et
691 2578 892 2625 coetum
939 2569 1040 2624 boc
1088 2570 1308 2626 nomine
1357 2586 1653 2626 exornans.
1697 2572 1842 2627 Sane

269 2675 404 2718 vero
434 2661 526 2716 ille
553 2660 684 2716 olim
708 2661 850 2729 apud
874 2657 1091 2714 Judaeos
1121 2661 1341 2730 sapiens
1363 2660 1671 2729 excideram
1700 2678 1843 2718 nunc

273 2762 452 2808 autem
480 2752 534 2808 in
553 2752 807 2806 universa
834 2759 978 2806 terra
1010 2766 1105 2821 per
1127 2751 1328 2808 Christi
1358 2753 1650 2809 Ecclesiam
1681 2754 1841 2824 erigi-

272 2854 380 2911 tur,
411 2845 661 2901 fundatus
690 2859 853 2914 supra
899 2854 1127 2914 petram.
1166 2843 1230 2900 ui
1275 2860 1402 2900 vero
1443 2855 1570 2901 sunt
1609 2846 1843 2916 pulchrae

267 2936 510 2995 civitatis
554 2934 829 3005 praesules.
872 2934 1088 3007 judices
1132 2942 1188 2987 et
1231 2933 1547 2997 consiliarii,
1595 2933 1685 3004 qui
1730 2934 1842 2989 inl·

271 3028 408 3084 tium
449 3028 518 3083 ab
567 3026 826 3097 apostolis
871 3033 930 3082 et
980 3024 1260 3095 discipulis
1312 3024 1617 3082 Salvatoris
1670 3026 1839 3082 nostri

271 3126 632 3188 acceperunt:
669 3131 736 3172 ex
772 3131 961 3173 eorum
993 3130 1125 3172 vero
1158 3118 1500 3173 successione
1518 3118 1838 3183 etiamnum,

270 3211 422 3280 quasi
438 3223 504 3264 ex
530 3210 672 3267 bono
686 3211 896 3266 semine
921 3209 1026 3265 orti
1054 3210 1422 3280 resplendent,
1455 3211 1550 3267 Dei
1582 3210 1840 3267 Ecclesiae

268 3299 527 3370 praesides
559 3299 865 3354 constituti.
902 3299 1117 3354 Etenim
1163 3300 1254 3370 qui
1289 3301 1431 3370 apud
1465 3301 1630 3356 Deum
1663 3301 1840 3358 salute

273 3390 418 3461 digni
446 3390 667 3458 judicati
696 3389 916 3454 fuerint,
949 3390 1008 3457 ii,
1044 3391 1244 3462 inquit,
1281 3391 1384 3446 soli
1424 3393 1689 3459 promissa
1711 3408 1840 3448 con-

274 3491 612 3550 sequentur:
649 3481 775 3540 dum
814 3478 984 3536 ludaei
1010 3482 1213 3538 frustra
1256 3483 1628 3555 imaginantur
1670 3485 1839 3540 totius

275 3573 452 3642 gentis
481 3585 594 3627 suae
614 3570 1032 3627 conversionem
1064 3570 1196 3627 sore.
1227 3571 1625 3629 Liberationem
1659 3583 1837 3629 autem

275 3677 307 3715 a
344 3662 657 3731 captivitate
707 3661 1110 3733 intelligendum
1160 3673 1239 3720 est
1305 3678 1423 3720 esse
1486 3664 1838 3719 mutationem

274 3754 576 3808 animarum
630 3755 699 3810 ab
738 3770 923 3811 errore
979 3754 1042 3810 ad
1076 3769 1259 3810 veram
1299 3756 1396 3811 Dei
1424 3755 1786 3827 cognitionem
1821 3775 1836 3811 ι

275 3859 438 3915 quam
491 3845 739 3900 Salvator
786 3846 1107 3914 declaravit,
1142 3863 1284 3911 cum,
1329 3857 1553 3918 accepto
1587 3848 1642 3902 in
1681 3861 1841 3917 syna-

276 3949 410 4005 goga
457 3935 664 3989 ilesaiae
702 3935 862 4003 libro,
914 3937 1164 4007 lectaque
1209 3937 1449 3992 clausula
1491 3952 1560 3992 ex
1608 3951 1838 4008 persona

193 4049 198 4053 ·
276 4033 395 4103 ejus
428 4033 540 4087 haec
565 4032 882 4096 dicente’-;‹
930 4034 1168 4104 Spiritus
1200 4034 1409 4090 Domini
1437 4051 1603 4107 super
1635 4051 1742 4101 me,
1775 4051 1839 4092 eo

276 4122 421 4193 quod
472 4123 685 4177 unxerit
737 4138 855 4191 me,
897 4124 1275 4195 evangelizare
1324 4127 1647 4195 pauperihus
1691 4127 1838 4183 ntisit

277 4225 384 4279 nte,
418 4230 435 4261 »
471 4222 590 4269 etc.
622 4251 639 4280 ,
680 4212 940 4282 replicato
984 4213 1125 4269 lihro
1181 4213 1364 4268 intulit
1396 4231 1411 4270 ι
1439 4232 1461 4267 ι
1501 4214 1672 4271 Hodie
1725 4217 1838 4271 haec

279 4299 556 4372 Scriptura
588 4302 808 4375 impleta
852 4310 937 4359 est
987 4304 1041 4359 in
1085 4303 1307 4359 auribus
1339 4306 1551 4372 vestris,
1585 4325 1605 4360 ι
1639 4305 1837 4363 docens

279 4405 338 4446 se
362 4394 755 4463 redemptorem
791 4396 1147 4450 humanarum
1185 4395 1488 4450 animarum
1513 4411 1654 4453 esse.

350 4654 511 4709 Vens.
544 4655 633 4710 28.
671 4674 692 4709 ι
727 4656 796 4712 Et
821 4666 1173 4714 conterentur
1206 4660 1410 4732 iniqui,
1441 4670 1495 4717 et
1521 4673 1835 4733 peccatores

277 4746 459 4813 simul,
481 4756 534 4802 et
553 4747 645 4818 qui
677 4749 1078 4820 dereliquerunt
1108 4752 1385 4809 Dominum
1410 4755 1782 4811 conficientur.
1808 4776 1827 4809 t

280 4836 386 4892 Sed
420 4839 486 4893 de
518 4838 694 4894 medio
724 4839 988 4896 tollendos
1014 4857 1136 4899 esse
1166 4845 1243 4899 ait
1269 4847 1523 4914 neqttitiae
1558 4848 1830 4905 doctores.

278 4928 506 4994 Quinam
536 4944 665 4985 vero
693 4931 729 4985 ii
759 4943 963 4998 essent,
992 4933 1044 4988 in
1076 4935 1502 5004 praecedentibus
1527 4937 1834 4993 declaratur

279 5020 365 5073 his
395 5020 606 5076 verbis:
646 5038 666 5075 ι
696 5021 786 5077 Vae
803 5024 947 5093 genti
980 5026 1267 5093 peccatrici
1323 5027 1517 5097 nopulo
1547 5026 1703 5098 pleno
1729 5029 1833 5082 ini-

277 5111 518 5178 quitatis.
556 5132 575 5164 r

352 5201 625 5259 Vens.29.
671 5221 692 5256 ι
733 5204 868 5269 Quia
919 5207 1317 5264 confundentur
1343 5225 1505 5281 super
1542 5209 1678 5266 idola
1708 5225 1829 5278 sna,

280 5305 398 5358 qnae
442 5293 545 5363 ipsi
599 5296 872 5363 volebant,
909 5306 964 5353 et
997 5297 1398 5354 confundentur
1441 5316 1602 5371 super
1644 5303 1829 5357 hortus

278 5397 426 5449 suos,
460 5401 596 5455 quos
626 5390 1068 5458 concupiverunt.
1096 5412 1115 5445 t
1146 5392 1411 5448 Caeterum
1439 5393 1658 5463 pudoris
1707 5409 1828 5449 sen·

348 5480 368 5509 ⁹
402 5479 536 5546 Luc,
570 5496 637 5550 tv·
677 5489 766 5550 ¹8,
794 5484 883 5539 2¹.

1944 1837 2038 1888 ml.
2070 1835 2139 1889 τά
2167 1835 2403 1906 περισσά
2452 1836 2561 1890 τῶν
2581 1839 3044 1909 ὲκπατηθέντων
3081 1848 3322 1920 βοτρύων
3345 1856 3374 1906 ά

1938 1943 2153 1990 πτουσι,
2185 1925 2275 1979 τὸν
2336 1925 2497 1980 αὐτὸν
2530 1927 2728 1999 τρόπον
2756 1930 2964 2001 κάγὼ,
3013 1939 3187 2009 φησι,
3230 1940 3377 2011 rapo<

1934 2017 2176 2088 καθαρὸν
2206 2017 2268 2070 τὸ
2298 2018 2633 2089 γιγαρτῶδές
2662 2036 2779 2074 σου.

2013 2126 2033 2157 ι
2057 2107 2167 2160 Καὶ
2201 2107 2340 2177 μετά
2366 2107 2541 2161 ταῦτα
2565 2106 2827 2183 κληθήσῃ
2867 2114 3049 2181 πόλις
3075 2118 3377 2193 δικαιοσύνη.

1937 2198 2189 2270 τρόπολις
2221 2199 2386 2271 πιστὴ
2415 2199 2580 2253 Σιών·
2626 2202 2765 2271 μετὰ
2801 2205 2935 2279 γὰρ
2972 2212 3264 2283 κρίματος
3288 2214 3377 2269 συθ.

1940 2291 1974 2360 ὴ
2006 2289 2347 2360 αίχμαλωσία
2381 2291 2572 2361 αὐτῆς.
2596 2309 2614 2342 ι
2644 2291 2723 2363 Τῇ
2768 2298 2937 2365 μετὰ
2975 2301 3177 2359 ταῦτα
3216 2321 3377 2376 castrt

1940 2385 2091 2453 κοινῇ
2125 2382 2299 2450 πόλει,
2330 2382 2397 2453 ἦν
2419 2401 2538 2437 τινα
2568 2383 2663 2437 καὶ
2696 2384 2870 2439 πόλιν
2899 2388 3279 2468 δικαιοσύνης
3303 2396 3377 2464 ἐπὶ

1942 2474 2034 2528 καὶ
2063 2474 2390 2546 μητρόπολιν
2426 2475 2620 2547 πιστὴν
2650 2476 2818 2543 Σιὼν,
2859 2482 3038 2540 οὕτω
3069 2489 3377 2562 προσειτιὺνῑ

1943 2582 2122 2637 στημα
2162 2564 2257 2618 τοῦ
2301 2566 2581 2637 θεοφιλοῦς
2636 2569 3114 2643 πολιτεύματος.
3167 2582 3226 2634 '0
3269 2579 3370 2631 οἶκε

1943 2658 2159 2721 συνετὸς
2205 2656 2355 2729 παρὰ
2397 2657 2672 2723 Ἰουδαίοις
2748 2660 3210 2726 &testea-:dixer-
3245 2669 3377 2723 νύνίὲι

1942 2748 2067 2819 ὅλης
2089 2749 2187 2819 τῆς
2217 2749 2542 2820 οἰκουμένης
2564 2749 2651 2803 διὰ
2678 2750 2782 2822 τῆς
2805 2755 2918 2809 τοῦ
2959 2760 3220 2833 Χριστοῦ
3243 2758 3377 2824 mira

1944 2841 2236 2912 ἐγήγερται
2269 2839 2730 2912 τεθεμελιωμένος
2759 2844 2863 2898 ἐπὶ
2903 2851 3030 2924 τὴν
3072 2847 3368 2927 arsenii&

1941 2936 2042 3005 τῆς
2064 2933 2236 3003 καλῆς
2256 2933 2462 2997 πόλεως
2484 2936 2531 2987 οί
2554 2936 2950 3007 προεστῶτες,
2985 2951 3214 3018 κριταὶ,
3229 2934 3377 3010 :df-*ff

1944 3026 2047 3090 λοι,
2080 3026 2130 3079 οἳ
2161 3024 2335 3096 ἀρχὴν
2382 3024 2482 3095 μὲν
2516 3024 2621 3078 άπὸ
2649 3025 2761 3081 τῶν
2800 3029 3172 3096 ἀποστόλων
3206 3030 3376 3106 καὶμὴ

1943 3118 2038 3172 τοῦ
2063 3119 2312 3190 Σωτῆρος
2337 3118 2496 3190 ἡμῶν
2520 3118 2811 3190 εἰλήφασιν
2833 3141 2849 3155 ·
2886 3128 2967 3181 ὲκ
2995 3133 3068 3187 δὲ
3104 3136 3208 3207 τῆς
3227 3132 3376 3188 tactim

1944 3208 2105 3279 δοχῆς
2152 3209 2317 3261 εἰσέτι
2350 3209 2445 3262 καὶ
2476 3208 2591 3275 νῦν,
2620 3208 2820 3285 ὥσπερ
2876 3219 2957 3273 ὲκ
3023 3223 3377 3300 σ·ττέρμ.ιιτε>ςᾶ“ί

1944 3296 2139 3368 φύντες
2167 3298 2584 3370 διαλάμπουσιν,
2607 3302 2878 3376 πρόεδροι
2909 3312 3034 3384 τῆς
3068 3318 3175 3372 τοῦ
3206 3314 3376 3372 seo-31·

1946 3392 2068 3456 σίας
2100 3392 2460 3456 καθεστῶτες.
2509 3394 2571 3447 ot
2599 3393 2708 3467 γὰρ
2744 3406 3074 3474 σωτηρίας
3106 3411 3247 3477 ἄξιοι
3285 3405 3377 3477 περὶ

1944 3482 2239 3555 κριθέντες,
2257 3483 2407 3556 μόνοι
2423 3484 2724 3551 τεύξονται,
2745 3492 2922 3560 φησὶ,
2944 3502 3074 3571 τῆς
3104 3499 3377 3572 ἐπαγγελία·

1956 3573 2221 3628 Ἰουδαίων
2262 3576 2437 3647 μάτην
2479 3577 2920 3649 φανταζομὲνων
2960 3589 3311 3667 ἐπιστροφὴν
3345 3590 3377 3643 t:

1943 3663 2035 3717 τοῦ
2062 3666 2260 3730 παντὸς
2280 3667 2461 3721 αὐτῶν
2483 3667 2687 3733 ἔθνους.
2716 3672 2825 3742 Αἰχ
2835 3677 3167 3749 μαλωσίας
3190 3686 3248 3741 δὲ
3272 3682 3377 3738 &kal

1943 3755 2048 3828 χρὴ
2072 3759 2232 3820 νοεῖν,
2266 3758 2364 3829 τὴν
2395 3760 2503 3814 άπὸ
2527 3760 2629 3831 τῆς
2664 3761 2891 3838 πλάνης
2956 3774 3069 3829 ἐπὶ
3120 3778 3228 3850 ''i“
3275 3773 3377 3846 ἀληί

1942 3846 2075 3900 Θεοῦ
2107 3848 2306 3918 γνῶσιν
2342 3851 2641 3924 μεταδολὴν
2666 3855 2776 3910 τῶν
2799 3859 3023 3935 ψυχῶν
3051 3887 3067 3901 ·
3108 3873 3184 3944 ἦν
3211 3872 3295 3927 καὶ
3317 3872 3341 3923 ὁ
3365 3869 3377 3920 1

1943 3937 2199 4011 παρίστη,
2230 3942 2463 4012 ὁπηνίκα
2505 3946 2563 3998 ὲν
2592 3948 2654 4017 τῇ
2679 3962 2999 4029 συναγωγῇ
3040 3961 3238 4016 λαβὼν
3261 3966 3344 4034 τὴν
3369 3961 3377 4029 Ι

1940 4027 2033 4081 τοῦ
2072 4029 2313 4098 Ἡσαΐου,
2340 4035 2439 4106 τήν
2460 4052 2519 4088 τε
2542 4039 2856 4111 περικοπὴν
2882 4046 3188 4120 ἀναγνοὺς
3207 4056 3298 4127 τὴν
3317 4058 3367 4107 ὲκ

1939 4119 2087 4176 ὠπου
2129 4124 2293 4179 αὐτοῦ
2329 4129 2610 4199 φήσασαν·
2658 4149 2675 4181 ι
2702 4131 2947 4209 Πνεῦμα
2981 4145 3215 4219 Κυρίου
3250 4148 3377 4215 ἐπ’·ἒι

1940 4214 2142 4269 εἵνεκεν
2167 4215 2350 4288 ἔχρισε
2372 4236 2460 4291 με,
2485 4222 2958 4291 εὐαγγελίσασθαι
2988 4242 3249 4308 πτωχοῖς
3266 4237 3377 4292 &eda

1941 4323 2011 4377 με
2031 4322 2045 4337 ·
2078 4307 2312 4379 κηρύξαι
2340 4312 2709 4384 αἰχμαλώτοις
2743 4316 2958 4386 ἄφεσιν
2984 4342 3000 4355 ·
3033 4346 3056 4379 ι
3101 4331 3203 4384 καὶ
3232 4329 3377 4395 πτύξα

1866 4431 1911 4485 D
1940 4399 2139 4471 βίὸλον,
2176 4398 2296 4456 εἷπε
2318 4420 2331 4435 ·
2368 4423 2389 4457 ι
2412 4408 2657 4480 Σήμερον
2698 4411 2732 4481 ἠ
2766 4411 2979 4489 Γραφὴ
3027 4421 3179 4495 αὕτη
3211 4423 3371 4491 πεπλη

1938 4492 1996 4543 ὲν
2014 4492 2125 4554 τοῖς
2152 4491 2283 4546 ὠσὶν
2310 4495 2464 4566 ὑμῶν
2483 4514 2496 4527 ·
2527 4518 2546 4550 ι
2573 4498 2840 4555 διδάσκων
2870 4504 2971 4578 δὴ,
3000 4511 3083 4575 ὡς
3115 4514 3281 4577 αὐτὸς
3303 4513 3373 4581 etr,

1932 4584 2143 4656 τρωτὴς
2172 4586 2276 4640 τῶν
2307 4589 2661 4660 ἀνθρωπίνων
2683 4592 2900 4664 ψυχῶν.

2006 4696 2024 4727 ι
2053 4678 2161 4730 Καὶ
2196 4681 2636 4754 συντριδήσονται
2668 4687 2715 4739 οἱ
2748 4686 2977 4757 ἄνομοι,
3013 4712 3115 4747 και
3146 4698 3196 4749 οἱ
3227 4697 3377 4765 ἁμαρ

1931 4769 2064 4841 ἅμα,
2099 4773 2194 4825 καὶ
2225 4774 2272 4825 οί
2300 4774 2753 4842 ἐγκαταλιπόντες
2792 4778 2888 4832 τὸν
2922 4782 3149 4859 Κύριον
3198 4785 3377 4841 συντελ,1

1936 4876 2138 4918 σονται.
2174 4880 2192 4913 ι
2241 4862 2378 4916 Ἀλλ’
2410 4866 2652 4919 ἐκποδὼν
2698 4867 2958 4937 γίνεσθαι
2985 4877 3125 4940 τοὺς
3153 4877 3254 4947 τῆς
3279 4888 3377 4928 azert

1934 4951 2303 5018 διδασκάλους.
2336 4955 2489 5021 Τίνες
2541 4957 2597 5011 δὲ
2631 4953 2770 5029 ἦσαν
2814 4955 2990 5027 οὗτοι,
3044 4966 3287 5034 ἐδίδαξεν
3319 4961 3377 5016 ό)

1932 5042 2021 5097 διὰ
2046 5043 2155 5097 τῶν
2185 5045 2510 5117 ἔμπροσθεν,
2542 5047 2710 5103 εἰπών
2729 5066 2742 5079 ·
2782 5070 2802 5103 ι
2825 5052 2970 5107 Οὐαὶ
3004 5058 3165 5123 ἔθνος
3183 5060 3376 5129 &pap-.-

1932 5131 2059 5197 λαὸς
2086 5121 2298 5207 πλῆρης
2326 5134 2570 5208 ἀνομίας.
2599 5157 2618 5190 t

2009 5246 2027 5277 ι
2053 5227 2195 5281 Διότι
2223 5230 2769 5303 καταισχυνθήσονται
2803 5232 2900 5288 ἐπὶ
2921 5241 3049 5302 τοῖς
3075 5238 3306 5299 εἰδώλοις
3318 5232 3377 5287 α’)

1934 5317 1970 5372 ἃ
2007 5319 2156 5373 αὐτοὶ
2186 5319 2496 5389 ὴὸούλοντο,
2554 5324 2648 5377 καὶ
2693 5323 3232 5401 ὲπαισχυνθήσονται
3276 5326 3351 5381 ἐπὶ

1937 5409 2131 5479 κήποις
2181 5410 2380 5478 αὐτῶν,
2412 5410 2447 5466 ἃ
2473 5411 2852 5485 ἐπεθύμησαν.
2881 5435 2900 5468 ι
2957 5418 3116 5493 Πλὴν
3150 5423 3241 5475 ὲτά
3279 5416 3367 5475 τοῖς

348 5596 430 5665 (8)
480 5592 605 5653 llaec
653 5594 1024 5667 interpretatio
1051 5639 1068 5670 ,
1133 5610 1270 5659 teste
1344 5600 1708 5678 Hieronymo,
1755 5617 1838 5667 cst
1900 5609 2344 5691 {heodotionisj
2398 5633 2565 5687 qnare
2613 5619 2849 5694 :Aquilae
2930 5641 3141 5689 nomen
3218 5621 3376 5698 irtel>si

278 5667 509 5723 videtur.
