3692 6134
824 402 911 458 DE
946 399 1105 458 FmE
1141 399 1515 459 ADVERSUS
1556 400 1968 460 SABELmJu.
2003 434 2073 445 —-
2108 403 2239 461 Lm.
2275 403 2347 460 1.·

3089 405 3231 467 ¹⁰58

319 538 337 585 t
367 526 628 584 salvator.
656 522 774 579 Non
805 524 951 579 enini
986 524 1197 578 creavit
1217 531 1271 578 et
1301 522 1545 577 dimisit:
1578 527 1623 582 Α
1651 521 1909 590 quinetur
1942 523 2079 593 (83).
2114 522 2226 579 Viri
2259 532 2319 577 ut
2356 537 2480 579 sese
2502 524 2614 595 jam
2645 540 2751 579 uon
2794 524 3032 579 incidant
3064 542 3079 577 ε
3109 541 3234 578 ιιιιι-

326 636 394 677 ne
437 618 775 692 providentia
807 624 938 672 sunt
977 630 1097 685 quae
1124 624 1271 670 suut.
1312 612 1430 668 Non
1458 622 1546 667 est

319 711 474 767 zicus.
494 707 690 779 Neque
719 716 779 761 ut
802 705 1067 768 volatilia,
1098 715 1156 758 ut
1180 704 1352 773 pisces
1377 715 1544 773 geue·

320 817 381 868 n,
409 800 725 869 relinquunt
751 807 956 852 autem.
1005 795 1072 850 Et
1099 806 1248 851 certe
1299 810 1398 850 nec
1440 793 1541 849 ista

319 901 333 947 t
367 891 649 947 dimittunt
686 906 701 945 ε
746 888 841 945 sed
884 887 1086 943 habent
1115 885 1455 956 diligentiam
1487 890 1547 937 et

351 984 516 1055 igitur
552 982 656 1039 ista
694 982 792 1045 ita,
826 979 997 1034 multo
1035 978 1208 1047 magis
1241 991 1343 1046 per
1378 989 1541 1046 quem

336 1073 659 1143 omnia,per
691 1072 856 1127 istum
880 1068 1060 1124 onmia
1090 1077 1146 1123 ει
1174 1068 1546 1136 gubernantur

319 1180 366 1219 ιι·
411 1183 427 1219 :
473 1179 581 1220 non
613 1170 843 1217 vacante
886 1159 1071 1223 Patre,
1098 1159 1192 1214 sed
1224 1164 1540 1212 anniueute:

320 1269 501 1323 utem,
535 1271 643 1311 nou
687 1254 883 1318 oculis,
931 1254 1026 1307 sed
1060 1260 1119 1305 ut
1156 1251 1311 1306 decet
1361 1249 1543 1302 incor-

319 1367 345 1406 a
370 1348 561 1403 annuit
590 1357 649 1401 ut
684 1346 783 1415 ipsi
813 1347 1069 1399 decorum
1103 1351 1206 1397 est.
1248 1339 1419 1394 Filius
1443 1352 1542 1391 au—

323 1441 362 1495 it
394 1450 454 1495 ut
487 1439 684 1495 Filium
730 1440 931 1493 decet:
979 1449 1143 1505 opera
1187 1440 1368 1487 autem
1409 1429 1547 1483 [lunt.

326 1533 391 1596 lt,
425 1542 480 1587 et
509 1530 682 1586 Filius
708 1529 1005 1584 ministrat.
1035 1524 1162 1579 Hoec
1196 1539 1298 1578 nos
1327 1530 1546 1591 oporte·

356 1624 470 1680 luto
502 1639 693 1679 omnes
724 1638 790 1678 ex
828 1620 1129 1689 scripturis
1170 1616 1375 1687 legere.
1413 1611 1546 1682 Quis

319 1721 436 1790 ego?
467 1716 595 1787 quid
626 1715 799 1770 habeo
825 1711 967 1783 quod
1000 1726 1105 1766 non
1157 1707 1386 1779 accepi?
1418 1704 1548 1762 Om-

319 1812 343 1864 b
373 1823 502 1873 uno,
531 1817 584 1862 ει
616 1821 711 1875 ρει·
747 1820 913 1861 unum
947 1813 1115 1871 suut;
1156 1810 1212 1856 ει
1249 1814 1372 1871 quae
1403 1796 1544 1852 sacta

1653 612 1818 667 lieres
1845 621 1904 666 ut
1934 630 2043 669 non
2068 613 2138 668 ad
2164 612 2420 682 injuriam
2452 614 2800 670 deludantur.
2837 614 3024 680 Tauri,
3050 615 3228 683 vituli,

1651 709 1710 756 ut
1763 717 1871 759 non
1903 705 2054 757 varie
2100 703 2495 759 comburantur
2540 704 2674 777 (84).
2739 707 2952 772 Vinum,
3005 716 3063 760 ut
3120 721 3229 761 non

1650 794 1768 850 sine
1797 810 1963 849 causa
1992 795 2217 852 libetur.
2249 794 2443 860 Terra,
2492 812 2663 864 mare,
2694 807 2756 852 ιιι
2793 814 2900 852 non
2931 795 3231 853 immutatis

1651 884 1964 939 nominibus
1997 885 2297 941 adorentur
2341 903 2357 942 z
2400 888 2579 942 onmis
2622 888 2765 942 enim
2812 898 3007 942 natura
3041 898 3230 943 conta·

1648 974 1855 1028 minata
1912 984 2046 1030 est:
2096 977 2276 1032 omnis
2334 989 2590 1033 creatura
2649 978 2921 1034 deificata.
2975 978 3081 1033 Sed
3120 992 3227 1031 nou

1649 1064 1902 1135 despexit
1951 1067 1998 1121 is
2027 1081 2125 1135 per
2155 1082 2316 1138 quem
2372 1076 2428 1124 et
2477 1068 2621 1124 lacta
2669 1077 2816 1124 suut.
2873 1070 3034 1126 Venit
3077 1069 3225 1125 enim

1649 1157 1740 1227 qui
1791 1158 2137 1228 contingeret
2188 1174 2286 1213 sua
2325 1179 2339 1215 :
2388 1160 2535 1214 venit
2588 1162 2679 1231 qui
2728 1160 2926 1216 malum
2956 1176 3227 1217 venenum

1650 1248 1891 1303 auferret
1932 1264 1948 1302 ε
1990 1251 2140 1305 venit
2184 1252 2357 1320 ipsius
2413 1254 2540 1307 vitae
2593 1255 2952 1310 medicamen.
2982 1254 3228 1311 Mortuus

1647 1348 1730 1395 est
1762 1339 2116 1395 utoccideret
2163 1351 2396 1396 mortem
2425 1360 2440 1398 ε
2467 1346 2863 1401 condemnatus
2887 1356 2971 1402 est
3004 1356 3062 1399 ιιι
3090 1358 3228 1400 con·

1649 1432 1936 1487 detnuaret
1961 1431 2355 1500 corruptelam.
2383 1433 2693 1492 Coronatus
2719 1447 2803 1492 est
2830 1437 3019 1506 spinis,
3042 1445 3101 1491 ut
3124 1449 3227 1492 nos

1649 1536 1755 1577 non
1809 1522 2137 1579 haberemus
2186 1525 2375 1594 spinas
2411 1542 2426 1579 ε
2466 1527 2706 1595 suscepit
2757 1527 3099 1582 maledictum
3131 1540 3229 1596 per

1649 1627 1888 1679 crucem,
1932 1624 1990 1669 ut
2023 1630 2125 1672 nos
2169 1618 2571 1685 susciperemus
2605 1619 3036 1673 benedictionem
3073 1635 3228 1673 mun-

1650 1703 1794 1759 dam.
1827 1703 1945 1760 Non
1976 1720 2198 1776 possum
2226 1708 2409 1763 dicere
2430 1718 2691 1779 quantum
2720 1710 2891 1778 sapio.
2927 1708 3041 1763 Nou
3093 1723 3217 1778 pos-

1650 1811 1771 1855 sum
1821 1812 2016 1868 sapere
2073 1811 2335 1869 quantum
2404 1802 2660 1871 possibile
2709 1811 2812 1857 est.
2880 1800 2936 1857 Si
2992 1814 3225 1871 sapuero

319 1914 375 1953 ιω
407 1908 555 1952 recte
586 1898 866 1951 dicuntur.
906 1892 1116 1961 Quanta
1158 1906 1292 1947 sane
1327 1888 1545 1945 miseri·
1576 1907 1620 1963 B
1649 1896 1917 1957 quantum
1973 1889 2232 1959 possibile
2279 1898 2396 1957 est,
2454 1907 2559 1947 nou
2621 1893 2879 1963 pervenio
2932 1902 2990 1947 ut
3047 1892 3225 1947 dicans

344 1991 479 2045 Dei?
519 1990 704 2060 genuit
753 1988 973 2054 Filium,
1017 1986 1143 2057 quia
1187 1985 1363 2040 bonus
1404 1991 1489 2037 est
1525 1999 1541 2037 t

319 2098 472 2139 versa
525 2099 621 2152 per
671 2080 869 2152 ipsum,
914 2081 1041 2150 quia
1092 2074 1408 2133 benefactor
1435 2082 1542 2131 εει.

319 2187 371 2231 ει
402 2191 504 2228 non
531 2174 802 2245 despexit,
826 2172 1134 2229 cecidimus
1163 2178 1219 2225 ει
1243 2184 1347 2223 non
1390 2180 1544 2237 spre-

319 2271 387 2325 sit
425 2267 619 2322 Filium
667 2281 826 2323 suum
865 2265 1233 2328 obedientem,
1269 2270 1327 2315 ut
1370 2258 1547 2316 salva-

319 2376 384 2415 =m
417 2357 838 2415 inobedientem.
880 2356 1025 2411 Misit
1070 2355 1187 2411 sine
1218 2361 1461 2423 peccato,
1487 2359 1549 2406 ut

319 2466 415 2504 zum
446 2449 536 2519 qui
563 2455 929 2521 peccaverat:
969 2445 1117 2501 misit
1152 2429 1350 2500 Filium
1387 2457 1546 2498 suum

318 2541 534 2613 placita,
586 2549 644 2595 ut
673 2540 914 2595 salvaret
946 2551 1162 2593 servum
1191 2533 1416 2592 obedire
1450 2548 1548 2587 no·

319 2633 386 2689 sit
421 2630 710 2703 justitiam,
758 2638 816 2684 ut
849 2628 1161 2685 auferretur
1202 2637 1490 2698 peccatum
1527 2643 1543 2682 ε

319 2742 352 2787 ι.
383 2734 441 2779 ιιι
470 2738 616 2780 mors
657 2731 985 2778 moreretur.
1024 2718 1171 2775 Misit
1202 2719 1291 2789 qui
1327 2734 1357 2773 a
1383 2732 1468 2784 se,
1491 2726 1550 2773 ut

319 2817 437 2888 ·qui
464 2824 621 2871 eraut
650 2829 718 2870 ex
747 2813 987 2868 homine.
1020 2810 1165 2867 Misit
1202 2824 1326 2866 eum
1353 2810 1446 2880 qui
1479 2823 1547 2864 ex

1651 1990 1888 2051 quantus
1916 1990 2023 2037 est.
2051 1982 2439 2037 luenarrabilis
2468 1984 2613 2038 enim
2661 1993 2716 2038 et
2762 1984 3227 2054 incompreheusi-

1650 2074 1778 2151 bilis
1802 2072 1965 2128 Pater
1990 2082 2099 2130 est.
2124 2070 2273 2129 Talis
2299 2084 2483 2129 autem
2510 2086 2565 2130 et
2612 2074 2782 2130 Filius
2813 2077 2980 2145 ipsius
3022 2077 3223 2132 Patris.

1652 2165 1711 2221 Si
1736 2165 1882 2221 enim
1920 2164 1990 2220 ob
2020 2165 2102 2219 sui
2134 2165 2563 2221 misericordiam
2596 2181 2692 2221 nos
2718 2170 3031 2238 assumpsit,
3080 2167 3223 2224 inte-

1654 2253 1853 2308 rimere
1883 2267 2007 2306 enm
2034 2251 2292 2308 debemus
2315 2254 2406 2325 qui
2433 2270 2529 2309 nos
2559 2254 2775 2310 salvat?
2801 2257 3068 2328 quidhoc
3095 2259 3224 2314 mali

1651 2356 1736 2401 est
1768 2345 1840 2399 ita
1891 2344 2139 2400 homiues
2172 2344 2239 2401 de
2267 2344 2405 2399 Filio
2434 2346 2676 2402 sentire?
2731 2346 2946 2404 Maneat
2980 2358 3038 2402 ut
3083 2359 3220 2416 erat,

1652 2444 1710 2491 ει
1753 2435 1806 2489 in
1851 2447 2081 2501 corpore
2114 2443 2167 2488 et
2204 2434 2257 2486 in
2290 2434 2557 2504 praesepio
2600 2452 2616 2490 t
2654 2425 3036 2492 nibil·'hutnile
3066 2437 3132 2493 de
3158 2453 3225 2495 eo

1653 2525 1881 2592 sentias,
1909 2525 1999 2595 qui
2038 2532 2090 2579 ιε
2116 2523 2396 2591 exaltavit,
2440 2523 2573 2579 nibil
2604 2503 2875 2614 abpc‘tum
2914 2536 3008 2581 aut
3037 2528 3226 2585 incon·

1654 2652 1872 2708 gruum.
1903 2634 2022 2691 Noli
2052 2648 2311 2705 spernere
2341 2625 2885 2691 salvatorem'tuum.
2916 2634 2971 2692 Si
3003 2637 3224 2708 quidem

1653 2730 1867 2786 etiamsi
1898 2729 2063 2783 verbo
2106 2744 2230 2782 eum
2278 2712 2859 2812 bsstitiliare³‘volueris,
2892 2740 3083 2784 natura
3116 2747 3225 2786 nou

1657 2819 1866 2877 transle
1922 2836 1987 2874 ur
2015 2821 2088 2900 ad
2123 2817 2277 2873 'tuam
2327 2817 2587 2889 linguam.
2637 2819 2694 2874 Si
2731 2827 2910 2874 autem
2954 2832 3008 2876 et
3058 2821 3227 2878 abne-

319 2947 324 2959 .
371 2905 711 2961 salvarentur
751 2903 788 2960 ii
834 2904 926 2974 qui
963 2915 1031 2958 ex
1060 2900 1288 2956 muliere
1331 2889 1820 2988 fueranth
1844 2923 1966 2966 mus
2062 2924 2138 2975 m,
2174 2910 2287 2978 ipse
2317 2908 2490 2965 fidelis
2520 2920 2701 2965 manet
2727 2919 2781 2965 et
2813 2927 3010 2984 negare
3036 2927 3094 2967 se
3115 2928 3224 2969 noa

320 2981 686 3071 sssiussgura
728 2997 859 3062 viti.
891 3005 948 3052 υῑ
992 2986 1298 3050 Saslffirewr
1329 2992 1421 3065 ⁴1⁸5
1453 2991 1552 3062 pe-
1655 3011 1834 3075 potest
1864 3020 1880 3060 :
1911 3003 2015 3059 boc
2040 3012 2148 3069 est,
2189 3018 2219 3055 a
2242 3003 2461 3073 propria
2498 3014 2690 3058 natura
2722 3018 2827 3061 uon
2862 3006 3089 3061 excidit.
3116 3005 3223 3063 Iste

332 3089 466 3143 Cum
516 3076 822 3143 latronibus
855 3083 1040 3156 ligitur
1077 3081 1247 3148 cruci,
1280 3090 1342 3137 ut
1387 3095 1550 3152 para·-

321 3177 566 3234 tronibus
611 3177 933 3246 aperiretur.
968 3174 1156 3247 Cogita
1206 3174 1547 3246 dignitatem,

1655 3096 1813 3153 nubis
1854 3095 2020 3152 Pater
2048 3110 2152 3151 nou
2189 3105 2346 3151 natus
2389 3104 2497 3162 est,
2526 3110 2665 3151 uuus
2706 3097 2854 3153 solus
2882 3114 2987 3154 non
3039 3109 3219 3169 natus,

1657 3202 1762 3241 non
1795 3187 1865 3241 ab
1893 3186 2021 3250 alio,
2054 3201 2153 3241 nec
2185 3199 2252 3241 ex
2281 3184 2407 3239 alio.
2453 3184 2607 3254 Saepe
2634 3185 2757 3240 dico
2797 3188 3005 3243 eadem.
3036 3189 3224 3259 Siqui-

319 3268 723 3343 ¹¹³8⁰³¹¹¹d3n⁰¹¹⁸
747 3269 954 3338 ssffflae·
973 3268 1053 3322 Me
1069 3267 1213 3322 enim
1234 3282 1297 3321 θ*
1327 3265 1553 3321 munere
1578 3262 1621 3321 C
1655 3277 1775 3333 dem
1805 3284 1860 3332 et
1883 3274 2120 3331 Joannes
2148 3276 2239 3346 qui
2270 3277 2336 3331 de
2363 3273 2503 3331 Filio
2526 3276 2668 3331 dixit
2693 3277 2749 3332 iu
2785 3278 3045 3348 principio
3082 3290 3221 3347 erat,

329 3372 401 3426 te,
446 3376 553 3415 nun
588 3374 749 3430 supra
795 3368 1046 3413 naturam
1081 3365 1184 3411 est.
1228 3354 1554 3410 Manducarc

331 3452 571 3508 dormire
596 3461 646 3506 ει
681 3465 924 3521 surgere,
942 3459 996 3503 et
1027 3448 1081 3503 iu
1113 3447 1376 3517 praesepio
1400 3444 1551 3516 poni,

324 3548 336 3600 i
376 3546 623 3602 bomiues
649 3557 711 3597 ea
732 3558 852 3614 quoe
873 3551 1002 3599 suut
1032 3542 1307 3597 bominum
1332 3539 1554 3611 patiun-

325 3650 468 3694 utem
498 3653 718 3701 novum,
740 3638 870 3706 quid
893 3634 1230 3699 admirabile,
1256 3631 1384 3703 quid
1411 3646 1551 3700 prae·

319 3733 398 3787 tid
440 3742 684 3786 nostruin
712 3729 952 3783 debitum
983 3723 1376 3796 irrepensabile
1406 3722 1555 3777 Deo?

319 3826 447 3880 Deus
478 3821 676 3878 Filium
705 3835 886 3885 suum,
919 3820 1068 3875 misit
1095 3818 1256 3873 Pater
1295 3814 1554 3886 Unigeni-

340 3933 443 3972 nou
475 3925 635 3971 natus
664 3912 1002 3985 progeniem,
1040 3910 1184 3965 misit
1211 3907 1550 3963 obedientem

319 4011 376 4064 sit
411 4009 679 4079 justitiam
722 4007 814 4077 qui
842 4005 1046 4076 genuit.
1073 4000 1185 4058 Cur
1213 3998 1398 4057 misit?
1430 4012 1554 4070 pro-

319 4111 500 4157 ·tores.
554 4097 665 4155 Cur
713 4096 904 4152 misit?
954 4103 1176 4166 propter
1226 4092 1400 4147 Adam
1459 4087 1550 4159 qui

337 4194 682 4263 contempsit.
714 4190 875 4246 Venit
903 4202 1033 4260 ergo
1069 4186 1161 4258 qui
1211 4184 1449 4242 obedivit
1484 4183 1553 4238 ad

320 4286 556 4340 idicatur
579 4283 745 4352 judex
773 4283 842 4337 ob
870 4282 1289 4337 condemnatum
1323 4293 1338 4332 ς
1376 4273 1554 4330 cruci·

330 4394 426 4447 prn
452 4387 665 4431 mortuo
697 4393 709 4429 :
733 4383 1031 4430 coronatur
1051 4370 1222 4442 spinis
1246 4364 1549 4439 gloriosus:

320 4483 406 4523 ›us
442 4468 636 4523 dulcis.
668 4463 806 4534 Quid
860 4464 1194 4519 inveniemus
1237 4459 1304 4514 ad
1356 4472 1550 4529 reprae-

324 4559 649 4631 iquotuodo
694 4574 916 4630 agemus
965 4554 1207 4628 gratias?
1237 4552 1352 4608 Non
1397 4549 1546 4608 sulli-

319 4670 357 4709 ae
387 4665 607 4717 nostrae,
625 4668 731 4708 nou
764 4650 1118 4716 ura,etiainsi
1146 4646 1350 4703 luerint
1380 4646 1543 4701 mille.

322 4762 420 4802 uus
465 4761 586 4809 ιιοε.
623 4743 904 4812 adjutores
926 4756 1254 4813 quaeramus.
1282 4738 1548 4808 Adjuveut

324 4856 339 4894 z
385 4839 664 4893 nobiscum
707 4838 939 4909 gratiam
972 4836 1199 4891 reddant
1230 4842 1288 4889 ει
1317 4836 1548 4889 archan-

319 4940 339 4984 t
383 4930 484 5002 ipsi
542 4930 832 5001 gaudeant.
886 4926 945 4984 Si
984 4926 1200 4997 quidem
1259 4934 1315 4981 et
1366 4924 1546 4979 omnis

319 5034 486 5079 »arata
525 5032 629 5080 est.
673 5022 914 5079 l'arturit
945 5022 1088 5077 enim
1129 5030 1184 5076 ει
1240 5017 1545 5091 ingemiscit

320 5126 349 5169 Ιι
381 5124 620 5171 nostram
655 5117 904 5181 salutem,
950 5124 1009 5169 ut
1038 5122 1092 5168 et
1134 5112 1249 5183 ipsa
1284 5112 1547 5166 liberetur

319 5209 572 5264 .iberatur
599 5208 744 5263 euim
772 5218 827 5263 et
864 5206 943 5262 sol
972 5221 1041 5259 ne
1067 5203 1205 5260 ultra
1244 5204 1502 5258 adoretur
1527 5220 1542 5257 z

320 5320 377 5360 ,ιε
437 5305 553 5373 ipsa
605 5303 1026 5359 calumnieturn
1077 5301 1330 5357 deitate:
1375 5299 1548 5356 stellae

323 5413 427 5452 non
457 5396 896 5452 contaminentur
938 5393 1130 5450 hostiis
1162 5412 1176 5449 ε
1210 5394 1404 5463 utiam
1438 5408 1547 5449 non

319 5501 439 5543 etur
489 5498 771 5559 argentum
825 5507 839 5544 ε
888 5503 1103 5555 aurum,
1140 5499 1198 5544 ut
1243 5505 1350 5546 uon
1397 5492 1547 5547 coin-

327 5618 461 5669 xvtt,
490 5603 544 5658 ὃ.
620 5602 710 5657 ”l
741 5603 882 5659 Tim.
901 5618 980 5671 vt,
1013 5604 1102 5661 te.

327 5716 596 5779 Constetttr
619 5729 910 5791 argentum,
935 5737 1146 5793 aarum,
1182 5732 1238 5781 ιιι
1266 5741 1370 5783 nott
1393 5728 1544 5785 coin-

1653 3382 1762 3423 non
1817 3368 2007 3435 tacuit,
2052 3366 2149 3424 sed
2195 3365 2507 3439 frequenter
2562 3368 2664 3434 ait,
2718 3367 2871 3424 Erat.
2900 3368 3038 3437 Quid
3078 3374 3223 3427 enim

1652 3456 1799 3513 aliud
1849 3467 1906 3513 et
1958 3454 2181 3513 deberet
2230 3455 2380 3513 dicit
2424 3455 2631 3514 Domus
2690 3456 2820 3513 Dei?
2863 3459 3223 3529 quodcunque

1652 3546 1953 3602 dixerimus
1982 3554 2088 3614 est,
2116 3546 2259 3616 quod
2291 3561 2399 3604 non
2432 3547 2499 3602 de
2527 3545 2669 3604 Filio
2688 3558 2771 3604 est
2799 3564 2813 3602 ε
2840 3549 3073 3604 alienum
3104 3550 3220 3623 (85)

1653 3655 1686 3695 a
1714 3640 1802 3695 die
1826 3648 1930 3695 est.
1980 3639 2218 3710 Spiritus
2260 3639 2315 3695 in
2363 3640 2543 3697 medio
2584 3630 2829 3697 no'strutn
2859 3651 2942 3698 est
2978 3659 2992 3697 ι
3037 3643 3083 3698 si
3114 3660 3221 3699 non

1653 3731 1921 3802 spiritalia
1942 3730 2105 3787 locuti
2138 3731 2424 3797 fuerimus,
2460 3733 2852 3790 contristamus
2890 3734 3137 3805 spiritum
3166 3736 3221 3791 in

1652 3838 1759 3894 quo
1810 3823 2007 3893 signati
2061 3840 2266 3881 sumus.
2324 3825 2511 3882 Gloria
2566 3825 2685 3892 Dei,
2718 3827 2922 3882 veritas
2962 3828 3082 3894 Dei,
3113 3843 3220 3883 nou

1650 3915 1848 3986 quaerit
1873 3930 1903 3969 a
1945 3925 1998 3971 ιε
2027 3916 2232 3982 laudes,
2262 3918 2357 3973 sed
2385 3933 2485 3974 nec
2511 3918 2580 3974 ab
2600 3919 2828 3991 angelis.
2867 3919 2983 3975 Non
3010 3921 3131 3977 dico
3163 3933 3223 3976 ut

1651 4021 1682 4061 a
1718 4016 1790 4072 te,
1822 4008 1916 4063 sed
1942 4008 2137 4078 quaerit
2174 4023 2205 4063 a
2256 4019 2311 4064 te
2355 4018 2414 4065 ut
2463 4025 2730 4081 agnoscas
2759 4026 2883 4067 eum
2920 4031 2936 4067 ε
2966 4017 3222 4082 prodesse

1650 4097 1796 4155 enim
1830 4098 1880 4155 ei
1912 4112 2088 4170 potes,
2121 4099 2166 4155 si
2198 4114 2322 4155 eum
2366 4104 2687 4171 agnoveris?
2735 4114 2830 4160 aut
2860 4105 3052 4163 lumini
3088 4122 3219 4179 pro·

1649 4190 1790 4257 dest,
1820 4204 1945 4247 cum
1996 4192 2183 4247 vides?
2208 4202 2268 4246 ut
2294 4193 2536 4250 dicamus
2564 4197 2692 4266 quia
2729 4206 2780 4253 et
2812 4198 2922 4253 Deo
2961 4200 3221 4270 prodesse

1649 4290 1853 4353 potest.
1906 4283 2047 4338 Deus
2090 4283 2235 4338 euim
2264 4284 2376 4339 vult
2428 4295 2481 4342 te
2508 4302 2804 4359 agnoscere
2834 4304 2914 4345 se.
2961 4290 3216 4361 Cognitio

1648 4398 1795 4453 enim
1847 4397 1940 4453 Dei
1984 4410 2187 4455 aeterna
2226 4402 2335 4456 vita
2378 4411 2495 4470 est;
2546 4417 2652 4457 non
2689 4400 2824 4470 Deo,
2868 4404 2965 4459 sed
3011 4404 3097 4459 his
3123 4407 3216 4475 qui

1649 4499 2006 4561 cognoscunt.
2057 4491 2134 4547 lta
2160 4495 2305 4549 enim
2345 4502 2401 4550 et
2436 4494 2698 4551 Dominus
2726 4498 3062 4567 pronuntiat.
3085 4496 3217 4554 Hoec

1578 4600 1625 4657 ι)
1652 4592 1727 4637 281
1754 4592 1934 4637 aulem
1963 4584 2070 4638 ”8⁰1ss
2096 4594 2315 4653 oelefnss,
2347 4593 2405 4639 ul
2431 4597 2747 4656 cognoscam
2776 4597 2823 4642 le
2846 4588 3018 4643 8018111
3040 4605 3216 4644 verunt

1650 4672 1840 4737 Deum,
1876 4688 1924 4730 et
1970 4692 2123 4745 quem
2174 4677 2367 4734 misisti
2408 4677 2593 4734 Iesum
2629 4677 2897 4735 Christum
2928 4680 2998 4737 ”.
3045 4680 3220 4736 Verus

1651 4764 1794 4822 Deus
1836 4776 1922 4823 est
1973 4767 2137 4824 Pater
2180 4768 2234 4824 in
2287 4784 2355 4826 eo
2394 4772 2539 4841 quod
2589 4787 2695 4827 nnn
2731 4781 2891 4828 natus
2916 4782 3019 4829 est.
3047 4771 3218 4830 Verus

1651 4855 1823 4915 Filius
1849 4867 1935 4916 est
1958 4863 2011 4915 in
2034 4874 2099 4915 eo
2122 4863 2265 4931 quod
2294 4872 2377 4918 est
2404 4862 2729 4934 unigenitus.
2764 4863 2879 4919 Non
2899 4865 3041 4920 enim
3067 4881 3218 4922 men-

1653 4950 1868 5006 dacium
1911 4951 2094 5018 genuit
2121 4967 2302 5007 verus.
2354 4949 2462 5009 Sed
2508 4968 2669 5009 verus
2719 4953 2884 5011 Pater
2919 4954 3059 5010 Deus
3106 4972 3214 5010 nun

1654 5051 1814 5097 natus
1846 5060 1862 5098 :
1890 5058 2047 5099 verus
2088 5041 2231 5099 Deus
2257 5043 2428 5099 Filius
2470 5045 2801 5116 unigenitus.
2839 5044 2974 5101 Nam
3004 5057 3060 5103 et
3084 5047 3216 5103 illud

1652 5131 1796 5199 quod
1844 5132 2045 5187 dictum
2093 5142 2223 5187 est:
2264 5132 2420 5188 Solus
2470 5134 2624 5188 habet
2671 5134 3119 5191 immortalitatem
3143 5135 3210 5201 '⁸,

1651 5234 1841 5277 verum
1870 5232 1971 5280 est.
1999 5227 2043 5278 A
2070 5226 2363 5294 semetipso
2394 5225 2539 5281 euim
2568 5226 2717 5282 solus
2747 5228 2927 5283 babet.
2954 5228 3058 5282 Sed
3106 5228 3213 5282 sic-

1654 5327 1715 5375 ut
1759 5315 1919 5372 Pater
1951 5317 2119 5371 vitam
2172 5317 2333 5371 babet
2359 5318 2414 5372 in
2463 5318 2752 5389 semetipso
2806 5339 2818 5374 :
2857 5320 2928 5372 ita
2972 5329 3026 5373 ει
3073 5318 3212 5373 Filio

1656 5407 1804 5466 dedit
1834 5408 1997 5464 vitam
2049 5408 2247 5465 babere
2298 5409 2351 5464 iu
2402 5410 2715 5478 semetipso.
2747 5406 2896 5464 Unius
2927 5423 3057 5479 ergo
3106 5424 3212 5463 nun

1653 5510 1836 5571 uatus,
1872 5511 1929 5556 ει
1975 5516 2113 5556 unus
2152 5500 2484 5570 unigenitus,
2527 5510 2582 5555 ει
2629 5516 2767 5557 unus
2812 5500 3047 5572 Spiritus
3083 5515 3214 5559 san·

1721 5728 1813 5790 (8⁴
1873 5726 1974 5787 Ms.
2004 5726 2070 5783 Ut
2102 5746 2205 5784 non
2236 5746 2366 5786 nune
2396 5730 2767 5786 comburatur.

1652 5841 1661 5850 -
1719 5798 1812 5861 (85
1874 5799 1920 5855 A
1941 5802 2026 5857 die
2056 5810 2156 5858 est.
2178 5798 2352 5859 Verte
2380 5818 2416 5857 a
2436 5799 2549 5855 Deo
2570 5809 2681 5855 est.
2788 5795 2798 5804 “
