3692 6134
158 198 231 259 35
1288 202 1791 264 communis
1829 207 1900 265 tu
1936 208 2274 267 PsALnos.
3334 213 3405 271 5⁴

249 312 480 383 Ὅμοιοι
507 310 710 379 αὐτοῖς
734 312 1002 382 γένοιντο
1027 316 1082 369 ol
1113 315 1431 385 ποιοῦντες
1457 319 1631 374 αὐτά.

221 404 288 458 ot
338 403 441 473 μὲν
483 402 866 474 προειρημένοι
929 404 1105 475 ὅμοιοι
1162 407 1499 479 γενήσονται,
1546 410 1580 480 ἢ
1630 410 1725 465 καὶ

149 494 409 565 γεγόνασι
439 497 550 558 τοῖς
579 494 784 548 ἑαυτῶν
815 494 958 560 θεοῖς
974 512 988 526 ·
1014 498 1063 550 οἱ
1094 497 1152 551 δὲ
1175 501 1255 564 είς
1282 499 1374 554 τὸν
1398 501 1594 575 κλῆρον
1619 519 1725 556 πα-

153 583 514 657 ραληφθέντες
541 584 636 638 τοῦ
670 584 828 649 Θεοῦ,
854 585 949 641 καὶ
969 585 1100 652 λαὸς
1136 588 1303 643 αὐτοῦ
1346 592 1720 664 χρηματίσαν-

151 693 266 739 τες,
296 677 698 747 Εὐλογήσατε,
724 679 878 750 φησὶ,
901 679 1008 734 τὸν
1021 681 1262 748 Κύριον.
1278 683 1552 737 τουτέστιν
1573 686 1723 739 ἀνευ-

154 769 457 839 φημὴσατε,
494 769 563 823 τά
605 770 812 841 μεγάλα
842 771 1063 835 ἑαυτοὺς
1086 771 1444 842 ὠφελοῦντες·
1473 775 1720 831 καλεῖται

151 859 208 912 δὲ
223 857 429 930 πρῶτον
445 860 537 913 ἐπὶ
550 859 649 932 τὴν
671 862 919 933 εὐλογίαν
941 867 971 919 6
986 863 1085 938 (9·)
1102 866 1238 922 Θεοῦ
1252 867 1433 934 λαδς,ὁ
1450 870 1613 924 καλού
1621 888 1718 943 με-

150 966 234 1014 νος
261 945 406 1015 οἶκος
453 952 690 1025 Ἰσραὴλ,
742 954 803 1007 τὸ
834 955 1171 1029 emesenae<
1208 960 1393 1031 τάγμα
1435 960 1533 1016 τοῦ
1582 962 1718 1034 πλη·

146 1041 264 1106 θους
284 1057 298 1072 ·
323 1041 574 1116 δεύτερον
612 1045 668 1098 δὲ
695 1046 838 1101 κατὰ
867 1048 1134 1104 ἀνάδασιν
1153 1052 1248 1105 καὶ
1272 1052 1544 1125 ὑπεροχὴν
1568 1050 1716 1119 οἰκος

153 1133 361 1207 Ἀαρών
380 1152 395 1166 ·
424 1137 519 1191 καὶ
556 1137 740 1209 τρίτον
770 1140 802 1211 ἡ
836 1139 976 1213 φυλὴ
1008 1144 1157 1195 πᾶσα
1188 1145 1220 1216 ἡ
1248 1144 1494 1218 ἱερατικὴ
1518 1146 1713 1201 καλου-

139 1224 273 1299 μένη
299 1221 447 1291 οἶκος
486 1228 648 1282 Λευῖ·
695 1230 790 1285 καὶ
832 1232 969 1302 μετὰ
1010 1234 1218 1299 πάντας
1247 1235 1502 1307 ἀνωτέρω
1531 1239 1579 1290 οί
1613 1254 1709 1308 φο-

133 1316 388 1390 δούμενοι
426 1320 516 1374 τὸν
540 1320 779 1394 Κύριον·
813 1318 956 1378 οὗτοι
983 1324 1041 1378 δὲ
1073 1320 1215 1397 ἦσαν
1252 1328 1388 1399 πρὸς
1409 1327 1502 1393 οὓς
1528 1329 1558 1381 6
1601 1331 1709 1395 πᾶς

132 1408 304 1482 ὕμνος
347 1412 826 1487 προσπεφώνηται·
878 1417 928 1470 oi
967 1416 1031 1489 δὴ
1077 1418 1136 1472 ὲν
1180 1418 1321 1494 ἀρχῇ
1366 1419 1461 1474 τοῦ
1506 1420 1708 1486 παντὸς

130 1499 348 1572 ψαλμοῦ
368 1502 746 1575 ὠνομασμένοι
764 1504 958 1573 δοῦλοι,
980 1507 1179 1580 δηλαδὴ
1194 1510 1244 1563 οἱ
1269 1510 1329 1577 ἐξ
1356 1509 1524 1565 ἐθνῶν
1538 1528 1708 1584 προσ-

136 1592 307 1657 ιόντες
345 1596 413 1666 τῇ
461 1596 661 1650 πίστει.
700 1598 761 1651 El
817 1600 924 1674 γὰρ
979 1600 1044 1654 τὸ
1081 1603 1190 1656 πᾶν
1245 1602 1511 1658 Ἰουδαίων
1555 1604 1706 1669 ἔθνος

131 1687 516 1761 περιείληπται
552 1689 640 1745 διὰ
682 1690 790 1745 τῶν
829 1693 1136 1765 εἰρημένων
1179 1694 1348 1768 τριῶν
1389 1670 1780 1767 ταγμάτων,Β

127 1778 224 1832 τοῦ
267 1795 328 1833 τε
379 1780 612 1853 Ἰσραὴλ,
655 1781 750 1835 καὶ
789 1781 884 1836 τοῦ
929 1782 1081 1837 οἴκου
1140 1783 1372 1857 Ἀαρὼν,
1412 1787 1507 1840 καὶ
1555 1786 1706 1841 οίκου

128 1872 284 1939 Aeol,
318 1874 497 1945 ἕτεροι
527 1875 676 1948 παρὰ
698 1876 919 1943 τούτους
943 1879 1089 1944 τίνες
1114 1879 1180 1933 ἂν
1218 1875 1331 1935 εἷεν
1358 1882 1408 1934 οἱ
1441 1881 1709 1953 φοδούμε-

118 1982 210 2020 νοι
237 1966 330 2020 τὸν
366 1966 591 2039 Κύριον,
623 1970 671 2021 εί
711 1970 785 2041 μὴ
825 1969 886 2035 ἐξ
919 1969 1090 2025 ἐθνῶν
1120 1970 1199 2042 τῷ
1239 1968 1333 2026 τοῦ
1384 1971 1520 2027 Θεοῦ
1565 1973 1708 2047 λόγῳ

73 2127 87 2136 ·
126 2055 628 2129 προσεληλυθότεςς
655 2060 704 2113 οἳ
738 2060 833 2113 καὶ
867 2060 1211 2115 διδάσκονται
1234 2061 1494 2131 εύλογείν·
1516 2067 1709 2120 Εὐλο-

122 2143 311 2216 γητὸς
328 2147 547 2214 Κύριος
571 2147 639 2201 ὲκ
660 2147 835 2213 Σιὼν,
853 2151 886 2202 ὀ
913 2149 1204 2204 κατοικῶν
1231 2151 1645 2223 Ἰερουσαλὴμ,
1671 2155 1704 2227 ἢ

127 2238 230 2310 τὴν
267 2239 354 2293 ἀεὶ
407 2239 673 2312 μένουσαν
718 2241 813 2296 τοῦ
847 2243 981 2297 Θεοῦ
1031 2246 1203 2311 πόλιν,
1245 2248 1303 2300 ὲν
1349 2243 1382 2323 ᾖ
1420 2250 1481 2303 τὸ
1507 2250 1705 2324 ἀληθὲς

128 2334 299 2385 νοοῖτο
334 2331 401 2386 ἂν
426 2335 842 2406 κατοικητήριον
873 2334 966 2389 τοῦ
995 2336 1130 2391 Θεοῦ
1158 2337 1289 2410 (10).
1312 2359 1316 2365 ·

653 2427 942 2481 ΨΑΛΜΟΣ
990 2430 1157 2485 ΡΛΕ’.

306 2515 391 2583 Τῷ
414 2517 735 2587 ποιήσαντι
765 2519 1070 2589 θαυμάσια
1089 2521 1326 2593 μεγάλα
1337 2525 1524 2595 μόνῳ.

191 2607 514 2682 Θαυμαστὸν
553 2610 611 2665 δὲ
649 2611 743 2665 καὶ
772 2611 910 2683 πρὸς
935 2611 1099 2679 λέξιν,
1129 2616 1179 2667 εί
1212 2616 1442 2688 οὐρανὸς
1477 2617 1577 2689 μὲν
1601 2617 1697 2673 καὶ

120 2700 254 2774 μόνῃ
270 2699 370 2773 θέᾳ
395 2702 495 2773 τὴν
517 2702 708 2773 σοφίαν
734 2701 928 2775 δηλοῦν
948 2703 1042 2759 τοῦ
1061 2705 1169 2777 (to)
1199 2706 1355 2773 Θεοῦ,
1386 2708 1608 2780 μεγέθει
1634 2727 1696 2764 τε

110 2792 210 2847 καὶ
239 2792 427 2847 κάλλει
452 2793 548 2848 καὶ
572 2794 912 2868 πολυχρονίῳ
942 2800 1077 2869 μονῇ
1097 2813 1112 2827 ·
1142 2798 1212 2870 γῆ
1256 2798 1316 2856 δὲ
1357 2800 1696 2872 πανταχόθεν

115 2884 550 2958 περικλυζομένη
592 2889 707 2951 τοίς
748 2886 906 2941 ὕδασι
953 2888 1050 2943 καὶ
1099 2889 1360 2945 σύστασιν
1401 2892 1503 2965 τὴν
1557 2894 1696 2948 ίδίαν

113 2975 484 3043 φυλάττουσαν
500 2991 513 3005 ·
541 2978 678 3030 πᾶσι
698 2976 756 3031 δὲ
774 2975 865 3030 τὸν
885 2976 1103 3034 αἰώνιον
1125 2978 1274 3034 ἔλεον
1295 2982 1325 3034 6
1352 2981 1694 3054 μελογράφος
1719 3010 1764 3068 C

116 3065 450 3133 συνέζευξεν,
475 3066 665 3139 ἐπειδὴ
692 3067 755 3121 οὐ
777 3066 866 3122 διὰ
889 3070 1080 3140 χρείαν
1100 3070 1307 3125 οἰκείαν
1326 3075 1356 3127 6
1377 3072 1530 3140 Θεὸς,
1556 3074 1694 3136 ἀλλὰ

111 3155 206 3209 διά
238 3156 404 3228 μόνην
431 3156 840 3230 φιλανθρωπίαν
863 3159 1291 3235 ἐδημιούργησεν
1316 3165 1549 3220 ἅπαντα.

511 3356 594 3424 Τῷ
619 3357 954 3424 πατάξαντι
983 3360 1308 3431 Αἴγυπτον.

189 3448 254 3502 El
288 3447 363 3521 μὴ
393 3448 667 3516 πέπεισαι,
708 3453 862 3522 φησὶ,
899 3452 1129 3526 προνοίᾳ
1166 3453 1303 3509 Θεοῦ
1340 3458 1434 3512 καὶ
1467 3457 1692 3531 δυνάμει

116 3541 210 3596 τὸν
234 3542 526 3613 σύμπαντα
559 3543 760 3614 κόσμον
791 3544 884 3598 καὶ
906 3542 976 3598 τὰ
1008 3544 1198 3599 τούτου
1226 3547 1368 3620 μέρη
1404 3548 1694 3624 διακυὸερ-

119 3633 333 3697 vivom,
369 3633 428 3686 ὲν
457 3634 744 3706 ἀμφιδόλῳ
772 3635 831 3690 δὲ
853 3636 996 3707 ἔχεις
1035 3639 1110 3710 μή
1140 3656 1217 3711 πη
1246 3640 1317 3695 τὰ
1353 3641 1495 3697 κατὰ
1525 3644 1692 3717 μέρος
1728 3701 1733 3705 ,

110 3726 212 3781 καὶ
242 3726 311 3781 τὰ
339 3726 654 3801 ἀνθρώπινα
697 3730 1001 3800 παρορᾶται
1035 3730 1128 3784 ὑπ’
1165 3731 1354 3797 αὐτοῦ,
1386 3734 1578 3803 γνῶθι,
1608 3738 1691 3792 ὅτι

106 3817 340 3872 καὶτῶν
366 3820 458 3873 ἐπὶ
485 3820 590 3892 γῆς
622 3819 721 3891 οὐχ
743 3816 903 3893 ἦττον
939 3822 973 3893 ἢ
999 3821 1109 3877 τῶν
1140 3825 1262 3878 κατ’
1301 3826 1530 3898 οὐρανὸν
1557 3845 1691 3901 προ-

113 3917 230 3968 νοεῖ
249 3931 264 3945 ·
299 3914 619 3986 μετέρχεται
649 3916 779 3986 γοῦν
813 3915 953 3971 κατὰ
982 3917 1204 3988 χρόνους
1237 3918 1346 3972 τῶν
1387 3917 1689 3991 ἀνθρώπιον

111 4003 237 4058 καθ’
262 4003 566 4078 ύπερδολὴν
588 4006 781 4071 ἀθέους
805 4008 902 4062 καὶ
925 4008 1162 4075 ἀσεδεὶς,
1190 4008 1382 4083 ὥσπερ
1410 4010 1540 4064 ποτὲ
1563 4012 1688 4077 τοὺς

106 4094 440 4164 Αἰγυπτίους
465 4095 751 4167 μετῆλθεν,
782 4099 876 4151 καὶ
904 4098 1073 4170 αὐτὴν
1096 4098 1528 4171 τὴν·Δίγυπτίαν
1551 4101 1685 4173 γῆν.

109 4187 444 4260 Προῒπαται
488 4187 546 4241 δὲ
593 4189 755 4244 πάλιν
783 4189 877 4244 καὶ
906 4190 1219 4262 ὑπερμαχεῖ
1256 4190 1367 4244 τῶν
1399 4190 1684 4260 θεοφιλῶν,

110 4279 209 4332 καὶ
234 4278 295 4332 ού
324 4279 499 4350 μόνων
521 4280 721 4345 αὐτῶν,
748 4280 886 4336 ἀλλὰ
906 4283 1000 4336 καὶ
1023 4280 1132 4336 τῶν
1153 4282 1360 4338 τούτων
1380 4284 1683 4353 ἀπογόνων,

1756 329 1808 388 Α
1978 323 2142 379 Vens.
2175 324 2263 379 ¹8.
2303 321 2515 379 Similes
2546 322 2654 379 illis
2686 324 2819 394 fiant
2850 325 2942 395 qui
2970 324 3173 395 faciunt
3203 341 3287 382 ea.

1897 414 2145 472 Praedicti
2178 416 2477 473 idololatrae
2525 417 2733 472 similes
2781 416 2933 482 fient,
2983 418 3072 473 vel
3111 419 3226 489 jam
3276 427 3405 475 sunt

1824 507 1976 571 sacti,
2009 508 2115 563 diis
2142 508 2279 563 suis.
2316 507 2487 563 Secus
2526 523 2677 574 vero,
2712 508 2804 577 qui
2846 508 2901 563 in
2945 520 3145 563 sortem
3174 507 3269 564 Dei
3310 523 3402 563 as-

1821 597 2023 665 sumpti
2050 598 2208 661 estiS,
2238 606 2297 652 et
2320 596 2548 668 populus
2576 598 2694 668 ejus
2720 595 3040 661 censemini,
3070 592 3395 659 Benedicite,

1821 687 2020 756 inquit,
2049 687 2317 753 Domino‚·
2353 690 2527 766 idest,
2552 686 2876 751 collaudate,
2918 700 3023 741 non
3060 685 3180 741 sine
3201 699 3397 754 magua

1820 776 2055 833 utilitate
2084 790 2289 834 vestra.
2319 778 2537 835 Primus
2564 789 2741 834 autem
2771 780 2837 833 ad
2871 776 3198 832 laudandum
3235 790 3398 831 voca-

1820 877 1909 923 tur
1942 868 2036 924 Dei
2080 869 2329 940 populus,
2364 870 2456 938 qui
2502 871 2695 926 dicitur
2720 870 2914 927 domus
2954 868 3171 924 Israelis
3194 907 3212 935 ,
3256 868 3393 922 ordo

1817 961 2045 1016 inferior
2070 961 2262 1028 plebis.
2310 961 2562 1017 Secundo
2594 961 2734 1027 loco,
2772 961 2847 1016 uti
2888 960 3087 1031 gradus
3123 956 3394 1015 excelsior

1815 1063 1870 1109 et
1894 1055 2160 1120 eminens,
2196 1056 2389 1110 domus
2416 1055 2665 1110 Aaronis.
2694 1053 2881 1109 Tertio
2902 1049 3251 1107 sacerdotalis
3272 1048 3393 1102 uui-

1813 1161 1969 1202 versa
1994 1146 2187 1202 domus
2204 1146 2356 1203 Levi.
2384 1146 2664 1202 Postremo
2684 1146 2915 1215 denique
2937 1155 3188 1213 tanquam
3215 1140 3389 1197 omui-

1812 1236 1912 1292 bus
1943 1239 2284 1294 sublimiores
2308 1239 2400 1309 qui
2431 1241 2619 1293 timent
2639 1238 2947 1293 Dominum.
2984 1236 3047 1292 ili
3080 1245 3226 1301 suut,
3249 1248 3388 1304 quos

1811 1328 2095 1384 universus
2120 1330 2351 1399 hymnus
2371 1329 2679 1397 alloquitur.
2707 1328 2807 1395 Qui
2835 1338 3015 1383 autem
3043 1327 3195 1382 initio
3223 1325 3387 1381 totius

1809 1420 1998 1489 psalmi
2027 1420 2370 1490 appellantur
2398 1425 2566 1488 servi,
2603 1420 2639 1474 ii
2674 1428 2801 1473 sunt
2827 1418 2917 1488 qui
2952 1434 3018 1473 ex
3055 1416 3287 1472 ethnicis
3317 1416 3386 1470 ad

1808 1512 1966 1566 tidem
2000 1522 2368 1570 accesserunt.
2396 1510 2527 1567 Nam
2555 1513 2602 1568 si
2625 1513 2873 1568 universa
2896 1509 3204 1566 ludaeorum
3238 1508 3387 1563 natio

1807 1605 2082 1669 praedictis
2116 1604 2289 1660 trihus
2317 1605 2598 1661 ordinibus
2641 1602 3136 1675 comprehenditur,
3170 1600 3386 1656 lsraelis

1809 1694 2080 1762 videlicet,
2119 1706 2178 1753 et
2215 1696 2542 1752 familiarum
2598 1698 2831 1753 Aaronis
2877 1711 2941 1751 ac
2970 1695 3141 1762 Levi3
3188 1693 3382 1762 reliqui

1808 1801 1920 1858 prae
1959 1788 2043 1843 his
2077 1790 2329 1851 timentes
2361 1788 2667 1854 Dominum,
2700 1790 2918 1859 quinam
2946 1797 3107 1844 erunt
3142 1787 3246 1842 nisi
3286 1788 3379 1856 qui

1807 1895 1874 1936 ex
1932 1883 2166 1938 ethnicis
2218 1883 2286 1938 ad
2337 1882 2433 1938 Dei
2492 1883 2789 1938 doctrinam
2846 1880 3231 1937 accesserunt?
3284 1879 3380 1947 qui

1807 1974 1972 2029 etiam
2005 1975 2269 2029 docentur
2296 1974 2375 2029 sic.
2399 1975 2718 2029 benedicere
2746 1992 2759 2028 ι
2792 1972 3100 2028 Benedictus
3122 1971 3379 2027 Dominus

1806 2079 1874 2118 ex
1912 2063 2073 2127 Sion,
2126 2065 2218 2135 qui
2262 2064 2464 2117 habitat
2518 2061 2814 2118 Jerusalem
2839 2102 2857 2128 ,
2917 2064 3032 2118 sive
3076 2071 3377 2118 manentem

1807 2168 2018 2224 semper
2053 2154 2148 2210 Dei
2178 2156 2487 2220 civitatem,
2519 2156 2573 2209 in
2613 2170 2721 2224 qua
2764 2169 2891 2209 vera
2930 2154 3023 2209 Dei
3064 2152 3380 2225 intelligitur

1805 2244 2090 2303 hahitatio.

2283 2423 2606 2481 PSALMUS
2645 2421 2907 2482 CXXXV.

1925 2515 2089 2571 Vsus.
2112 2514 2168 2570 4.
2204 2512 2273 2569 Er·
2292 2517 2382 2586 qni
2404 2515 2535 2586 [neit
2565 2518 2833 2571 mirabilia
2858 2532 3049 2588 muqna
3075 2514 3243 2574 sotus.

1872 2604 2014 2662 Sane
2057 2607 2126 2661 ad
2173 2606 2409 2662 litteram
2461 2608 2706 2664 mirabile
2753 2617 2873 2675 est,
2939 2607 3370 2679 quandoquidem

1797 2697 1995 2754 coelutn
2015 2699 2153 2755 ‘solo
2192 2699 2387 2756 intuitu
2430 2702 2749 2770 sapientiam
2783 2702 2875 2757 Dei
2906 2700 3276 2772 magnitudine
3306 2716 3374 2758 ac

1797 2791 2201 2860 pulchritudine
2234 2808 2357 2858 sua,
2393 2803 2448 2848 et
2486 2804 2594 2847 tam
2628 2793 2864 2863 spatiosa
2896 2794 3114 2849 aevitste
3144 2794 3371 2872 demon-

1795 2890 1935 2938 strat
1970 2899 1989 2940 ι
2031 2891 2178 2939 terra
2232 2895 2411 2939 autem
2458 2884 2782 2939 alluentihus
2837 2886 3075 2954 undique
3117 2884 3372 2944 metibus

1797 2976 2106 3032 firmitatem
2156 2991 2307 3032 suam
2365 2976 2626 3033 retinens.
2678 2976 2773 3032 llis
2812 2977 3062 3033 omnibus
3109 2986 3368 3033 aeternam

1797 3068 2223 3125 misericordiam
2269 3069 2515 3125 melodus
2557 3069 2839 3134 innexuit,
2891 3069 3155 3138 siquidem
3226 3069 3370 3124 haud

1794 3159 1868 3213 ob
1895 3158 2126 3229 aliquem
2173 3175 2331 3215 suum
2380 3174 2534 3214 usum
2563 3158 2745 3225 Deus,
2787 3160 2883 3218 sed
2923 3161 2996 3216 oh
3032 3158 3199 3216 solam
3236 3174 3369 3233 erga

1797 3248 2047 3305 homines
2082 3249 2468 3319 benignitatem
2496 3250 2678 3305 omnia
2719 3248 2948 3305 creavit.

2056 3361 2224 3419 Vens.
2254 3364 2343 3420 10.
2380 3363 2484 3429 Qui
2511 3364 2767 3433 percussit
2789 3362 3104 3435 AE'qyptum.

1866 3450 1924 3508 Si
1966 3451 2109 3509 sorte
2153 3455 2296 3508 haud
2329 3455 2526 3521 credis,
2558 3456 2753 3527 inquit,
2783 3456 2875 3511 Dei
2915 3453 3247 3525 providentia
3300 3470 3366 3511 ac

1793 3544 1992 3600 virtute
2033 3546 2348 3601 universum
2399 3547 2656 3601 mundum
2688 3546 2911 3615 ejusque
2957 3557 3137 3616 partes
3164 3547 3362 3617 guber-

1793 3637 1946 3701 nari,
1994 3637 2321 3706 dubitasque
2365 3652 2454 3692 res
2504 3636 2816 3708 singillatim
2869 3639 3135 3692 humanas
3182 3637 3252 3692 ah
3297 3653 3366 3692 eo

1791 3724 2025 3782 fortasse
2069 3727 2285 3797 negligi,
2329 3727 2490 3781 velim
2537 3728 2700 3794 sciaS,
2747 3727 2923 3796 ipsum
2961 3742 3049 3782 res
3087 3728 3229 3782 haud
3260 3729 3361 3782 mi·

1790 3833 1893 3875 nus
1920 3830 2164 3874 terrenas
2194 3834 2351 3889 quam
2385 3818 2633 3876 coelestes
2669 3834 2881 3876 curare.
2912 3819 3051 3890 Ergo
3083 3820 3363 3890 persequi·

1789 3919 1899 3977 tur,
1926 3912 2257 3980 temporibus
2284 3912 2512 3988 idoneis,
2542 3912 2788 3967 homines
2809 3914 3109 3981 praesertim
3138 3914 3361 3984 insigni·

1790 4012 1876 4057 tet·
1908 4002 2241 4073 irreligiosos
2267 4013 2345 4057 ·et
2397 4002 2626 4071 impios;
2668 4002 2827 4057 sicuti
2868 4002 3161 4072 aliquando
3194 4004 3363 4076 AEgy·

1787 4095 1916 4165 ptiis
1948 4107 2243 4163 eorumque
2290 4095 2493 4163 regioni
2542 4094 2803 4148 incubuit.
2838 4092 3083 4166 Protegit
3118 4094 3358 4151 vicissim

1788 4198 1950 4258 atque
1986 4184 2226 4241 defendit
2269 4185 2497 4240 dilectos
2542 4200 2699 4249 suos,
2759 4199 2935 4255 neque
2984 4186 3083 4240 hos
3129 4196 3359 4253 tantum,

1787 4291 1974 4331 verum
2002 4276 2167 4330 etium
2203 4275 2440 4345 ipsorum
2490 4284 2770 4343 posteros:
2820 4275 2976 4329 sicuti
3010 4288 3199 4345 reapse
3229 4274 3362 4333 fecit

103 4368 302 4443 ὥσπερ
340 4370 450 4424 τῶν
486 4371 575 4426 διὰ
603 4373 883 4438 Μωῦσέως
928 4372 1386 4447 ὴλευθερωμένων
1416 4375 1538 4429 τότε
1581 4375 1686 4447 τῆς
1715 4367 1760 4423 D
1787 4369 1988 4440 ereptis
2018 4376 2146 4423 tunc
2174 4382 2272 4437 per
2292 4366 2528 4440 Moysem
2560 4366 2628 4421 ab
2650 4364 3026 4439 AEgyptiorum
3056 4369 3355 4435 servitut03

109 4462 244 4535 παρ’
272 4463 588 4533 Αἰγυπτίοις
624 4464 888 4530 δουλείας,
924 4464 1019 4530 οὒς
1056 4464 1428 4538 ἠλευθέρωσεν
1469 4466 1632 4530 αὐτὸς
1656 4466 1687 4521 6

107 4554 206 4608 ἐπὶ
234 4554 452 4609 πάντων
475 4553 628 4619 Θεὸς,
649 4556 750 4609 οὐκ
779 4556 954 4619 ἄλλως
984 4556 1017 4626 ἢ
1051 4558 1394 4640 ἐκτεταμένη
1421 4558 1566 4631 χειρὶ
1590 4558 1685 4611 καὶ

109 4645 321 4717 ἰσχυρῷ
357 4645 602 4718 βραχίονι
644 4647 1014 4719 χρησάμενος·
1042 4649 1126 4721 εἴη
1155 4647 1201 4703 δ’
1229 4648 1297 4706 ἂν
1327 4642 1482 4715 οὗτος
1517 4649 1547 4702 6
1587 4648 1683 4703 τοῦ

179 4781 285 4852 (9·)
332 4783 496 4838 Deest
527 4783 642 4838 τοῦ.
683 4783 840 4840 Εοιτ.

175 4854 293 4921 (10)
334 4854 388 4908 ln
417 4854 697 4910 codicibus
721 4854 781 4908 Ι).
807 4855 846 4910 f.
880 4854 1005 4913 257.
1043 4856 1100 4920 b,
1128 4864 1184 4913 et
1205 4856 1272 4915 G.
1305 4857 1344 4913 ί.
1385 4857 1515 4923 207,
1555 4857 1677 4915 aliis

99 4924 309 4989 purtim
347 4924 522 4978 verbis
549 4924 690 4978 idem
720 4921 835 4979 sere
857 4923 1219 4992 fragmentum
1253 4927 1530 4982 scribitur.
1555 4929 1674 4982 ΕΥ-

100 4992 371 5049 ΣΕΒΙΟΥ.
397 4991 580 5047 Ταῦτα
599 4994 698 5064 μὲν
718 4993 828 5062 εἴη,
849 4995 1001 5063 φασὶ,
1017 4999 1132 5061 τοῖς
1150 4996 1363 5051 ποιοῦσι
1380 4998 1450 5052 τά
1461 4998 1671 5052 εἴδωλα·

99 5066 132 5117 ὁ
156 5063 216 5117 δὲ
249 5062 375 5127 λαὸς
401 5062 496 5117 τοῦ
527 5063 731 5135 Κυρίου
764 5065 860 5118 καὶ
896 5067 925 5119 6
955 5064 1155 5149 κλῇρος
1176 5068 1339 5121 αὐτοῦ
1358 5068 1678 5123 ἀπολαυέτω

100 5133 920 5275 ἶὲξμὲῑῖὸῗέξέἔεσῗκῖἓίίέἓᾲ
940 5151 1166 5260 ἐὶρῖῗ
1207 5133 1677 5273 3833021335’0‘3}

115 5273 333 5343 Ἀαρών
353 5290 367 5304 ·
398 5270 517 5327 εἶτα
549 5276 658 5329 τῶν
689 5276 879 5347 ἱερέων
906 5278 940 5349 ἡ
970 5278 1120 5330 πᾶσα
1199 5226 1318 5339 uix,
1346 5247 1493 5342 σ’ῐκος
1521 5279 1674 5332 Άευῖ·

101 5345 203 5397 καὶ
230 5342 446 5397 πάντων
467 5344 734 5418 ἀνώτερον
757 5348 806 5400 ol
836 5346 1000 5416 φοόού
1009 5363 1155 5419 μενοι
1173 5295 1510 5421 τὸνἸίύριον,
1539 5349 1678 5421 πρὸς

98 5412 199 5478 οὓς
230 5415 261 5466 ὁ
305 5414 410 5478 πᾶς
451 5412 616 5496 ὕμνος
660 5416 990 5489 προσπεφών
1029 5432 1150 5471 ται·
1205 5420 1301 5473 καὶ
1338 5420 1460 5473 κατ’
1504 5420 1679 5490 ἀρχΞ-ις

104 5482 413 5555 ἐρρέθησαν
433 5482 626 5548 δουλοι,
657 5486 725 5540 δι’
750 5478 828 5540 ὧν
845 5488 971 5552 τοὺς
992 5435 1064 5555 ἓξ
1113 5484 1282 5541 ἐθνῶν
1324 5489 1680 5542 πεπιστευκό-

104 5568 207 5617 τας
236 5552 530 5626 ἐδήλωσεν·
557 5555 702 5621 τίνες
736 5558 925 5641 γὰρςοί

1029 5556 1125 5611 6ού
1175 5574 1283 5612 ενοι
1316 5558 1407 5613 τὸν
1450 5558 1676 5629 Κύριον,

108 5623 259 5693 παρὰ
288 5625 357 5679 τὰ
387 5625 514 5696 τρία
540 5626 796 5698 τάγματα
816 5645 924 5682 των
1130 5575 1201 5681 Γ,

956 5630 969 5650 ’
995 5627 1124 5687 ουδα
1148 5644 1254 5696 nm
1280 5629 1418 5684 Σιὼν
1439 5628 1496 5683 δὲ
1531 5628 1678 5697 λέγει

1788 4477 1925 4534 quos
1979 4462 2091 4532 ipse
2139 4461 2438 4516 communis
2488 4459 2631 4517 Deus
2684 4459 2937 4515 liberavit
2984 4461 3126 4516 baud
3172 4461 3355 4528 aliter,

1791 4571 1952 4626 quam
2002 4568 2164 4609 manu
2213 4567 2308 4607 sua
2348 4561 2593 4616 extenta,
2631 4546 2962 4620 brachioque
3005 4551 3132 4609 forti
3177 4564 3352 4609 utens.

1788 4645 1889 4703 Est
1935 4652 2114 4701 autem
2163 4643 2266 4699 hoc
2310 4644 2486 4714 ipsum
2523 4643 2620 4698 Dei
2664 4640 2917 4711 Verbum,
2967 4657 3065 4712 per
3108 4644 3252 4713 quod
3301 4654 3359 4700 et

1786 4786 1882 4842 καὶ
1925 4785 1996 4839 Ἰε
2064 4782 2303 4855 υσαλὴμ,
2328 4784 2428 4855 τὴν
2453 4783 2540 4836 ἀεὶ
2572 4782 2841 4854 μένουσαν
2866 4781 2961 4837 τοῦ
3003 4781 3139 4837 Θεοῦ
3176 4781 3353 4846 πόλιν,

1781 4859 1840 4911 ὲν
1881 4849 1916 4929 ᾗ
1966 4801 2062 4909 ego
2072 4854 2270 4927 ἀληθὲς
2317 4856 2733 4926 κατοικητήριον
2771 4851 2866 4908 τοῦ
2903 4851 3038 4906 Θεοῦ
3061 4869 3075 4884 ·
3127 4852 3267 4908 κατὰ
3293 4852 3351 4907 δὲ

1779 4927 1984 5050 νότὸσιν,
2019 4926 2069 4980 ol
2094 4924 2387 4997 διορατικοὶ
2422 4919 2693 5011 μὲνοοῐκος
2722 4923 2817 4977 τοῦ
2854 4922 3070 4996 Ἰσραὴλ
3100 4922 3353 5005 ὀψόμενοι

1781 5014 1946 5121 ἒῦτδιν
1995 5055 2000 5060 ’
2030 4993 3355 5149 ὶκθιερρδάῗτεύθξνῗεςῗὲῐξιὲοςτξῖαίῗςώνἓαξιαξείοαίτῗύυύξ

1781 5154 1892 5193 των
1923 5136 2311 5207 ὑποδεέστερον
2336 5134 2455 5206 μὲν,
2476 5134 2966 5207 ἑξυπηρετουμενοι
3005 5132 3064 5187 δὲ
3105 5132 3182 5203 τῷ
3215 5131 3350 5203 ναῷ,

1784 5202 1933 5269 οἶκος
1958 5204 2110 5269 Λευῒ,
2134 5204 2228 5269 οὓς
2258 5205 2324 5259 ἄν
2353 5222 2438 5269 τις
2462 5205 2764 5277 νεωκόρους
2806 5202 3083 5257 καλέσειεν
3100 5218 3115 5232 ·
3159 5199 3280 5257 εἶτα
3299 5204 3349 5256 oi

1783 5276 1843 5341 ἐξ
1866 5275 2167 5346 ἀλλογενῶν
2188 5275 2337 5345 φόόῳ
2366 5274 2501 5328 Θεοῦ
2537 5274 2948 5397 πριὲιστιθέμενοι
2967 5289 2981 5302 ·
3020 5272 3218 5336 πάντες
3252 5274 3353 5343 μὲν

1781 5346 1876 5403 οὗν
1904 5344 2235 5415 εὐλογοῦσιν,
2270 5344 2547 5415 ἀναλόγως
2686 5343 2906 5397 ἕκαστοι
2925 5359 2937 5372 ·
2982 5342 3131 5413 δηλοϊ
3165 5342 3223 5396 δὲ
3257 5343 3351 5396 καὶ

1773 5420 1879 5491 ’τὴν
1893 5415 2219 5486 Ἐκκλησίαν
2260 5413 2634 5487 Ἰερουσαλὴμ.
2673 5413 2772 5486 τὴν
2800 5412 2874 5484 μὴ
2904 5412 2930 5465 ἐ
2967 5430 3131 5466 ουσαν
3161 5412 3348 5466 σπῖλον

1769 5488 1813 5560 νῆ
1845 5486 2073 5558 -ρυτίδα,
2118 5486 2217 5557 την
2269 5486 2389 5557 είρή
2462 5502 2492 5537 ν
2531 5482 2763 5556 ὁρῶσαν,
2802 5484 2869 5554 ἣν
2913 5430 3119 5553 ’ἔησοῦς
3165 5480 3348 5537 δίδωσι

1765 5538 1953 5628 ’λέγων
1973 5572 1987 5587 ·
2015 5554 2280 5624 Εἰρήνην
2302 5502 2593 5624 thynum·
2626 5553 2830 5632 δίδωμι
2852 5553 3014 5624 ὑμῖν.
3337 5570 3346 5577 ·

1853 5625 1991 5699 (¹0·)
2030 5626 2287 5696 Analoi‘aer.
2320 5626 2478 5681 Forte
2502 5623 2670 5695 δηλοῖ.
2711 5624 2867 5679 horr.
