3692 6134
870 270 1378 337 communis
1416 278 1485 338 ΙΝ
1521 279 1783 339 ΙΒΑΙΑΜ.
1825 313 1898 325 -
1933 280 2088 341 cAP.
2126 279 2293 340 xvu.
3057 278 3166 336 Μ

319 386 378 444 ’ἃ
408 390 700 462 ωνᾶφῑῑαν
744 390 924 450 πάντα
953 394 1111 466 λόγον
1139 399 1243 471 τῆς
1283 415 1501 472 προφη-
1525 404 1574 464 Δ
1601 399 1948 472 coniunctam
1978 398 2371 473 percurrimus,
2407 396 2479 454 ita
2506 406 2562 456 et
2590 398 2853 472 propbeta
2880 410 3007 456 cum
3033 411 3168 455 con-

319 497 369 554 ιν
388 481 713 555 ῑξηνίγκατο
735 501 752 518 ·
782 486 1129 560 διῃρημένοις
1151 490 1211 546 δὲ
1234 491 1498 547 καὶκατὰ
1593 490 1873 563 iunctione
1900 500 2072 549 totum
2100 490 2401 564 prophetie
2424 504 2728 548 sermonem
2757 504 2868 547 uno
2892 503 3058 546 cursu
3075 504 3167 546 ex-

319 572 502 644 φόρῠῑς
516 575 720 648 Χρόνων
745 577 1071 652 διαστήμασι
1090 596 1106 611 ·
1135 581 1499 647 ὡςτὰπάντα
1598 582 1754 650 tulit:
1793 584 1891 640 sed
1921 582 2133 640 divisim
2161 592 2218 639 et
2246 581 2545 639 secundum
2589 590 2802 652 tempus
2823 618 2841 646 ,
2883 579 3044 650 inque
3076 578 3164 635 di·

319 665 434 740 τρία
458 665 576 739 ἔτη,
598 669 657 722 ὲν
686 664 769 734 οἶς
798 669 1051 726 λέλεκται
1076 672 1225 745 αὐτῷ
1249 673 1320 729 τὰ
1352 677 1499 748 είρη·
1594 675 1772 733 versis
1819 683 2122 746 temporum
2169 673 2499 742 intervallis3
2539 673 2612 728 ita
2642 681 2702 728 ut
2745 672 2844 729 toti
2891 680 3006 728 tres
3031 669 3163 728 anui

324 773 386 812 σε
413 758 592 814 τοίνυν
625 759 696 816 τὰ
735 762 795 817 ἐν
821 764 1054 835 τρισὶνό
1102 764 1307 839 Κύριος
1348 766 1495 822 ἔτεσι
1594 765 1849 838 completi
1900 766 2013 822 sint
2036 804 2053 831 ‚
2097 765 2152 821 in
2190 763 2387 836 quibus
2435 763 2625 820 istbaec
2652 763 2796 819 dicta
2838 761 2938 834 ipsi
2981 760 3156 818 tuere.

319 851 469 924 ἠτου.
492 852 658 919 Τέλος
680 853 739 908 δὶ
764 854 878 912 τῶν
906 855 1084 926 λόγων
1106 856 1204 913 τοῦ
1248 858 1382 914 Θεοῦ
1423 855 1495 933 ἦν

319 941 654 1014 μασθήσεται
686 945 721 1017 ἡ
751 943 881 1011 δόξα
906 945 1081 1002 Mum
1101 949 1199 1005 σῦν
1229 953 1394 1007 παντὶ
1414 952 1496 1026 τῷ

319 1032 472 1107 ολλῷ.
518 1036 632 1090 Καὶ
684 1036 1171 1112 καταλειφθήσεται
1188 1041 1493 1113 ὀλιγοστὸς,

319 1144 402 1193 ος.
440 1146 461 1182 ι
504 1129 572 1184 ‘0
620 1128 687 1202 δὴ
716 1130 815 1186 tto-i.
866 1130 1001 1186 αὐτὸ
1029 1134 1169 1206 πρὸς
1208 1134 1353 1203 λέξιν
1393 1151 1495 1191 πε-

319 1217 492 1274 ·Ιστιν
521 1219 645 1292 ὄψει
672 1223 809 1277 πᾶσι
838 1222 1021 1278 λαθεῖν
1051 1225 1233 1299 ῥᾴδιον
1265 1229 1378 1293 τοῖς
1413 1230 1495 1296 είς

320 1311 721 1384 emmone.

432 1493 832 1554 KEQAAAmN
858 1501 958 1556 12⁹.

319 1581 369 1637 τὸ
395 1584 540 1641 κατὰ
563 1589 872 1662 Δαμασκοῦ.
908 1593 1041 1651 ’ἰδοὺ
1075 1597 1363 1671 Δαμασκδς
1385 1601 1486 1674 ἀρ-

340 1675 567 1736 πόλεων.
611 1697 635 1734 ι
680 1681 791 1758 Τὴν
818 1683 1140 1761 καθαίρεσιν
1188 1689 1486 1747 αἰνίττεται

319 1767 639 1842 ·δυνάμεως,
654 1765 725 1848 ῆς
744 1777 960 1849 μετεῖχε
986 1779 1251 1853 πρότερον
1268 1783 1305 1854 ἡ
1327 1782 1487 1846 πόλις
1515 1747 1561 1805 Β

322 1856 420 1928 9⁸).
438 1860 589 1934 Μόνη
602 1861 713 1938 γὰρ
740 1859 811 1938 ἦν
838 1866 964 1922 τότε
993 1867 1093 1941 τῆς
1120 1869 1321 1942 Συρίας
1344 1870 1489 1926 ἀπά-

323 1988 340 2013 ,
374 1953 542 2024 μήπω
560 1953 673 2010 τῶν
706 1957 829 2013 καθ’
852 1959 1004 2030 ἡμᾶς
1033 1960 1315 2031 ἐπιφανῶν
1338 1964 1399 2017 ὲν
1416 1965 1485 2037 τῇ

319 2057 329 2086 t
374 2042 784 2118 ὶγηγερμὶνων,
821 2049 1154 2121 Ἀντιοχείας
1191 2053 1334 2125 φημὶ
1394 2054 1491 2109 καὶ

319 2259 323 2270 .
349 2222 433 2288 είς
456 2221 668 2278 πτῶσιν
696 2226 792 2279 καὶ
810 2226 1276 2306 καταλελειμμένῃ
1298 2233 1378 2299 είς
1396 2232 1488 2288 τὸν

319 2312 432 2385 ίτην
466 2315 736 2387 ποιμνίων
762 2319 857 2373 καῖ
884 2319 1222 2378 ἀνάπαυσιν·
1257 2323 1350 2378 καὶ
1380 2324 1482 2380 οὒκ

319 2421 367 2460 ν.
394 2406 507 2461 Καὶ
531 2407 717 2464 οὐκέτι
738 2409 889 2467 ῖσται
908 2411 1082 2484 όχυρά
1103 2413 1197 2468 τοῦ
1220 2414 1486 2486 καταφεύ-

338 2515 361 2549 ι
390 2497 602 2572 Ὥσπερ
626 2503 693 2574 τῇ
719 2502 1033 2575 Βαδυλωνίᾳ
1049 2505 1118 2560 τά
1145 2505 1483 2578 ἁρμόττοντα

319 2591 427 2654 τοῖς
476 2590 793 2661 ἀλλοφύλοις
835 2596 948 2660 τοῖς
977 2593 1077 2667 τὴν
1112 2595 1480 2669 Παλαιστίνην

319 2679 581 2752 ιτάλληλα,
606 2685 674 2756 τῇ
717 2701 778 2740 τι
803 2684 979 2740 umas
1021 2686 1285 2753 ὡσαύτως
1313 2688 1480 2761 ἕτερά

319 2789 373 2827 ι·
404 2772 497 2828 τὸν
527 2774 690 2830 αὑτὸν
722 2775 921 2849 τρόπον
946 2777 1041 2831 καὶ
1069 2777 1131 2831 τὸ
1178 2780 1322 2834 κατὰ
1370 2783 1478 2835 Δα-

319 2866 489 2940 Ῑτικὸν
505 2866 658 2938 ῥῆμα
688 2867 818 2922 ἴδιόν
836 2885 892 2923 τι
917 2868 1069 2934 τέλος
1086 2870 1477 2927 ἐπελεύσεσθαι

319 2959 357 3011 l·
436 2956 767 3029 ἀρθήσεσθαί
817 2976 955 3032 φησι
1003 2959 1114 3033 γὰρ
1154 2960 1325 3035 αὐτὴν
1370 2963 1480 3017 ἀπὸ

320 3048 357 3101 ἀ
399 3048 460 3102 δὲ
504 3048 595 3102 τὸν
645 3047 990 3114 Θεοδοτίωνα,
1049 3051 1477 3123 μεταστήσεσθαί

319 3157 423 3195 ων.
453 3139 697 3195 Πὲπονθε
738 3140 798 3196 δὲ
824 3141 985 3196 τοῦτο
1016 3142 1156 3197 κατὰ
1184 3145 1311 3209 τοὺς
1354 3146 1479 3200 Ἀσ-

319 3232 396 3286 ιαὶ
425 3230 614 3304 ἐδήλου
645 3231 731 3286 διὰ
768 3232 877 3287 τῶν
899 3233 1208 3305 ἔμπροσθεν
1256 3236 1293 3307 ἡ
1343 3237 1481 3309 μετὰ

319 3321 432 3382 ,τὸν
458 3321 569 3376 τῶν
595 3322 893 3395 Ἀσσυρίων·
907 3322 1134 3394 βασιλέα
1158 3327 1481 3398 παριστῶσα

319 3413 388 3467 ,αὶ
419 3413 606 3468 ἔλαθον
630 3412 892 3488 Ἆραὸίαν
923 3416 1018 3470 καὶ
1057 3418 1347 3489 Δαμασκὸν
1384 3418 1480 3473 καὶ

319 3502 551 3575 ιτρόπον
580 3502 770 3559 ἔλαθον
794 3504 998 3571 ταύτας
1052 3506 1148 3560 καῖ
1172 3505 1353 3572 πάσας
1381 3507 1481 3573 τάς

319 3613 377 3650 ιι.
413 3615 434 3649 ι
469 3595 654 3667 Τούτῳ
687 3595 745 3650 δὲ
786 3593 865 3668 τῷ
893 3596 1036 3667 λόγῳ
1076 3598 1170 3651 καὶ
1198 3600 1232 3671 ἡ
1272 3599 1479 3671 ἱστορία

319 3704 548 3760 γραπται
569 3687 700 3758 γοῦν
721 3689 782 3744 ὲν
817 3691 885 3761 τῇ
911 3689 1149 3763 τετάρτῃ
1171 3687 1282 3744 τῶν
1318 3690 1481 3746 Βασι-

333 3777 503 3850 ἀνέόη
546 3777 792 3849 βασιλεὺς
835 3778 1129 3852 Ἀσσυρίων
1169 3781 1250 3845 είς
1294 3783 1478 3853 Δαμα-

319 3869 496 3925 ιέλαόε
528 3869 720 3942 αὐτὴν,
756 3869 850 3924 καὶ
890 3870 1167 3942 ἀπῴκισεν
1214 3872 1401 3945 αὑτήν.
1448 3890 1470 3925 ο

319 3978 416 4026 ,ους
442 3962 707 4034 τετύχηκε
749 3962 844 4016 ἐπὶ
888 3962 987 4034 τῆς
1021 3961 1334 4034 Ῥωμαῖκῆς
1374 3965 1475 4036 ἀρ-

319 4055 653 4126 συνειστήκει
714 4054 813 4126 μὲν
855 4055 890 4125 ἡ
945 4054 1254 4127 Δαμασκδς,
1289 4054 1388 4128 τὴν
1416 4054 1475 4109 δὲ

323 4144 622 4218 βασιλικὴν,
666 4145 820 4217 φησὶ,
869 4144 1147 4210 παντελῶς
1181 4145 1469 4218 ἠφανίσθη.

319 4256 406 4310 πη
434 4240 469 4311 ἡ
500 4238 595 4293 καὶ
636 4237 732 4293 νῦν
760 4239 1039 4312 ὁρωμένη,
1097 4236 1176 4301 ὡς
1202 4238 1237 4309 ἡ
1270 4254 1476 4311 προφη-

319 4373 323 4390 ,
357 4331 539 4386 οὐκέτι
569 4331 668 4403 μὲν
697 4330 969 4403 βασιλικὸν
1007 4330 1222 4403 ἀξίωμα
1272 4333 1473 4400 ἐπαγο-

1593 857 1721 916 }laec
1745 858 1913 931 igitur
1945 856 2004 913 in
2030 856 2200 912 tribus
2228 855 2389 911 annis
2417 854 2675 910 Dominus
2719 868 2815 924 per
2838 853 3157 925 prophetam

1592 949 1811 1007 locutus
1837 955 1945 1006 est.
1995 946 2148 1004 Finis
2196 955 2377 1003 autem
2418 946 2705 1001 verborum
2761 943 2971 1000 Domini
3024 942 3159 999 illud

1592 1049 1732 1110 erat,
1765 1058 1788 1094 ι
1830 1040 1898 1096 Et
1925 1040 2342 1097 inhonorabitur
2364 1040 2536 1113 gloria
2568 1038 2727 1095 Moab
2755 1053 2875 1095 cum
2903 1037 3159 1095 omnibus

1593 1131 1820 1199 divitiis,
1860 1132 2034 1202 iisque
2063 1131 2267 1189 multis.
2300 1133 2366 1189 Et
2397 1133 2737 1204 relinquetur
2772 1131 3031 1186 minimus
3053 1169 3071 1197 ,
3099 1138 3159 1186 et

1590 1236 1699 1278 non
1730 1222 2050 1278 honoratus.
2072 1239 2094 1276 ι
2129 1220 2283 1289 Quod
2315 1222 2487 1293 ipsum
2512 1222 2580 1278 ad
2611 1221 2851 1278 litteram
2877 1219 3157 1293 impletum

1589 1324 1692 1381 est,
1719 1323 1778 1371 ut
1813 1313 1977 1372 facile
2021 1314 2153 1386 ipsis
2198 1315 2372 1371 oculis
2398 1314 2713 1386 perspicere
2737 1312 2954 1370 valeant
2996 1319 3157 1385 quot-

1587 1413 1721 1479 quot
1747 1405 1799 1461 ln
1833 1406 1950 1477 ipsa
1974 1404 2092 1463 loca
2126 1408 2447 1462 concedunt.

2161 1497 2389 1555 CAPUT
2418 1495 2582 1555 xvu.

1660 1589 1824 1646 Vnus.
1854 1588 1906 1646 l.
1938 1607 1961 1643 ι
1993 1588 2230 1649 Verbum
2270 1600 2460 1647 contra
2491 1588 2834 1646 Damascum.
2867 1587 3009 1646 Ecce
3051 1588 3156 1646 Du-

1587 1697 1805 1740 mascus
1853 1684 2075 1741 tolletur
2111 1699 2141 1739 a
2185 1683 2519 1742 civitatibus.
2558 1699 2581 1737 ι
2613 1682 2963 1740 Eversiouem
2989 1682 3154 1756 regin

1588 1775 1872 1845 potestatis
1897 1776 2223 1846 subindicat,
2255 1774 2412 1845 cuius
2437 1782 2596 1831 antea
2623 1789 2849 1831 consors
2880 1783 3002 1832 erat
3019 1775 3154 1833 urb·

1587 1864 1798 1922 istbaec.
1823 1866 1953 1922 Sola
1995 1868 2192 1938 quippe
2233 1876 2362 1923 tunc
2405 1867 2675 1923 universa!
2704 1866 2880 1939 Syriae
2909 1867 3149 1939 impera·

1586 1954 1723 2020 bat,
1771 1967 1895 2009 cum
1947 1955 2110 2010 urbes
2149 1956 2202 2010 in
2245 1955 2439 2029 Syria,
2489 1964 2671 2011 nostra
2718 1965 2881 2012 aetate
2930 1957 3158 2029 compl·-

1588 2058 1724 2112 σου,
1754 2044 1993 2102 nondum
2023 2053 2242 2102 structae
2275 2046 2541 2113 ruissent3
2577 2047 2919 2103 Antiochiam
2941 2049 3063 2106 dico
3090 2057 3150 2105 et

1589 2134 1745 2191 alias.
2855 2163 2860 2169 ·

1661 2226 1824 2282 Vens.
1849 2225 1997 2296 2„5.
2048 2244 2069 2279 ι
2128 2225 2194 2281 Et
2236 2225 2342 2282 erit
2367 2224 2420 2280 in
2449 2224 2660 2280 ruinam
2703 2234 2761 2281 et
2786 2225 3040 2282 derelicta
3086 2228 3144 2283 iu

1590 2318 1847 2375 saeculum
1878 2318 1933 2373 in
1974 2316 2156 2374 cubile
2186 2313 2408 2374 ovilium
2436 2332 2454 2371 z
2485 2325 2541 2371 et
2570 2331 2677 2372 non
2716 2316 2822 2372 erit
2844 2317 2937 2389 qui
2966 2329 3151 2388 perse-

1582 2419 1799 2482 quatur.
1823 2410 1890 2466 Et
1919 2423 2025 2465 non
2056 2410 2163 2465 erit
2192 2408 2334 2464 ultra
2371 2409 2601 2474 munita,
2628 2415 2685 2464 ut
2718 2407 2845 2465 illuc
2872 2407 3150 2479 confugiat

1581 2499 1863 2573 Ephraim.
1898 2519 1918 2553 t
1948 2498 2412 2568 Quemadmodum
2440 2497 2752 2569 Babyloniae
2779 2512 2900 2570 qttae
2919 2513 3149 2556 eonsen-

1582 2602 1745 2650 tanca
1779 2599 1957 2656 erant,
1984 2588 2273 2662 allophylis
2300 2587 2595 2645 Palzestinae
2629 2588 2820 2645 incolis
2856 2603 2978 2659 quae
3012 2590 3148 2660 ipsis

1580 2684 2001 2756 competebant,
2036 2697 2101 2739 ac
2131 2683 2337 2755 regioni
2362 2680 2522 2738 unat)
2562 2681 2816 2738 similiter
2851 2681 2959 2737 alia
2992 2696 3145 2753 qua·-

1580 2776 1706 2831 dam
1745 2774 1849 2846 ipsi
1900 2773 2119 2845 propria
2174 2772 2513 2841 minabatur;
2569 2773 2651 2830 sic
2694 2782 2749 2829 et
2797 2773 3145 2845 propheticus

1578 2884 1760 2926 sermo
1787 2878 1977 2926 contra
2025 2868 2347 2924 Damascum
2378 2879 2546 2937 agens
2573 2906 2590 2932 ,
2620 2865 2767 2921 illam
2793 2866 3015 2935 proprio
3037 2864 3142 2921 sibi

1580 2960 1687 3016 flue
1716 2959 2089 3031 excipiendam
2132 2970 2252 3013 esse
2294 2956 2718 3012 interminatur:
2754 2971 2878 3010 nam
2905 2956 3076 3026 ipsam
3107 2971 3141 3009 a

1580 3051 1894 3108 civitatibus
1935 3049 2223 3106 tollendam
2255 3062 2376 3104 esse
2415 3048 2512 3103 ait.
2557 3044 2864 3103 Secundum
2893 3046 3147 3103 Theodo-

1583 3143 1785 3197 tionem
1814 3156 1945 3199 vero
1969 3182 1987 3209 ‚
2030 3139 2462 3195 transferendam
2494 3152 2563 3194 ex
2593 3137 2930 3194 civitatibus.
2965 3136 3021 3194 ld
3050 3153 3147 3191 au-

1582 3242 1687 3290 tem
1718 3247 1971 3305 perpessa
2000 3242 2083 3289 est
2122 3230 2469 3303 Assyriorum
2497 3237 2742 3300 tempore
2766 3268 2783 3295 ,
2808 3237 2867 3283 ut
2893 3228 3046 3299 prius
3071 3229 3147 3284 si-

1578 3324 1871 3398 gnificabat
1897 3337 2138 3394 praeseus
2171 3322 2453 3392 Scriptura
2479 3359 2496 3385 ‚
2519 3333 2643 3377 cum
2673 3318 3021 3391 Assyriorum
3051 3332 3144 3374 re·

1579 3430 1699 3487 gem
1722 3415 2004 3471 induceret
2045 3416 2340 3479 dicentem,
2373 3429 2396 3467 t
2429 3411 2499 3468 Et
2525 3412 2645 3482 cepi
2668 3410 2926 3466 Arabiam
2953 3419 3009 3467 et
3038 3408 3145 3464 Da·

1585 3521 1825 3562 tnascum
1849 3518 1906 3561 et
1934 3506 2236 3561 Samariam
2271 3524 2289 3563 ε
2319 3503 2770 3577 quemadmodum
2813 3501 2911 3559 bas
2936 3501 3055 3572 cepi
3086 3509 3146 3557 et

1577 3613 1766 3654 omnes
1796 3599 2132 3668 principatus
2155 3598 2363 3668 capiam
2383 3598 2454 3651 ”.
2490 3616 2511 3650 ι
2547 3596 2684 3653 Huic
2708 3609 2869 3666 porro
2895 3594 3137 3650 sermoni

1579 3688 1947 3744 testimouium
2013 3689 2172 3745 affert
2221 3689 2450 3746 historia
2490 3706 2507 3756 ;
2561 3686 2830 3759 siquidem
2887 3685 2942 3741 lu
2999 3685 3142 3742 libro

1577 3789 1772 3849 quarto
1802 3777 2114 3849 Regnorum
2141 3779 2406 3851 scriptum
2447 3786 2573 3838 eat:
2606 3798 2627 3833 t
2667 3778 2734 3837 Et
2752 3780 2996 3836 ascendit
3043 3795 3140 3837 rex

1573 3870 1920 3943 Assyriorum
1951 3870 2294 3937 Damascum,
2336 3881 2392 3928 et
2434 3873 2576 3944 cepit
2598 3887 2743 3938 eam.
2774 3882 2832 3929 et
2865 3875 3141 3931 transtulit

1574 3975 1718 4019 eam.
1753 3979 1774 4014 ι
1804 3963 1935 4031 Quae
1966 3962 2093 4019 item
2125 3972 2369 4019 extremo
2415 3962 2681 4034 completa
2727 3973 2857 4020 sunt
2897 3965 3000 4021 sub
3031 3964 3140 4021 Ro·

1575 4067 1857 4110 manorum
1894 4053 2144 4125 imperio,
2173 4053 2326 4122 cujus
2353 4063 2593 4125 tempore
2617 4054 2911 4113 Damascus
2947 4071 3139 4124 super-

1573 4156 1685 4203 stes
1709 4146 1948 4216 quidem,
1973 4161 2164 4203 verum
2210 4148 2355 4218 quod
2406 4146 2474 4204 ad
2516 4149 2795 4216 antiquam
2844 4157 2898 4202 et
2931 4147 3136 4216 regiam

1574 4238 1889 4309 dignitatem
1919 4276 1938 4306 ,
1968 4238 2214 4296 funditus
2242 4239 2418 4296 deleta
2459 4248 2600 4295 erat.
2634 4241 2751 4307 Quo
2778 4248 2937 4308 pacto
2970 4238 3137 4292 etiam

1572 4332 1822 4388 consistit
1843 4347 1909 4388 ea
1928 4375 1943 4400 ‚
1986 4346 2146 4403 quam
2179 4332 2342 4388 bodie
2370 4332 2647 4396 videmus,
2677 4330 3131 4401 quemadmodum

319 4437 477 4492 χουσα
501 4421 595 4476 τοῦ
634 4419 821 4495 Σύρων
856 4421 1042 4485 ἔθνους
1065 4436 1082 4451 ·
1141 4424 1470 4477 &mmet-tu>-
1499 4446 1543 4502 υ
1573 4421 1855 4493 prophetia
1884 4424 2252 4479 vaticinatur:
2286 4437 2407 4493 quae
2450 4431 2657 4477 tantum
2704 4423 2864 4477 abest
2889 4431 2948 4476 ut
2987 4420 3132 4477 ultra

319 4529 361 4582 [e
408 4511 687 4584 δυνάμεως
735 4512 1020 4586 πρότερον,
1059 4514 1154 4567 καῖ
1190 4514 1469 4585 μονονουχὶ

319 4601 499 4675 ;μνίων
530 4603 622 4658 καὶ
644 4603 951 4659 ἀνάπαυσιν
979 4603 1271 4674 βουκολίων
1300 4622 1469 4661 κατα-

322 4694 463 4749 οῦτω
497 4696 555 4748 δὲ
580 4694 650 4749 τὰ
692 4694 920 4766 ἀγελαῖα
965 4696 1145 4768 πλήθη
1201 4698 1295 4751 καὶ
1342 4699 1469 4762 τοὺς

319 4803 375 4850 υς
406 4786 586 4841 καλεῖν
631 4785 820 4841 εἴωθεν
846 4790 875 4842 ὁ
902 4788 1077 4857 λόγος.
1115 4789 1270 4842 Κατὰ
1300 4790 1468 4860 μόνην

319 4878 578 4948 »μήκοντα
620 4877 911 4948 ἑρμηνείαν
957 4876 1191 4950 εἴρηται,
1219 4877 1360 4947 λέγω
1399 4879 1464 4951 δὴ

337 4965 540 5021 αἰῶνα·
582 4985 602 5018 ι
645 4965 771 5021 οὔτε
821 4965 933 5040 γὰρ
983 4969 1041 5021 ἐν
1092 4967 1463 5042 τῷἚόραϊκῷ

319 5059 379 5123 ιῖς
420 5058 623 5121 λοιποῖς
671 5059 1026 5131 ὲρμηνιυταῖς
1079 5060 1323 5134 φέρεται.
1371 5060 1463 5115 Διὸ

319 5159 370 5220 ην
398 5150 603 5204 πτῶσιν
633 5148 923 5222 Δαμασκοῦ
953 5151 1177 5206 αίωνίο
1209 5150 1463 5221 λέγεσθαι

319 5240 387 5312 δὴ
417 5241 641 5313 χρονική
672 5257 758 5306 τις
774 5240 952 5297 αὐτῶν
979 5242 1168 5311 γέγονε
1194 5243 1229 5314 ἡ
1260 5243 1464 5307 πτῶσις

337 5330 622 5402 Ἀσσυρίας
668 5330 1003 5402 πολιορκίαν,
1042 5330 1162 5386 καθ’
1194 5331 1261 5402 ἠν
1306 5330 1401 5385 καῖ
1425 5334 1460 5404 ἡ

319 5424 431 5494 ᾒλω.
481 5423 617 5477 Ἀλλ’
660 5423 849 5497 ὥσπερ
891 5420 1047 5489 αὖθις
1082 5426 1465 5492 ἐπανελθόντες

319 5531 414 5587 ραν
443 5514 539 5587 τὴν
567 5516 937 5590 Ἰερουσαλὴμ,
973 5517 1073 5584 {mi
1124 5516 1226 5590 ’τὴν
1274 5517 1460 5591 χώραν

331 5745 471 5803 pene
494 5731 564 5789 ad
608 5733 827 5792 verbum
871 5732 1227 5802 Hieronymus
1272 5736 1544 5804 exprimit.

1573 4515 1777 4585 regiam
1804 4515 2123 4587 dignitatem
2149 4515 2397 4571 obtineat
2422 4552 2441 4579 ‚
2470 4527 2534 4568 ac
2563 4514 2825 4583 Syrorum
2850 4514 2998 4584 genti
3030 4514 3135 4570 im·

1572 4614 1756 4678 peret,
1785 4616 1843 4663 ut
1866 4608 2093 4678 pristina
2136 4613 2406 4678 potestate
2448 4604 2658 4675 penitus
2709 4605 2969 4661 exciderit
3002 4645 3020 4672 ,
3066 4621 3135 4661 ac

1574 4705 1781 4753 tantum
1808 4713 1917 4753 non
1957 4698 2012 4753 in
2035 4698 2210 4754 cubile
2241 4698 2483 4762 ovilium,
2510 4703 2564 4750 et
2590 4695 2642 4750 in
2671 4695 2882 4752 caulam
2912 4711 3137 4752 armen-

1576 4798 1749 4844 torum
1778 4789 1965 4846 relicta
1992 4790 2065 4844 sit
2114 4807 2128 4844 ε
2169 4790 2248 4845 sic
2273 4803 2436 4859 porro
2460 4787 2601 4858 vulgi
2626 4787 3022 4843 multitudinem
3074 4797 3129 4841 et

1571 4878 1812 4935 intimam
1834 4879 2045 4950 plebem
2072 4893 2268 4935 vocare
2297 4879 2435 4934 solet
2462 4878 2638 4933 divina
2666 4878 2966 4948 Scriptura.
2997 4878 3129 4933 illud

1569 4976 1746 5025 autem
1773 5008 1790 5033 ‚
1827 4987 1847 5021 ι
1880 4969 1932 5024 iu
1966 4968 2221 5026 saeculum
2247 5007 2264 5033 ‚
2301 4986 2322 5019 ι
2368 4968 2658 5024 secundum
2699 4968 2867 5023 solam
2903 4969 3133 5037 Septua-

1568 5062 1714 5129 ginta
1753 5059 2115 5131 interpretum
2162 5060 2464 5115 versionem
2510 5059 2710 5116 dicitur
2739 5076 2755 5114 ι
2787 5075 2910 5115 nam
2952 5073 3130 5129 neque

1572 5151 1628 5206 in
1651 5149 1917 5207 Hebraico
1946 5190 1963 5215 ‚
2000 5163 2173 5221 neque
2210 5149 2350 5220 apud
2399 5150 2634 5220 reliquos
2661 5150 2984 5220 interpretes
3017 5147 3128 5203 ler-

1572 5251 1678 5299 tur.
1708 5240 2072 5310 Quamobrem
2103 5240 2465 5296 necessarium
2509 5239 2734 5295 minime
2760 5248 2844 5295 est
2881 5246 2941 5292 ut
2967 5248 3127 5307 pute·-

1568 5350 1689 5391 mus
1717 5335 1929 5389 ruinam
1974 5332 2220 5389 Damasci
2274 5341 2532 5390 aeternam
2560 5331 2776 5406 praedici
2826 5348 2842 5385 ι
2883 5330 3128 5400 quando-

1567 5427 1783 5498 quidem
1829 5425 1897 5482 ud
1933 5434 2142 5495 tempus
2173 5424 2344 5481 solunt
2373 5424 2488 5494 ejus
2516 5424 2785 5483 excidium
2814 5422 2916 5480 luit
2940 5463 2959 5490 .
3001 5439 3126 5480 cunt

1568 5519 1636 5575 ab
1664 5517 1905 5591 Assyriis
1930 5518 2151 5577 obsessa
2185 5527 2268 5576 est
2291 5556 2308 5587 ,
2339 5520 2551 5590 quaudo
2579 5517 2741 5575 etiam
2786 5514 3125 5592 «ierosolyma
