3692 6134
24 4727 71 4792 4·ιὶ
24 4625 67 4680 HJ
24 4533 63 4570 .'.‘
38 4445 57 4454 ι
34 4391 49 4398 ·
24 4277 37 4284 “
24 4173 29 4180 “

23 5119 111 5180 ,ι

24 5195 117 5258 a?

24 5261 123 5335 ΕΡ)
227 5271 342 5345 (97)
388 5271 527 5342 'Era
554 5272 862 5355 ᾳνείληςρε.
890 5268 1090 5325 Facilis
1113 5265 1403 5333 restitutio,
1435 5267 1493 5320 ἐν
1522 5258 1557 5359 ᾖ
1583 5265 1728 5321 ἀνεί-

24 5333 125 5402 ΡΗ.
152 5342 610 5420 ληφι.Μ.-ὓειιι
634 5343 794 5410 vulgo
819 5342 998 5415 σάρκα
1030 5340 1147 5393 loco
1176 5336 1338 5410 σαρκί
1355 5346 1410 5391 et
1433 5334 1530 5389 ἀλλ
1575 5330 1728 5390 εἶπεν

104 412 202 469 821

1225 405 1509 463 CONTRA
1547 403 1978 462 MARCELLUM
2018 404 2146 463 Ltss.
2188 405 2254 464 lt.

3230 413 3347 471 82}

107 546 258 601 ματι,
302 528 351 581 εί
399 528 497 598 μὲν
516 526 690 598 ψυχῆς
721 526 877 597 δίκην
899 526 1065 579 οίκῶν
1095 529 1153 581 ἐν
1179 527 1327 599 αὐτῷ
1353 527 1537 592 ;ἐσται
1568 528 1673 599 ἄρα
1702 530 1750 587 Α,
1777 526 1979 581 Eratne
2006 542 2136 597 ergo
2169 539 2324 584 extra
2348 528 2514 585 Deum
2544 540 2655 586 tum
2686 546 2807 587 cum
2851 545 3016 588 carne
3048 512 3337 590 eonversa-

106 623 164 674 ἐν
189 619 501 681 ὑποστάσει,
535 617 628 671 τοῦ
659 617 872 688 Πατρὸς
898 617 1320 689 κεχωρισμένος,
1358 617 1466 682 ζῶν
1495 634 1555 670 τε
1582 617 1680 670 καὶ

111 711 354 783 ὑφεστὼς
381 712 440 763 ἐν
465 704 499 783 ᾖ
527 709 782 781 ἀνείληφε
815 708 924 778 (97)
965 708 1148 780 σαρκί.
1177 709 1243 762 Τί
1270 704 1363 761 οὖν
1401 707 1634 761 ἐκώλυεν
1658 746 1673 770 ,

111 805 205 859 καὶ
228 802 332 874 πρὸ
354 802 454 873 τῆς
473 798 567 853 τοῦ
594 800 796 869 κόσμου
836 799 1166 862 συστάσεως,
1190 796 1317 850 Υίὸν
1347 795 1482 849 Θεοῦ
1501 795 1677 860 ζῶντα

110 895 268 948 αὑτὸν
292 891 603 964 όμολογεῖν;
638 890 774 944 Ἀλλ’
807 890 949 943 εἴποι
979 890 1043 943 ἂν
1075 891 1226 953 ἴσως,
1247 887 1495 960 ἐνεργείᾳ
1518 890 1674 959 μόνῃ,

108 986 225 1057 οὑχλΙ
266 985 323 1038 δὲ
356 983 542 1046 οὐσίας
577 982 904 1046 ὑποστάσει,
942 983 1035 1035 καὶ
1062 982 1120 1035 ἐν
1153 980 1232 1051 τῷ
1266 978 1476 1050 σώματι
1517 996 1677 1048 γεγο-

109 1079 284 1131 νέναι·
341 1092 363 1127 ι
399 1075 658 1147 δραστικῇ
708 1074 817 1145 γάρ
865 1073 1112 1145 ἐνεργείᾳ
1164 1072 1298 1143 μόνῃ
1319 1110 1335 1135 ,
1390 1072 1559 1142 φησὶ,
1608 1073 1676 1142 τῇ

115 1188 133 1222 ι
179 1168 340 1241 σαρκὶ
357 1167 528 1220 συνὼν
554 1166 616 1219 τὸ
641 1167 806 1220 κινεῖν
830 1164 1019 1235 αὐτὴν,
1046 1164 1139 1217 καὶ
1164 1162 1446 1235 πράττειν,
1471 1162 1677 1234 ὅσαπερ

115 1277 137 1312 ι
180 1262 239 1314 ἐν
249 1258 599 1327 Εὑαγγελίοις
621 1258 863 1328 φέρεται,
889 1257 1046 1328 οὐσίᾳ
1068 1255 1145 1327 τῷ
1167 1254 1286 1326 Θεῷ
1310 1255 1571 1325 συνῆπτο,
1590 1250 1677 1309 οἶα

120 1371 139 1404 ι
182 1352 350 1420 Λόγος
376 1350 633 1421 ὑπάρχων
657 1349 819 1403 αὑτοῦ
848 1347 1147 1419 ἀχώριστος
1179 1349 1273 1402 καὶ
1304 1348 1672 1411 άδιάστατος.»

1776 621 1966 675 retur?
2000 636 2066 674 an
2091 623 2145 675 in
2169 620 2280 675 beo
2309 620 2610 677 subsistens
2634 622 2980 692 sempiterno.
3009 632 3335 679 coaeternum

1775 712 2065 774 exsistens,
2085 727 2249 765 unum
2277 721 2440 782 atque
2461 712 2601 767 idem
2631 726 2850 783 prorsus
2871 728 2992 770 cum
3020 712 3170 770 Deo?
3191 713 3340 785 Quo-

1776 801 1939 856 modo
1962 801 2127 871 igitnr
2157 816 2280 856 cum
2334 816 2561 879 corpore
2588 802 2724 872 fuit,
2754 803 2798 859 si
2829 805 3004 860 anima
3037 819 3231 875 expers
3252 806 3338 861 in-

1778 891 2047 947 habitavit
2087 891 2260 946 iiiud?
2290 892 2393 947 erit
2433 894 2507 948 ita
2534 893 2588 947 in
2622 895 2926 950 substantia
2971 894 3150 952 Patris
3180 909 3339 966 sepa-

1780 992 1956 1039 ratnm
1981 1025 1997 1051 ,
2031 986 2216 1039 vivens
2260 987 2447 1054 ntique
2490 994 2544 1040 et
2581 986 2985 1053 subsistens‘jn
3031 1002 3195 1045 carne
3245 986 3338 1043 iiia

1778 1090 1941 1145 quam
1991 1077 2305 1147 assumpsit.
2355 1077 2494 1144 Quid
2545 1093 2675 1148 ergo
2725 1078 2978 1147 prohibet
3001 1080 3163 1135 etiam
3212 1088 3342 1135 ante

1777 1165 1964 1220 mundi
1993 1165 2151 1235 hujus
2167 1168 2601 1223 constitutionem
2633 1168 2825 1224 Filium
2850 1170 2941 1224 Dei
2963 1170 3139 1224 vivum
3165 1168 3344 1239 ipsum

1778 1255 2032 1310 confiteri
2068 1256 2096 1309 i
2151 1254 2257 1312 Sed
2311 1255 2546 1313 fortasse
2580 1255 2815 1323 dixerit,
2861 1259 2975 1314 sota
3007 1258 3343 1330 operatione,

1779 1361 1888 1401 non
1934 1347 2256 1403 substantiae
2300 1349 2576 1419 hypostasi
2602 1388 2619 1414 ‚
2667 1349 2721 1404 in
2771 1364 3001 1419 corpore
3056 1348 3346 1406 exstitisse.

112 1445 178 1497 Et
201 1443 265 1516 δὴ
289 1442 457 1496 ταῦτα
492 1441 659 1509 λέγει,
706 1441 1043 1511 ἐρωτήσασιν
1074 1438 1204 1511 ἡμῖν
1258 1439 1675 1510 ἁποκρινάσθω·
1786 1452 1808 1486 t
1843 1434 2132 1505 operativa
2167 1438 2338 1503 enim,
2360 1438 2458 1502 ait,
2491 1438 2687 1493 virtute
2710 1438 3079 1509 sola,eorpori
3109 1451 3347 1514 praesens

110 1528 346 1603 ’Λρ’ἐπὶ
383 1533 546 1603 μόνην
568 1531 664 1601 τὴν
703 1532 878 1601 σάρκα
908 1530 1108 1602 ταύτην
1134 1532 1169 1602 ἡ
1203 1528 1297 1583 τοῦ
1334 1530 1506 1597 Λόγου
1532 1529 1683 1601 ἐνέρ-
1787 1544 1805 1578 ι
1843 1536 1995 1589 erat.
2033 1527 2100 1582 ad
2135 1528 2309 1598 ipsum
2357 1530 2679 1584 movendum
2719 1540 2775 1586 et
2803 1530 3138 1600 operandum
3164 1526 3350 1586 omnia

112 1640 235 1692 γεια
276 1622 528 1693 ἔφθακεν,
559 1622 678 1691 οὐχι
732 1622 789 1675 δὲ
826 1622 920 1675 καὶ
964 1622 1046 1691 ἐφ’
1093 1622 1310 1694 ἐτέρους
1365 1620 1684 1692 ἀνθρώπους
1787 1635 1806 1668 ι
1842 1632 1963 1687 quae
1985 1630 2273 1673 narrantur
2304 1619 2356 1673 in
2390 1619 2721 1690 Evangeliis,
2747 1619 3055 1675 substantia
3084 1633 3217 1675 vero
3242 1618 3351 1674 Deo

111 1717 238 1777 τοὺς
256 1714 441 1782 ἁγίους
477 1713 570 1767 τοῦ
598 1713 755 1778 Θεοῦ,
787 1714 882 1767 καὶ
921 1715 1000 1777 είς
1051 1713 1121 1767 τά
1177 1712 1339 1767 λοιπὰ
1391 1712 1454 1784 δὴ
1507 1713 1683 1767 πάντα
1789 1724 1809 1760 ⁸
1844 1709 2308 1780 conjungebatur3
2337 1718 2521 1778 utpote
2549 1709 2785 1765 Verbum
2814 1712 2982 1782 ipsius
3027 1725 3148 1767 cum
3181 1718 3350 1774 esset,

111 1805 206 1858 τοῦ
236 1806 406 1874 Λόγου
434 1805 918 1876 δημιουργήματας
941 1805 1060 1875 οὐχὶ
1089 1806 1118 1858 ό
1149 1804 1311 1867 αὐτὸς
1337 1804 1550 1874 ἐνεργεῖ
1575 1802 1680 1857 Λό-
1790 1816 1812 1850 r
1848 1797 1917 1852 ab
1961 1799 2079 1869 ipso
2114 1797 2478 1868 inseparabile
2527 1810 2583 1854 et
2627 1800 3015 1857 indistinctum.
3070 1819 3090 1854 ι
3127 1806 3188 1864 >E
3224 1797 3351 1855 Hac

114 1913 208 1965 γος
234 1913 248 1961 ;
275 1897 382 1949 Καὶ
411 1896 515 1967 μὴν
552 1895 968 1967 μεμαθήκαμεν,
1001 1895 1078 1958 ὡς
1109 1914 1128 1947 ι
1162 1896 1242 1967 τῷ
1280 1895 1437 1965 Λόγῳ
1472 1896 1677 1966 Κυρίου
1712 1874 1759 1930 Β
1784 1889 1830 1943 si
1881 1888 2082 1943 dixerit
2112 1928 2129 1954 ,
2170 1890 2573 1946 sciscitantibus
2622 1891 2781 1946 nobis
2821 1900 2931 1945 tum
2976 1889 3296 1961 respondeat
3331 1910 3345 1944 ε

112 1989 164 2042 οἱ
216 1988 434 2060 οὐρανοὶ
474 1986 905 2059 ἐστερεώθησαν,
938 2006 957 2039 ι
1014 1986 1115 2041 καὶ
1145 2005 1166 2040 ι
1207 1987 1275 2041 δι’
1309 1985 1473 2042 αὐτοῦ
1501 1987 1679 2041 πάντα
1779 1979 1916 2035 Num
1947 1979 2287 2051 pertingebat
2312 1981 2378 2034 ad
2411 1981 2579 2037 solam
2606 1983 2748 2037 illam
2781 1998 3000 2039 carnem
3026 1982 3351 2040 Verbiillitts

113 2078 347 2146 ἐγένετο·
389 2077 483 2131 καὶ
527 2079 695 2150 χωρὶς
730 2076 895 2131 αὑτοῦ
920 2078 1137 2147 ἐγένετο
1168 2079 1289 2132 οὐδὲ
1321 2079 1400 2133 ἐν,
1423 2098 1442 2131 ι
1472 2079 1681 2133 οὐκοῦν
1781 2071 2071 2140 operatio?
2101 2086 2280 2126 nonne
2305 2071 2470 2126 etiam
2498 2081 2552 2126 et
2580 2073 2648 2129 ad
2692 2085 2920 2129 caeteros
2967 2075 3215 2131 homines
3252 2074 3352 2131 Dei

114 2171 196 2223 ὅτι
221 2171 431 2241 ἐνεργεῖ
465 2169 574 2240 (98)
606 2170 701 2223 καὶ
731 2171 822 2225 ἐπὶ
862 2171 1074 2225 πάντων
1094 2187 1109 2202 ·
1132 2170 1377 2241 ἔγνωμεν
1432 2171 1539 2224 ἀπὸ
1576 2172 1683 2224 τῶν

117 2260 275 2315 θείων
305 2260 554 2332 Γραφῶν,
577 2263 670 2315 καὶ
692 2262 768 2325 ὡς
797 2263 986 2332 Λόγος
1012 2265 1233 2332 Κυρίου
1259 2262 1495 2333 ἐγένετο
1537 2261 1686 2331 πρὸς

129 2351 307 2418 Ὠσηὲ
345 2351 451 2405 τὸν
495 2352 599 2407 τοῦ
653 2353 861 2420 Βεηρί·
921 2354 1037 2416 καὶ,
1085 2355 1276 2423 Λόγος
1322 2353 1539 2421 Κυρίου
1574 2352 1684 2422 (99)

118 2440 370 2509 ἐγενήθη
403 2442 549 2509 πρὸς
590 2443 835 2496 Ἡσαΐαν
860 2442 995 2496 υἱὸν
1029 2443 1204 2512 Ἀμώς
1228 2459 1242 2474 ·
1290 2443 1383 2497 καὶ
1429 2445 1510 2510 ὠς
1563 2442 1690 2512 ἐγέ-

118 2546 256 2585 νετο
290 2532 479 2600 Λόγος
505 2533 724 2600 Κυρίου
749 2534 895 2601 πρὸς
935 2534 1240 2603 Ἰερεμίαν·
1267 2552 1286 2585 ι
1321 2534 1416 2587 καὶ
1451 2535 1534 2603 ἐφ’
1559 2533 1690 2588 ἐκά-

121 2637 248 2674 στου
285 2622 342 2675 δὲ
384 2624 661 2694 προφήτου
692 2626 721 2677 ό
749 2624 912 2689 αὑτὸς
954 2626 1172 2696 ἐνήργει
1213 2624 1308 2677 τοῦ
1346 2623 1482 2677 Θεοῦ
1512 2623 1689 2693 λόγος.

124 2712 244 2784 'Ap‘
304 2708 398 2766 οῦν
439 2714 541 2784 τῆς
590 2713 709 2785 ίσης
760 2714 920 2779 ἀξίας
969 2714 1049 2786 τῷ
1110 2717 1390 2785 μονογενεῖ
1436 2714 1550 2795 Υίιῖ)
1596 2714 1690 2768 τοῦ

119 2803 255 2858 Θεοῦ
286 2804 555 2869 κάκείνοις
576 2806 746 2861 ἅπασι
779 2807 967 2878 μετῆν,
999 2808 1092 2861 καὶ
1122 2807 1284 2861 πλέον
1307 2806 1457 2861 οὐδὲν
1483 2807 1694 2879 ὑπῆρχε

120 2895 203 2969 τῷ
233 2897 465 2970 Σωτῆρι,
497 2900 546 2951 εί
568 2899 632 2971 δὴ
664 2898 914 2970 ἐνεργείᾳ
946 2899 1081 2972 μόνῃ
1111 2898 1217 2952 ὑπὸ
1249 2898 1343 2952 τοῦ
1378 2900 1552 2967 Λόγου
1602 2900 1693 2952 τοῦ

121 2983 339 3059 τῷΘεῷ
377 2988 718 3058 συνημμένου
748 2990 995 3044 ἐκινεῖτο.
1043 2988 1179 3042 ’Λλλ’
1210 2989 1331 3042 οὐδὲ
1356 2988 1425 3042 τὰ
1461 2991 1550 3043 ίσα
1586 2993 1699 3053 τοῖς

124 3079 429 3149 προφήταις
467 3078 651 3149 φέρειν
681 3078 863 3132 δίδωσι
887 3078 1203 3151 Μάρκελλος
1234 3078 1310 3148 τῷ
1351 3078 1575 3149 Χριστῷ
1602 3078 1699 3132 τοῦ

1784 2174 2004 2218 sanctos
2026 2203 2041 2226 ‚
2096 2172 2151 2218 et
2194 2164 2261 2217 ad
2303 2172 2530 2220 caeteras
2562 2179 2750 2221 omnes
2778 2181 2807 2221 a
2830 2166 3011 2221 Verbo
3056 2168 3368 2236 productas-

1785 2255 2110 2310 creaturas?
2143 2254 2304 2311 Certe
2334 2256 2554 2326 quidem
2594 2256 2768 2312 edocti
2801 2273 3010 2325 sumus,
3033 2256 3356 2328 Verbo-Dor.

1787 2345 1917 2400 mini
1957 2344 2127 2401 coeios
2178 2346 2556 2403 constabititos
2590 2365 2603 2402 :
2640 2358 2690 2403 et
2716 2349 2894 2403 omnia
2919 2364 3014 2419 per
3040 2347 3190 2405 ilium
3211 2347 3374 2418 sacta.

1789 2436 1996 2492 ruisse:
2027 2446 2113 2502 et,
2141 2437 2261 2494 sine
2300 2437 2394 2493 iilo
2434 2437 2636 2493 factum
2670 2439 2836 2495 fnisse
2874 2440 3005 2510 nibil
3036 2440 3284 2498 :scimus
3323 2455 3360 2497 o

1788 2528 1990 2585 divinis
2011 2529 2331 2599 scripturis,
2361 2532 2633 2601 quomodo
2670 2531 2759 2586 iiic
2792 2532 2844 2586 in
2882 2532 3135 2591 omnibus
3165 2547 3359 2605 opere·

1793 2630 1898 2674 tur.
1928 2621 2203 2691 Scriptum
2224 2631 2304 2676 est
2330 2641 2343 2676 ε
2391 2620 2611 2677 Verbum
2640 2622 2856 2678 Domini
2898 2624 2969 2679 ad
3009 2621 3161 2691 Osee,
3175 2624 3356 2696 filiam

1792 2711 1945 2767 Beeri
1979 2712 2060 2777 ⁸⁰,·
2091 2722 2179 2769 etz
2220 2712 2436 2768 Verbum
2470 2713 2681 2769 Domini
2722 2716 2922 2786 [actum
2951 2725 3029 2771 eat
3051 2716 3124 2771 ad
3153 2713 3372 2776 lactent..

1794 2806 1961 2874 filium
1989 2809 2147 2862 Amos
2170 2807 2210 2839 ⁸¹
2233 2824 2248 2873 ;
2271 2817 2354 2863 et:
2392 2806 2617 2861 Verbum
2639 2807 2849 2863 Domini
2891 2809 2962 2863 od
2988 2808 3270 2865 serentium
3285 2807 3354 2868 ⁸¹.

1797 2900 1853 2953 ln
1873 2914 2191 2968 unoquoque
2207 2900 2434 2971 denique
2459 2901 2716 2971 propheta
2731 2902 3056 2971 operabatur
3068 2899 3196 2958 iilud
3214 2901 3357 2958 idem

1796 2991 2018 3046 verbum
2070 2991 2199 3058 Dei;
2237 2992 2497 3061 aeqnaiem
2543 2992 2709 3063 igitur
2750 2991 2827 3049 ilii
2854 3005 3043 3049 omnes
3066 3006 3189 3048 cum
3219 2989 3358 3048 Filio

1801 3081 1897 3138 Dei
1946 3081 2260 3153 dignitatem
2294 3082 2715 3154 participabant,
2745 3098 2847 3139 nec
2873 3090 2993 3139 erat
3019 3082 3196 3154 aliqua
3229 3084 3362 3141 Ser-

125 3168 284 3228 Θεοῦ.
338 3173 401 3224 ut
449 3170 544 3240 μὲν
588 3170 697 3240 γὰρ
748 3171 894 3241 ζωῆς
948 3171 1162 3225 αἰωνίου
1192 3171 1460 3226 ἀθανάτου
1508 3189 1568 3225 τε
1607 3175 1700 3227 καὶ
1726 3200 1768 3259 C
1801 3174 2001 3229 vatoris
2034 3174 2424 3244 praerogativa;
2467 3175 2512 3230 si
2567 3174 2679 3230 scia
2711 3172 2801 3230 ilie
2827 3173 3140 3243 operatione
3170 3171 3357 3239 Verbi.

24 3323 26 3331 Ι
127 3260 483 3331 ἀτελευτήτου
534 3261 833 3325 τεύξονται,
878 3264 957 3326 είς
988 3263 1113 3326 τοὺς
1147 3264 1395 3326 ἅπαντας
1414 3263 1618 3328 αίῶνας
1644 3266 1703 3319 ἐν

24 3415 27 3428 Ι
128 3354 198 3423 τῇ
228 3349 643 3424 κατηγγελμένῃ
671 3350 779 3405 τῶν
806 3352 1050 3424 οὐρανῶν
1078 3352 1321 3436 βασιλεία
1364 3354 1702 3427 βιωσόμενοι,

24 3505 29 3518 Ι
130 3440 355 3511 ἀγαθῶν
376 3458 436 3495 τε
453 3442 869 3507 ἀπολαύσοντες,
898 3442 938 3497 ἃ
966 3444 1273 3514 ὀφθαλμὸς
1306 3448 1418 3500 οὐκ
1444 3442 1567 3501 εἶδε
1606 3447 1704 3502 καὶ

23 3521 31 3541 '
130 3528 243 3599 οὖς
270 3536 380 3588 οὐκ
418 3532 647 3603 ἤκουσε
683 3533 781 3587 καὶ
824 3534 921 3588 ἐπὶ
954 3534 1205 3603 καρδίαν
1241 3534 1551 3606 ἀνθρώπου
1591 3538 1705 3591 οὐκ

128 3623 314 3693 ἀνέόη
337 3642 350 3656 ·
379 3627 409 3679 ό
429 3624 485 3679 δὲ
512 3625 743 3697 Χριστὸς
774 3624 869 3689 τοῦ
899 3625 1057 3692 Θεοῦ,
1087 3627 1248 3691 αὐτὸς
1277 3630 1307 3682 ό
1335 3628 1512 3692 κοινὸς
1541 3628 1709 3684 ἁπάν-

131 3731 248 3776 των
278 3713 486 3786 Σωτὴρ,
520 3716 550 3768 ό
570 3714 910 3786 πρωτότοκος
941 3715 1049 3770 τῶν
1081 3716 1290 3791 νεκρῶν
1309 3756 1324 3783 ,
1353 3720 1386 3790 ἠ
1417 3717 1574 3784 ἐλπὶς
1607 3722 1706 3791 τῆς

130 3807 249 3877 τῶν
275 3808 444 3878 ἁγίων
477 3809 846 3875 ἀναστάσεως,
878 3809 1036 3881 μόνος
1077 3809 1187 3880 ἄρα
1222 3810 1344 3864 τότε
1381 3810 1710 3884 ἀπολειφθή-

136 3907 293 3953 σεταί
340 3898 757 3972 παυθησομένης
796 3899 959 3954 αὑτοῦ
1009 3903 1109 3973 τῆς
1150 3899 1443 3971 βασιλείας,
1477 3901 1572 3954 καὶ
1609 3900 1717 3970 τῆς

136 3995 406 4062 ζωοποιοῦ
436 3995 634 4067 σαρκὸς
669 3996 876 4068 ἐρήμου
900 3994 995 4049 καὶ
1035 3993 1233 4062 ἀλόγου
1278 3993 1710 4065 καταλειφθησοι

146 4083 337 4166 μένης.
369 4083 444 4148 ὠς
475 4085 611 4156 μήτε
635 4083 1008 4157 προϋπάρχειν
1039 4083 1201 4139 αὑτὸν
1229 4082 1357 4137 Υίδν
1378 4082 1514 4137 Θεοῦ
1562 4084 1710 4150 ὄντα,

143 4179 285 4256 μήτε
315 4178 553 4250 διαρκεῖν
583 4180 660 4244 είς
690 4178 937 4252 ἄπειρον,
963 4179 1106 4234 κατὰ
1146 4180 1244 4252 τὴν
1270 4179 1366 4234 τοῦ
1396 4181 1712 4254 Μαρκέλλου

137 4270 508 4327 διδασκαλίαν.
542 4272 781 4337 Εἰκότως
807 4272 915 4346 ἄρα
949 4271 1125 4326 ταῦτα
1155 4269 1377 4340 βασιλέα
1401 4272 1478 4344 (Ι)
1515 4273 1606 4327 τὸν
1638 4272 1714 4338 ὡς

140 4361 363 4435 ἀληθῶς
409 4362 628 4435 θεοφιλῆ
682 4364 778 4419 καὶ
815 4362 1210 4436 τρισμακάριον
1230 4363 1370 4417 κατὰ
1401 4362 1495 4417 τοῦ
1526 4364 1716 4436 ἀνδρὸς

24 4467 57 4485 ·⁴
141 4453 337 4521 ἐκίνει,
370 4454 542 4509 καίτοι
576 4453 740 4527 μυρία
762 4452 1209 4519 κολακεύσαντος,
1246 4455 1341 4507 καὶ
1361 4454 1528 4509 πολλὰ
1563 4454 1717 4526 βασι-

1801 3266 1943 3334 quod
1992 3279 2115 3319 cum
2145 3263 2257 3320 Deo
2287 3264 2499 3319 unitum
2548 3264 2820 3329 manebat,
2857 3262 3192 3319 movebatur.
3247 3261 3361 3318 lnto

1800 3370 1932 3412 vero
1959 3355 2249 3413 Marcellus
2282 3371 2388 3412 non
2419 3356 2656 3411 admittit
2695 3355 2790 3412 Dei
2821 3353 3043 3422 Filium,
3071 3356 3140 3412 ad
3176 3370 3361 3427 aequa-

1804 3447 1882 3511 iee
1917 3449 2195 3520 portiones
2219 3463 2342 3510 cum
2392 3447 2652 3519 propheta
2704 3447 2915 3518 quovis.
2955 3447 3365 3518 consequenter

1803 3540 1945 3596 enim
1976 3539 2054 3596 iili
2088 3540 2252 3595 vitam
2278 3548 2566 3604 aternam,
2605 3538 2998 3604 immortalem.
3041 3548 3098 3595 et
3125 3536 3365 3595 indeter-

1805 3632 2116 3690 minabilem
2140 3672 2156 3699 .
2198 3648 2296 3704 per
2328 3631 2522 3688 saecuia
2562 3645 2752 3701 nempe
2781 3632 2963 3688 omnia
3014 3630 3069 3685 in
3100 3629 3366 3703 promisso

1806 3724 1906 3781 iilo
1944 3739 2110 3796 regno
2165 3724 2430 3780 coeIornm
2484 3723 2731 3790 victuri,
2781 3722 3037 3777 fruitione
3071 3719 3368 3793 gaudentes

1807 3815 2072 3872 bonorum
2094 3855 2110 3879 ,
2146 3830 2266 3887 quae
2291 3830 2390 3871 nec
2413 3815 2606 3870 ocutus
2639 3815 2804 3878 vidit,
2834 3828 2938 3869 nec
2965 3812 3114 3869 auris
3138 3810 3367 3878 audivit,

1809 3923 1910 3963 nec
1940 3907 2181 3963 ascendit
2215 3908 2268 3962 in
2300 3922 2397 3962 cor
2427 3906 2684 3962 hominis.
2732 3903 2983 3961 Christus
3021 3912 3202 3960 autem
3228 3901 3325 3959 Dei
3347 3940 3369 3970 ,

1809 3998 2115 4053 eommunis
2150 3999 2389 4053 omnium
2425 3996 2706 4063 servator,
2744 4005 3074 4053 mortuorum
3102 3993 3372 4067 primoge-

1812 4089 1960 4145 nitus
1985 4130 2000 4153 ‚
2050 4103 2173 4160 spes
2204 4089 2620 4145 resurrectionis
2656 4097 2965 4143 sanctorum
2989 4128 3012 4156 ,
3055 4086 3206 4144 sotus
3239 4094 3371 4141 tune

1813 4179 2237 4252 derelinquetur,
2256 4179 2435 4235 ablato
2462 4178 2564 4234 sibi
2593 4193 2778 4250 regno,
2809 4194 2976 4234 carne
3006 4176 3247 4243 vivifica,
3277 4192 3376 4231 nu-

1812 4270 1882 4326 da
1913 4281 1969 4327 et
1991 4270 2291 4327 irrationali
2319 4270 2572 4327 derelicta
2606 4289 2621 4325 ε
2651 4278 2712 4325 ιιι
2742 4270 2856 4340 qui,
2883 4288 2904 4323 ι
2940 4284 3047 4326 non
3072 4276 3194 4325 erat
3224 4266 3380 4339 prius

1815 4378 1974 4432 quam
2023 4371 2265 4419 exstaret
2308 4362 2512 4428 homo.
2566 4361 2738 4418 Filius
2793 4361 2925 4426 θείς
2984 4379 3004 4414 ι
3052 4347 3228 4431 neque
3274 4372 3376 4429 pet

1817 4452 2173 4509 aeternitatem
2204 4455 2570 4522 perseverabit
2610 4468 2772 4519 esse,
2814 4453 2967 4525 juxta
3015 4449 3251 4512 itai-cent
3276 4450 3378 4507 dos

141 4544 286 4610 Men<
330 4545 578 4617 ἐγκώμια
630 4543 793 4599 αὑτοῦ
843 4546 901 4599 ἐν
958 4545 1349 4616 συγγράμματι
1396 4544 1711 4610 διελθόντος.
1743 4535 1791 4596 D
1816 4545 2068 4599 ctrinam.
2096 4544 2359 4610 Quocirca
2392 4560 2497 4599 non
2527 4544 2796 4599 immerito
2813 4546 2927 4600 haec
2942 4552 3050 4599 tam
3075 4538 3380 4612 horrentia²

142 4634 336 4692 Ταῦτα
373 4637 430 4690 δὲ
459 4637 553 4690 καὶ
585 4637 682 4708 τὴν
717 4636 878 4705 άγίαν
929 4634 1178 4704 σύνοδον,
1223 4638 1284 4690 ἐν
1332 4640 1401 4709 τῇ
1463 4635 1712 4710 βασιλικῇ

148 4727 508 4783 συνελθοῦσαν
562 4729 713 4782 πόλει
745 4726 805 4793 ἐξ
852 4727 1128 4800 ἐπαρχιῶν
1179 4726 1448 4799 διαφόρων
1468 4770 1482 4794 ,
1518 4729 1716 4782 Πόντου

144 4821 247 4877 καὶ
275 4820 686 4884 Καππαδοκίας,
734 4820 917 4884 Ἀσίας
948 4836 1008 4872 τε
1040 4818 1134 4871 καὶ
1152 4818 1408 4891 Φρυγίας,
1443 4821 1537 4873 καὶ
1561 4819 1720 4874 Βιθυ-

147 4911 293 4976 νίας,
330 4912 548 4984 Θρᾴκης
579 4929 639 4965 τε
679 4910 911 4968 καὶτῶν
955 4910 1212 4964 ἐπέκεινα
1268 4909 1450 4983 μερῶν
1475 4949 1491 4974 ,
1543 4910 1726 4983 στηλι-

231 5096 293 5155 ff«
322 5088 421 5144 Ed.
449 5088 619 5145 Paris.
651 5103 772 5164 pag.
801 5086 889 5144 55.
965 5086 1011 5119 ⁸⁰
1040 5086 1163 5145 ose.
1204 5103 1245 5156 ι,
1289 5089 1341 5145 1.

23 5399 127 5466 -i
152 5427 219 5472 a
237 5428 365 5468 mox
393 5414 441 5467 εί
468 5412 525 5466 δὲ
549 5411 721 5468 ταῦτα
745 5413 821 5476 λ.,
852 5425 1015 5481 porro
1036 5407 1284 5479 ἐνέργεια
1303 5403 1558 5476 ἔφθακεν,
1577 5420 1724 5461 corr.

24 5477 129 5530 -’
149 5483 397 5558 ωασιν
421 5492 473 5537 et
502 5481 907 5553 ἐστερεώθησαν
934 5481 1030 5534 καὶ
1056 5477 1121 5532 δι’
1145 5475 1309 5531 αὑτοῦ
1338 5475 1515 5529 πάντα
1535 5476 1620 5543 ἐγ.

23 5539 125 5614 -ἕ
232 5552 351 5627 (98)
377 5554 612 5608 Οὐκοῦν
633 5552 878 5623 ἐνεργεῖ.
921 5551 1084 5618 Lege,
1120 5548 1221 5601 οὐκ
1251 5541 1364 5608 οὑν,
1386 5546 1471 5598 δτι
1498 5546 1727 5616 ἐνεργεῖ.

24 5611 121 5676 ξΰ

24 5687 121 5746 ιθ

23 5823 113 5939 :i

150 5625 232 5684 Et
260 5624 465 5687 statim,
496 5623 713 5692 ἀγαθῶν
753 5639 812 5677 τε
841 5618 1235 5676 ἀπολαύσονται
1288 5630 1336 5670 c.
1358 5616 1392 5668 Ι.
1416 5615 1494 5683 5).

236 5691 353 5765 (99)
374 5693 785 5774 Vulgo-tsskveto
798 5702 852 5746 et
865 5691 1084 5762 ἐνήργει
1116 5689 1144 5741 ό
1170 5686 1239 5740 αὑ
1343 5693 1397 5741 et
1411 5683 1725 5755 eleemon-0

134 5767 334 5842 ἤκουε
362 5772 419 5817 et
443 5764 578 5816 Θεου
600 5764 630 5816 ό
657 5762 831 5828 κοινὸς
856 5763 956 5817 ἀπ.
982 5763 1049 5815 Σ.
1314 5824 1327 5838 .

236 5833 321 5906 (i)
347 5832 628 5892 Βασιλέα.
661 5832 1076 5893 Constantinum
1103 5825 1355 5898 inteiligit
1379 5824 1492 5899 jam
1526 5823 1718 5881 deiun-

1818 4651 1997 4707 rcgem
2031 4636 2177 4692 iilum
2213 4652 2338 4693 vere
2365 4637 2692 4709 religiosum,
2714 4645 2770 4690 et
2795 4646 2876 4690 ter
2892 4637 3102 4690 beatum
3115 4632 3374 4690 adversus

1820 4728 2138 4795 scriptorem
2173 4728 2546 4792 concitarunt,
2581 4728 2705 4782 licet
2734 4727 2808 4782 itti
2849 4728 2902 4782 in
2937 4725 3143 4796 scripto
3169 4738 3269 4781 suo
3293 4722 3376 4778 in-

1817 4818 1986 4873 ssnitis
2015 4819 2188 4875 modis
2211 4820 2639 4885 adblandiretur,
2663 4827 2718 4874 et
2757 4818 2937 4874 multis
2966 4832 3087 4875 eum
3116 4815 3375 4873 encomiis

1822 4911 2153 4968 honestaret.
2206 4911 2332 4968 iiaec
2365 4912 2420 4967 in
2460 4912 2611 4966 ilium
2655 4917 3060 4975 commoverunt
3091 4922 3376 4965 saci-ouu-

1437 5089 1482 5121 ’ί
1514 5088 1684 5154 lsa.1,
1717 5092 1769 5147 t.
1845 5092 1889 5136 ⁴³
1914 5090 2026 5150 «ier.
2051 5089 2184 5161 t,2;
2218 5107 2347 5160 xxv,
2371 5091 2422 5152 t.

1822 5267 3371 5411 3¹¹21¹¹3÷53³1u⁵55¹&iiiiiiixsstssa'azfsllffsffi‘xi’it

1822 5408 1940 5478 ejus
1966 5406 2138 5465 locum
2156 5379 2352 5463 Basilio
2371 5410 2601 5477 quodam
2619 5411 2929 5482 subrogato.
2944 5408 3104 5480 jussit
3126 5376 3376 5464 exsufare

1824 5478 1879 5533 in
1919 5478 2149 5533 concilio
2196 5475 2544 5536 Constantino
2582 5479 2805 5545 olitano,
2848 5493 2990 5533 anno
3032 5475 3372 5533 Constantini

1823 5547 2035 5615 ultimo,
2065 5547 2267 5602 Christi
2301 5546 2427 5613 356,
2480 5564 2544 5604 ce
2564 5549 2774 5613 ebrato,
2811 5546 2964 5616 cujus
3009 5546 3095 5603 hic
3134 5548 3377 5602 meminit

1824 5618 2104 5674 Eusebius.
2136 5615 2190 5670 ln
2250 5631 2319 5671 uo
2353 5617 2613 5673 Eusebius
2644 5618 3386 5744 iileArianorumdirotom«

1825 5688 2031 5748 tarius.
2069 5686 2197 5742 oiim
2279 5686 2672 5755 icomediensis,
2702 5686 3047 5758 praesidebat.
3126 5713 3229 5741 .—
3343 5700 3396 5752 a

1821 5757 1983 5830 vulgo
2010 5756 2211 5812 Πόντου
2234 5773 2293 5811 τε
2318 5755 2430 5813 καί.
