3692 6134
991 352 1082 409 DE
1119 351 1663 413 EchEStASTch
1702 355 2095 417 THEOLOGIA
2131 360 2264 419 ΗΒ.
2306 361 2395 419 ΙΙΙ.

3138 368 3247 427 sn

319 470 472 544 σοφὴν
499 469 612 536 ἕξιν
651 469 945 525 ὑπολαὸεἴν
977 470 1212 544 ἀδελφην
1236 469 1346 524 τῶν
1378 471 1437 525 ὲν
1462 470 1559 526 ἀν·
1587 478 1637 535 A
1661 472 1942 544 pientiam,
1966 488 2212 531 sororem
2240 475 2388 531 dicat
2415 475 2735 532 nominatim
2764 476 3007 533 habitum
3055 492 3243 537 eorum

319 563 657 636 τορθούντων
681 562 971 632 λέγεσθαι;
997 562 1061 616 Et
1087 562 1144 616 δὲ
1169 562 1264 616 ἐπὶ
1298 561 1391 616 τὸν
1425 563 1563 635 Χρι-

319 654 393 710 ;οῦ
429 654 683 719 ὲκλάὅοις
719 655 780 709 τὸ
813 654 1126 728 εἰρημένον,
1170 654 1407 727 Χριστὸς
1455 654 1564 725 γὰρ

319 766 364 813 ις
394 749 490 803 καὶ
530 747 667 802 Θεοῦ
697 749 898 818 Σοφία,
933 747 1087 802 οὐδὲν
1127 746 1378 819 ἐμποδὼν
1413 746 1565 800 ἔσται

319 882 328 904 ,
369 840 494 895 ἐπεὶ
528 841 621 895 καὶΙ
660 840 759 912 τὴν
790 841 928 913 πρὸς
967 842 1115 913 ἡμᾶς
1143 841 1246 894 οὐκ
1285 839 1563 894 ἀναίνεται

363 935 430 989 δι’
461 933 768 1007 ὑπερδολὴν
816 934 1251 1006 φιλανθρωπίας.
1309 934 1373 987 Et
1404 933 1461 987 δὲ
1503 933 1562 987 ἓν

319 1023 374 1097 ἣν
406 1027 435 1079 ὁ
459 1024 615 1090 Θεὸς,
654 1028 750 1082 καὶ
786 1028 820 1099 ἠ
849 1028 907 1080 ὲν
926 1028 1048 1090 ταῖς
1077 1025 1406 1096 Παροιμίαις
1450 1026 1563 1079 εἰσ-

319 1118 524 1189 ρίαέξις
539 1114 675 1173 οὖσα
697 1120 835 1190 σοφὴ
863 1120 922 1172 ὲν
951 1117 1099 1189 αὐτῷ
1123 1117 1407 1190 νοουμένη,
1429 1116 1562 1173 καθὸ

319 1224 376 1269 g,
410 1208 464 1260 τί
489 1207 727 1260 ἐκώλυεν
755 1207 877 1261 ἀντὶ
919 1210 1020 1279 τῆς
1069 1207 1269 1275 Σοφίας
1312 1206 1402 1260 τὸν
1428 1205 1561 1261 Θεὸν

320 1316 405 1364 ἀι;
422 1297 563 1352 ὥστε
574 1299 656 1366 τὸ,
689 1300 749 1353 Ἠ
762 1299 952 1368 Σοφία
972 1299 1358 1367 ᾠκοδόμησεν
1375 1298 1562 1369 ἑαυτῇ

319 1390 608 1459 ὑπήρεισε
636 1392 904 1457 στύλους
931 1389 1100 1455 ἑπτὰ,
1130 1393 1224 1445 καὶ
1252 1392 1320 1445 τὰ
1353 1392 1562 1457 τούτοις

331 1484 579 1555 εἰρῆσθαι
613 1484 735 1538 ἀντὶ
761 1483 879 1549 τοῦ,
917 1484 968 1535 Ὀ
999 1484 1144 1549 Θεὸς
1172 1484 1562 1556 ᾠκοδόμησεν

319 1593 366 1643 ν,
381 1563 564 1629 καὶτὰ
588 1576 714 1647 ἑξῆς
741 1592 756 1607 ·
781 1580 879 1630 καὶ
902 1575 1066 1630 πάλιν
1092 1576 1215 1630 ἀντὶ
1232 1578 1346 1631 τοῦ·
1369 1576 1560 1635 Εἶπον

319 1683 346 1714 ν·
378 1667 503 1735 σὴν
532 1665 812 1735 ἀδελφὴν
841 1662 1026 1732 εἶναι,
1061 1666 1351 1739 λελέχθαι,
1371 1665 1561 1725 Εἶπον

319 1759 409 1811 τὸν
434 1758 705 1828 ἀδελφὸν
735 1755 910 1814 εἶναι.
964 1757 1106 1812 Ἀλλ’
1153 1762 1287 1832 ὁρᾷς
1334 1760 1410 1826 ὡς
1460 1761 1556 1835 τὴν

320 1868 408 1904 ’τει
453 1852 486 1922 ἡ
527 1850 748 1922 τοιαύτη
785 1849 961 1921 φωνὴ,
1003 1851 1105 1905 οὐκ
1142 1850 1342 1922 ἔχουσα
1387 1852 1558 1925 ἀρμο-

319 1944 392 1996 ,πὶ
415 1944 507 1996 τὸν
536 1943 663 1998 Υἰὸν
687 1944 939 2007 ὲκλάὀοις
960 1943 1028 1997 τὰ
1059 1943 1239 2013 λόγια,
1264 1944 1428 2009 αὐτὸς
1444 1945 1556 2017 γὰρ

319 2076 322 2085 .
368 2034 546 2088 πάντα
582 2051 665 2088 σοι
703 2033 981 2106 εὐροησει,
1012 2032 1241 2106 μηδενὸς
1265 2033 1556 2099 δυσσεὸοὗς

324 2125 542 2197 μποδὼν
605 2126 893 2199 ἱσταμένου
915 2166 931 2191 ,
959 2126 1556 2200 συνεπιμαρτυροῦντος

319 2234 395 2273 tou
441 2218 676 2285 Παύλου,
720 2218 780 2283 ὃς
824 2218 917 2272 τὸν
962 2219 1190 2291 Σωτῆρα
1222 2220 1316 2274 καὶ
1351 2219 1555 2293 Κύριον

319 2312 373 2365 ὃν
401 2312 634 2385 Χριστὸν
666 2311 895 2383 λαμπρᾷ
915 2314 984 2383 τῇ
1017 2313 1168 2383 φωνῇ
1202 2310 1400 2382 Σοφίαν
1420 2311 1556 2366 ὠνό-

319 2422 360 2459 ν·
387 2403 641 2473 Χριστὸς
668 2402 815 2458 Θεοῦ
849 2403 1104 2474 δύναμις
1135 2403 1234 2458 καὶ
1270 2403 1417 2458 Θεοῦ
1447 2408 1557 2460 Σο-

319 2515 337 2551 ν
367 2489 471 2551 ὧδέ
521 2512 599 2567 πη
650 2494 1217 2566 κατασκευασμένων,
1261 2494 1554 2550 ἀκόλουθόν

319 2588 377 2642 ὒν
398 2586 836 2660 προεκτεθέντων
870 2587 1147 2651 ἀπάντων,
1174 2584 1236 2653 ἐξ
1266 2587 1431 2642 αὐτοῦ
1458 2587 1553 2642 τοῦ

320 2682 383 2736 ,αὶ
411 2681 492 2746 τὸ,
530 2682 746 2750 Κύριος
777 2679 981 2735 ἕκτισέ
1026 2697 1104 2750 με
1146 2680 1345 2750 ἀρχὴν
1398 2677 1555 2734 ὁδῶν

319 2789 437 2843 pra
465 2771 676 2834 αὑτοῦ,
707 2769 991 2841 λελέχθαι·
1037 2771 1088 2823 εἰ
1116 2769 1172 2824 δὲ
1204 2770 1352 2840 λέγοι
1403 2772 1553 2825 ὲκτίο

320 2864 505 2928 αυτὸν,
546 2864 646 2935 οὐχ
680 2864 757 2929 ὡς
802 2867 867 2919 ὲκ
909 2862 1005 2917 τοῦ
1058 2864 1133 2935 μὴ
1177 2863 1331 2928 ὄντος
1372 2866 1453 2929 εἰς
1492 2865 1554 2920 τὸ

319 2956 460 3023 θὼν,
493 2956 639 3011 τοῦτ’
671 2957 736 3011 ἂν
768 2957 933 3022 εἴποι,
966 2958 1076 3010 οὐδ’
1104 2957 1178 3019 ὡς
1206 2957 1404 3029 ὁμοίως
1438 2961 1553 3022 τοῖς

319 3067 486 3122 ιμασι,
522 3051 616 3103 καὶ
660 3049 822 3112 αὐτὸς
856 3050 922 3102 ὲκ
960 3048 1055 3102 τοῦ
1103 3048 1178 3120 μὴ
1211 3049 1362 3112 ὄντος
1390 3065 1551 3118 γεγο-

1664 564 1755 635 qui
1807 564 1951 621 inter
2000 565 2252 623 homines
2325 578 2474 623 recta
2552 569 2890 639 operantur?
2921 568 3073 638 Quod
3103 572 3148 626 si
3179 572 3247 625 de

1663 657 1883 715 Christo
1914 658 2006 713 Dei
2049 658 2283 730 accipiat
2313 661 2437 731 quis
2479 660 2612 718 iliud
2651 660 2854 717 dictum
2884 679 2899 717 ε
2924 677 3049 718 nam
3079 660 3246 718 Chri·

1662 759 1780 804 stus
1828 747 1923 803 Dei
1978 758 2217 818 potestas
2260 758 2350 805 cst
2388 757 2445 804 et
2488 748 2789 822 Sapientia,
2841 751 2977 808 nibil
3020 752 3246 823 impedit

1665 838 1804 896 banc
1847 840 2283 912 intelligentiam,
2330 842 2768 913 quandoquidem
2815 845 2884 899 ob
2917 845 3241 901 immensum

1662 947 1821 988 sunm
1858 933 1912 989 in
1956 934 2257 990 humanum
2300 951 2470 1006 genus
2517 950 2756 992 amorem
2809 953 2916 993 non
2976 941 3246 995 recusavit

1661 1023 1805 1081 hanc
1853 1025 2274 1083 fraternitatem.
2323 1029 2476 1098 Quod
2524 1031 2569 1087 si
2617 1046 2780 1086 unum
2827 1041 2947 1088 erat
2987 1032 3242 1104 idemque

1663 1118 1829 1187 DenS,
1860 1132 1914 1176 et
1953 1137 2075 1192 qnae
2113 1125 2168 1177 in
2211 1121 2520 1181 Proverbiis
2551 1123 2913 1182 introducitur
2939 1126 3240 1200 Sapientia,

1661 1227 1784 1282 quae
1812 1215 2028 1285 sapiens
2058 1216 2278 1287 quidam
2325 1217 2544 1274 babitus
2573 1227 2657 1275 est
2686 1219 2741 1273 in
2779 1218 2870 1275 iiio
2898 1219 3240 1283 intellectus.

1662 1304 1717 1359 in
1745 1316 2008 1374 quantum
2040 1307 2183 1364 Deus
2230 1309 2469 1378 sapiens,
2502 1310 2634 1380 quid
2664 1311 2915 1378 probibet
2952 1313 3119 1368 Deum
3150 1310 3244 1368 hic

1659 1412 1759 1468 pro
1793 1395 2072 1468 Sapientia
2116 1401 2338 1457 rescribi
2368 1419 2383 1457 ε
2415 1412 2473 1458 ιιι
2512 1404 2592 1459 sic
2635 1404 2723 1459 nbi
2770 1404 2971 1460 dictum
3000 1414 3108 1472 est,
3140 1401 3244 1459 Sa·

1658 1488 1857 1557 pientio
1886 1489 2165 1559 (edificavit
2198 1492 2303 1546 sibi
2345 1492 2578 1559 domum,
2609 1504 2656 1548 ει
2691 1494 2939 1550 solidavit
2967 1495 3243 1549 columnas

1658 1590 1871 1650 reptem,
1906 1592 1960 1636 et
1983 1598 2103 1653 quae
2124 1591 2446 1655 sequuntur,
2468 1585 2671 1640 dictum
2702 1586 2773 1640 sit
2799 1600 2918 1655 pro,
2947 1584 3085 1641 Deua
3110 1586 3245 1640 oedi·

1657 1672 1832 1743 ficavit
1877 1674 1976 1728 ribi
2001 1674 2396 1745 donnum,etc.;
2431 1683 2487 1731 ct
2516 1676 2710 1733 iterum
2743 1691 2840 1747 pro
2865 1691 2950 1743 eo,
2983 1676 3107 1732 Dixi
3132 1675 3241 1732 Sn-

1658 1764 1913 1833 pientiom
1934 1782 2164 1821 sororem
2193 1777 2362 1834 tuam,
2394 1768 2629 1832 dicatur,
2668 1767 2792 1824 Dixi
2826 1768 2992 1824 Deum
3018 1768 3239 1839 fratrem

1589 1834 1630 1890 Β
1658 1865 1826 1909 tuum.
1857 1856 1962 1911 Sed
1997 1865 2055 1910 nt
2084 1873 2243 1914 aures
2274 1860 2550 1928 percutiat
2579 1861 2678 1917 ista
2711 1860 2900 1925 dictio,
2932 1861 3084 1917 vides
3127 1869 3240 1915 tam

1658 1943 1971 2017 incongrua.
2030 1945 2184 2013 Quod
2232 1948 2278 2002 si
2329 1947 2397 2004 de
2452 1948 2591 2004 Filio
2644 1948 2979 2021 Sapientiam
3028 1950 3239 2020 capias,

1655 2037 1835 2091 omnia
1872 2039 2009 2098 bene
2041 2038 2209 2093 fluent
2236 2055 2251 2093 ε
2282 2053 2382 2094 nec
2411 2048 2665 2095 occurret
2690 2041 2785 2095 tibi
2816 2041 3112 2112 quidquam
3145 2038 3239 2095 hic

1658 2128 1970 2198 impietatis»,
2000 2144 2126 2184 cum
2162 2130 2445 2200 perhibeat
2494 2131 2588 2186 tibi
2624 2132 2993 2188 testimonium
3040 2132 3239 2187 beatus

1654 2218 1853 2275 Paulus
1877 2220 2285 2292 apostotus,qui
2303 2222 2622 2292 pronuntiat
2642 2221 2788 2279 clare
2809 2220 3157 2278 servatorem
3181 2230 3239 2278 et

1656 2307 1941 2365 Domi‘num
1973 2317 2214 2365 nostrum
2245 2308 2429 2366 lesum
2454 2309 2734 2367 Christum
2776 2311 2871 2366 Dei
2900 2309 3237 2380 Sapientiam

1654 2404 2070 2470 nominandum,
2121 2402 2211 2458 ubi
2255 2403 2353 2469 ait,
2384 2402 2628 2459 Christus
2659 2403 2752 2458 Dei
2794 2403 3030 2476 potentia
3059 2414 3107 2457 et
3134 2401 3238 2459 Sa·

1652 2498 1852 2572 pientio
1873 2500 1940 2553 ³¹.
1967 2496 2065 2554 ssis
2090 2498 2157 2554 ad
2188 2499 2333 2555 bunc
2360 2497 2575 2553 modum
2608 2496 2679 2552 ita
2710 2495 3010 2569 apparatis,
3039 2497 3108 2552 ad
3138 2510 3233 2552 su·

1652 2582 1837 2662 petius
1861 2590 2134 2661 proposita
2170 2604 2509 2663 consequens
2545 2599 2626 2643 est
2669 2588 2790 2655 hoc,
2816 2587 3075 2645 Dominus
3102 2605 3233 2644 con-

1652 2680 1791 2738 didit
1823 2699 1905 2738 me
1922 2683 2241 2754 principium
2270 2682 2474 2738 viarum
2500 2697 2719 2736 auarum
2745 2680 2816 2735 ad
2838 2697 2997 2752 opera
3020 2681 3135 2752 ejas
3160 2681 3232 2751 ’⁸,

1654 2790 1686 2831 e
1739 2789 1973 2846 persona
2020 2773 2137 2845 ejus
2183 2774 2456 2845 usurpari.
2493 2774 2647 2843 Quod
2675 2773 2720 2831 si
2766 2774 2916 2830 dicat
2950 2775 3230 2831 conditum

1655 2866 1803 2921 iilum
1831 2866 2019 2934 fuisse,
2047 2883 2153 2922 non
2183 2868 2254 2922 ita
2279 2868 2435 2935 dixit,
2458 2866 2614 2938 quasi
2644 2865 2803 2922 vellet
2828 2866 3080 2938 intelligi,
3105 2880 3230 2923 eut:

1652 2958 1720 3014 de
1752 2973 1862 3013 non
1892 2970 2021 3015 ente
2049 2960 2116 3014 ad
2143 2973 2263 3015 esse
2290 2958 2778 3030 processissemec
2805 2958 2969 3029 quod,
3001 2960 3070 3016 ad
3113 2974 3231 3015 mo·

1652 3049 1779 3105 dum
1817 3062 2194 3107 creaturarum
2224 3050 2579 3123 reliquarum,
2615 3051 2681 3107 de
2732 3065 2839 3106 non
2869 3061 2996 3108 ente
3025 3052 3229 3122 produ-

319 3143 450 3197 ·οὺκ
472 3142 647 3215 ὀρθῶς
670 3140 1186 3213 ὑπειλήφασιν,ἀλλ’
1206 3141 1281 3205 ὡς
1303 3138 1554 3211 ὑφεστὼς
1578 3178 1622 3238 c
1654 3140 1900 3209 cebatur,
1927 3141 2073 3211 quod
2106 3140 2353 3197 nonnulii
2389 3139 2571 3199 minus
2600 3155 2745 3198 recte
2774 3150 2901 3197 sunt
2929 3142 3179 3198 arbitrati
3210 3160 3226 3197 e

319 3252 382 3300 ιν,
427 3232 613 3304 προών
651 3249 712 3286 τε
753 3231 850 3286 καὶ
887 3232 1258 3305 προῦπάρχων
1305 3232 1408 3304 τῆς
1449 3231 1546 3286 τοῦ

319 3342 404 3379 tou
442 3322 773 3387 συστάσεως,
801 3323 991 3396 ἄρχειν
1023 3323 1080 3379 δὲ
1108 3323 1219 3378 τῶν
1261 3324 1398 3380 ὅλων
1441 3323 1548 3378 ὑπὸ

319 3414 477 3470 αὐτοῦ
495 3416 706 3489 Πατρὸς
727 3415 1200 3490 κατατεταγμένος
1222 3434 1237 3447 ·
1255 3415 1372 3484 τοῦ,
1391 3417 1460 3471 ἐκ
1468 3434 1551 3471 τι-

319 3510 371 3565 io.
406 3508 526 3565 ἀντὶ
555 3507 672 3576 τοῦ,
704 3509 1050 3575 κατέταξεν,
1086 3509 1121 3583 ἢ
1147 3509 1545 3580 κατέστησεν,

319 3602 617 3678 Διαῤῥήδην
629 3603 759 3673 γοῦν
779 3604 907 3668 τοὺς
928 3604 991 3657 ὲν
1019 3601 1326 3676 ἀνθρώποις
1354 3603 1548 3677 ἄρχον-

323 3696 489 3767 μόνας
519 3696 696 3750 κτίσιν
715 3695 1000 3767 ὠνόμασεν
1026 3698 1055 3751 ὀ
1083 3696 1253 3752 εἰπὼν
1286 3697 1546 3751 ’Δπόστο-

319 3788 493 3859 amre
538 3787 707 3859 πάσῃ
754 3788 948 3843 κτίσει
998 3788 1342 3858 ἀνθρωπίνῃ
1367 3828 1383 3855 ,
1445 3787 1546 3843 διὰ

319 3898 362 3913 ··
402 3880 524 3936 εἴτε
546 3879 823 3947 βασιλεῖ,
870 3880 952 3944 ὡς
995 3877 1379 3949 ὑπερέχοντι·
1424 3878 1546 3933 εἴτε

319 3972 383 4037 ὓς
414 3969 489 4025 δι’
512 3970 703 4026 αὐτοῦ
726 3969 1150 4041 πεμπομένοις.
1174 3970 1284 4023 Καὶ
1309 3969 1338 4021 ὁ
1374 3967 1545 4022 εἰπὼν

323 4105 337 4128 ,
366 4058 702 4131 Ἐτοιμάζου
723 4060 830 4116 τοῦ
844 4059 1257 4115 ἐπικαλεῖσθαι
1272 4057 1381 4113 τὸν
1396 4059 1544 4114 Θεόν

319 4154 370 4221 ζιλ
385 4169 399 4183 ·
431 4151 583 4208 διότι
633 4151 763 4207 ἰδοὺ
797 4151 1062 4221 στερεῶν
1096 4152 1389 4220 βρόντην,
1437 4149 1539 4204 καί

319 4245 454 4314 ῦμα,
487 4244 586 4299 καί
638 4242 1030 4315 ἀναγγέλλων
1056 4246 1143 4310 εὶς
1191 4240 1543 4311 ἀνθρώπους

320 4354 355 4391 ν
394 4336 598 4392 αὐτοῦ.
631 4336 743 4390 Καὶ
771 4335 854 4401 τὸ,
887 4334 1183 4407 Γραφήτω
1225 4333 1337 4408 (65)
1384 4334 1540 4404 αὕτη

319 4427 550 4497 ἑτέραν,
577 4426 678 4483 καὶ
705 4427 857 4496 λαὸς
885 4431 919 4483 ὀ
949 4427 1284 4497 κτιζόμενος
1311 4424 1542 4481 αἰνέσει

1652 3230 1748 3285 sed
1777 3231 1922 3303 quod
1950 3231 2252 3289 subsistens
2298 3240 2355 3288 et
2391 3232 2601 3300 vivens,
2649 3233 2743 3288 sed
2786 3232 2929 3303 quod
2971 3235 3231 3303 praeexsi·

1653 3332 1825 3389 stens,
1855 3329 1911 3377 et
1940 3324 2381 3392 praesubsistens,
2421 3333 2552 3380 ante
2582 3338 2799 3380 omnem
2833 3322 3017 3379 mundi
3041 3326 3231 3381 condi-

1655 3412 1855 3469 tionem
1883 3426 2041 3471 erat:
2072 3421 2132 3481 ›1‹
2159 3416 2415 3487 quodque
2446 3432 2477 3472 a
2517 3416 2743 3474 Domino
2770 3430 2870 3472 suo
2902 3416 3062 3473 Patre
3095 3432 3231 3474 con-

1650 3506 1874 3562 stitutus
1917 3515 2002 3562 est
2028 3508 2271 3563 omnium
2307 3508 2635 3575 dominator,
2664 3507 2843 3579 posito
2884 3506 2995 3575 iiio,
3045 3511 3229 3565 condi-

1650 3598 1749 3665 dit,
1804 3597 1913 3655 boc
1961 3600 2016 3655 in
2065 3598 2204 3664 loco,
2253 3615 2349 3671 pro
2393 3600 2685 3667 constituit,
2716 3600 2799 3657 vei
2833 3599 3116 3657 ordinarie.
3142 3601 3229 3657 Di-

1649 3691 1812 3747 aertis
1837 3691 2017 3747 verbis
2041 3690 2315 3762 principes
2339 3702 2396 3747 et
2418 3693 2586 3750 duces
2608 3692 2751 3749 inter
2772 3693 3041 3758 homines,
3072 3708 3228 3751 crea-

1653 3790 1826 3838 turam
1858 3782 2151 3853 Apostolus
2189 3782 2511 3852 nominavit,
2540 3784 2630 3841 ubi
2654 3784 2769 3839 ait:
2799 3784 3036 3855 subjecti
3062 3797 3227 3842 estote

1650 3872 1791 3926 omni
1824 3872 2074 3927 liumanoe
2114 3882 2373 3930 creaturoe
2404 3884 2615 3947 propter
2649 3873 2958 3943 Dominum,
2982 3877 3090 3932 aive
3117 3878 3228 3951 regi

1649 3970 1707 4017 ιιι
1735 3963 2032 4032 excellenti,
2052 3964 2162 4020 rire
2181 3966 2503 4037 principibus
2540 3976 2599 4020 ιιι
2634 3965 2699 4021 ab
2732 3965 2828 4022 illo
2854 3967 3111 4025 mirria⁸⁸.
3157 3969 3228 4023 Et

1648 4055 1911 4125 propbeta
1945 4057 2035 4127 qui
2070 4056 2208 4114 dixit
2237 4074 2252 4111 :
2285 4054 2622 4127 Proeparare,
2653 4066 2709 4111 ιιι
2740 4068 2949 4113 vocetur
2980 4074 3138 4128 super
3174 4067 3227 4114 ιε

1648 4144 1790 4202 Deua
1812 4147 1985 4204 Israel
2017 4164 2037 4204 .·
2060 4159 2336 4221 propterea
2369 4165 2486 4204 ecce
2518 4148 2700 4219 firmat
2724 4150 2946 4213 tonitru,
2970 4157 3019 4203 et
3044 4148 3226 4203 condit

1647 4250 1843 4307 ventos,
1879 4247 1930 4296 el
1954 4241 2240 4296 annuntiat
2270 4240 2404 4297 inter
2440 4241 2675 4296 homines
2700 4238 2968 4295 Christum
2992 4240 3221 4295 auttm⁸⁸.

1651 4330 1715 4385 Et
1750 4331 1896 4397 iilud,
1928 4332 2211 4389 scribatur
2237 4332 2332 4388 illa
2365 4333 2421 4388 in
2449 4332 2842 4405 yenerationem
2882 4331 3132 4398 alteram,
3162 4340 3224 4388 ret

1645 4422 1870 4493 populus
1893 4425 1983 4495 qui
1999 4425 2246 4479 conditur
2261 4425 2436 4480 laudet
2449 4423 2806 4480 hominunm.
2829 4422 2960 4480 titud
2984 4424 3224 4479 condidit

319 4520 428 4585 ·τὸ,
451 4519 682 4585 κτίζων,
695 4519 788 4574 ἐπὶ
804 4518 900 4574 τοῦ
915 4518 1196 4590 γεγονότος
1215 4517 1274 4583 ἐξ
1290 4518 1535 4590 ἀνυπαρ-
1568 4542 1615 4597 D
1647 4529 1745 4584 pro
1774 4529 1841 4571 eo
1873 4517 2018 4587 quod
2054 4515 2158 4571 luit
2184 4527 2458 4588 sumptum
2493 4525 2600 4583 est,
2624 4519 2750 4588 quia
2770 4518 2884 4587 jam
2930 4526 3058 4572 ante
3079 4527 3220 4572 erat.

319 4628 459 4683 ηφεν.
481 4611 556 4665 Οὐ
571 4611 682 4684 γὰρ
712 4611 833 4666 τότε
855 4610 1068 4666 ἔκτισεν
1083 4611 1112 4664 ὁ
1131 4607 1263 4674 Θεὸς
1292 4608 1354 4661 τὸ
1375 4606 1539 4662 πνεῦ-

319 4702 536 4775 Ι(ριστὸν
564 4701 732 4757 αὐτοῦ
759 4703 825 4756 δι’
842 4699 1007 4757 αὑτοῦ
1037 4701 1201 4754 πᾶσιν
1230 4698 1535 4771 ἀνθριίιποις

332 4810 345 4823 ·
373 4792 524 4847 οὐδὲν
573 4792 682 4865 γὰρ
733 4790 1043 4862 πρόσφατον
1081 4789 1185 4843 ὑπὸ
1224 4788 1316 4843 τὸν
1362 4788 1533 4859 ἣλιον.

319 4905 346 4950 ν,
369 4885 464 4940 καὶ
484 4884 860 4957 προϋπῆρχεν,
880 4880 1238 4935 ἀπεστέλλετο
1258 4881 1315 4935 δὲ
1335 4879 1455 4934 καθ’
1471 4880 1533 4935 ὃν

319 4997 330 5029 o
368 4980 420 5032 οί
466 4974 756 5031 ἀπόστολοι
801 4973 1130 5045 συνηγμένοι
1158 4990 1171 5003 ·
1224 4974 1314 5027 ὅτε
1365 4971 1528 5043 δίκην

319 5073 445 5124 ὲνετο
463 5066 596 5141 ἦχος
623 5070 688 5123 ἐκ
714 5065 807 5121 τοῦ
834 5064 1062 5139 οὐρανοῦ
1078 5106 1094 5133 ,
1149 5062 1340 5135 ὥσπερ
1368 5080 1532 5136 φερο-

319 5178 342 5223 ς
395 5161 573 5230 βιαίας
593 5201 608 5225 ,
658 5156 1058 5231 ἐπληρώθησαν
1102 5173 1162 5209 τε
1214 5154 1532 5226 Πνεύμίιτος

324 5249 464 5314 ὖτως
490 5253 568 5313 εἰς
591 5252 800 5313 πάντας
827 5246 1147 5320 ἀνθρώπους
1172 5247 1264 5302 τὸν
1296 5247 1531 5319 Χριστὸν

319 5340 621 5413 τήγγειλαν,
645 5340 955 5404 ἀκολούθως
985 5340 1052 5411 τῇ
1086 5337 1395 5411 προφητεία
1423 5352 1530 5407 φη-

323 5522 447 5649 gs..
476 5535 598 5593 pag.
631 5521 754 5576 itit.
831 5521 878 5554 ’¹
911 5521 933 5575 t
961 5520 1090 5577 Cor.
1114 5536 1155 5585 ι,
1188 5518 1280 5574 24.

319 5622 325 5649 ι
373 5631 390 5648 .

319 5793 338 5902 ζ
373 5777 586 5902 σοφὲαν,
619 5776 734 5845 Ξξιν
759 5785 812 5833 et
845 5792 970 5833 mox
1000 5773 1239 5831 έκλάδοι.

362 5865 465 5902 au.
499 5867 547 5904 ν.

1384 5515 1600 5575 ”Pron
1628 5518 1861 5587 vindi

1641 4606 1828 4678 Neque
1855 4610 2000 4663 enim
2032 4619 2145 4665 tum
2174 4610 2414 4667 condidit
2438 4610 2578 4666 Deus
2601 4612 2871 4682 spiritum,
2903 4625 3030 4667 cum
3063 4608 3225 4667 Chri·

1640 4712 1782 4757 stum
1816 4718 1974 4758 suum
2006 4717 2104 4774 per
2145 4702 2298 4759 iilum
2348 4704 2616 4760 universis
2660 4701 2974 4760 hominibus
3009 4718 3224 4759 annun-

1645 4794 1842 4848 tiaret:
1874 4794 1999 4864 quia
2037 4794 2170 4850 nihii
2212 4794 2336 4850 novi
2380 4803 2466 4851 est
2514 4793 2618 4851 sub
2668 4794 2782 4851 soie
2826 4796 2968 4851 :scd
3004 4803 3122 4851 erat
3166 4804 3223 4851 et

1640 4884 1935 4940 exsistebat
1966 4893 2129 4942 ante:
2158 4886 2475 4942 mittebatur
2510 4896 2691 4944 autem
2722 4901 2790 4943 eo
2818 4896 3060 4959 tempore
3093 4902 3216 4944 cum

1641 4973 1694 5029 in
1726 4989 1892 5029 unum
1922 4976 2231 5047 congregati
2274 4975 2503 5047 apostoli
2549 4983 2708 5031 erant
2734 4994 2748 5032 :
2775 4991 2899 5033 cum
2941 4976 3008 5031 ad
3047 4976 3219 5030 instar

1642 5067 1877 5123 tonitrus
1913 5066 2089 5123 sactus
2121 5076 2204 5123 est
2247 5067 2461 5123 sonitus
2495 5066 2688 5139 ingens
2733 5068 2801 5123 de
2845 5066 2985 5123 coelo
3012 5066 3217 5123 :veluti

1640 5156 2000 5215 descendente
2036 5159 2233 5229 spiritu
2274 5158 2700 5225 vehementiore,
2752 5168 2807 5215 et
2853 5158 3046 5229 repleti
3090 5171 3219 5214 sunt

1640 5248 1846 5320 Spiritu
1872 5261 2083 5307 sancto.
2108 5252 2284 5322 Atque
2313 5250 2387 5307 ita
2404 5250 2681 5307 Christum
2708 5248 2941 5317 Domini,
2981 5251 3033 5305 in
3061 5265 3219 5305 mun-

1639 5338 1767 5395 dum
1830 5341 2145 5398 universum
2215 5342 2609 5398 annuntiarunt
2639 5355 2657 5396 τ
2688 5340 2843 5412 iuxta
2902 5340 3218 5396 vaticinium

1974 5518 2221 5575 ’‘iPetr.
2255 5534 2320 5587 ιι,
2344 5519 2436 5587 ¹3,
2478 5521 2565 5576 u.
2654 5520 2977 5585 ’'Auitostv,
3009 5518 3098 5585 ta,
3126 5517 3215 5573 ¹5.

1706 5771 1820 5845 (63)
1861 5769 2028 5844 Vulgo
2060 5771 2197 5844 αὐτή
2221 5811 2237 5838 ,
2262 5780 2317 5828 et
2347 5786 2470 5828 mox
2499 5770 2708 5840 αἱνήσε.
