<?xml version="1.0" encoding="UTF-8"?>
<!DOCTYPE html PUBLIC "-//W3C//DTD XHTML 1.0 Transitional//EN"
    "http://www.w3.org/TR/xhtml1/DTD/xhtml1-transitional.dtd">
<html xmlns="http://www.w3.org/1999/xhtml" xml:lang="en" lang="en">
 <head>
  <title>
</title>
<meta http-equiv="Content-Type" content="text/html;charset=utf-8" />
  <meta name='ocr-system' content='tesseract 3.04.00' />
  <meta name='ocr-capabilities' content='ocr_page ocr_carea ocr_par ocr_line ocrx_word'/>
</head>
<body>
  <div class='ocr_page' id='page_1' title='image "./patrologicursus112migngoog_0187.png"; bbox 0 0 3692 6134; ppageno 0'>
   <div class='ocr_carea' id='block_1_1' title="bbox 922 341 2343 422">
    <p class='ocr_par' dir='ltr' id='par_1_1' title="bbox 922 341 2343 422">
     <span class='ocr_line' id='line_1_1' title="bbox 922 341 2343 422; baseline 0.003 -11"><span class='ocrx_word' id='word_1_1' title='bbox 922 341 1428 412; x_wconf 62' lang='lat' dir='ltr'>commmunia</span> <span class='ocrx_word' id='word_1_2' title='bbox 1464 355 1532 411; x_wconf 78' lang='lat' dir='ltr'>m</span> <span class='ocrx_word' id='word_1_3' title='bbox 1572 354 1832 413; x_wconf 63' lang='lat' dir='ltr'>issum.</span> <span class='ocrx_word' id='word_1_4' title='bbox 1872 349 1944 422; x_wconf 61' lang='lat'>-24</span> <span class='ocrx_word' id='word_1_5' title='bbox 1979 346 2343 421; x_wconf 69' lang='lat' dir='ltr'>cAP.‘xxx.&#39;·</span> 
     </span>
    </p>
   </div>
   <div class='ocr_carea' id='block_1_2' title="bbox 3151 367 3258 423">
    <p class='ocr_par' dir='ltr' id='par_1_2' title="bbox 3151 367 3258 423">
     <span class='ocr_line' id='line_1_2' title="bbox 3151 367 3258 423; baseline -0.028 0"><span class='ocrx_word' id='word_1_6' title='bbox 3151 367 3258 423; x_wconf 75' lang='lat'>506</span> 
     </span>
    </p>
   </div>
   <div class='ocr_carea' id='block_1_3' title="bbox 319 452 3284 651">
    <p class='ocr_par' dir='ltr' id='par_1_3' title="bbox 319 452 3284 651">
     <span class='ocr_line' id='line_1_3' title="bbox 355 452 3256 553; baseline 0.007 -34"><span class='ocrx_word' id='word_1_7' title='bbox 355 465 450 520; x_wconf 75' lang='grc' dir='ltr'>καὶ</span> <span class='ocrx_word' id='word_1_8' title='bbox 476 457 646 535; x_wconf 57' lang='lat' dir='ltr'>autc..</span> <span class='ocrx_word' id='word_1_9' title='bbox 679 459 867 540; x_wconf 68' lang='grc' dir='ltr'><strong>φησῖν,</strong></span> <span class='ocrx_word' id='word_1_10' title='bbox 921 472 972 525; x_wconf 83' lang='grc' dir='ltr'>οἱ</span> <span class='ocrx_word' id='word_1_11' title='bbox 1004 452 1067 527; x_wconf 73' lang='grc' dir='ltr'><strong>ἑν</strong></span> <span class='ocrx_word' id='word_1_12' title='bbox 1125 473 1290 529; x_wconf 85' lang='grc' dir='ltr'><strong>Τάνει</strong></span> <span class='ocrx_word' id='word_1_13' title='bbox 1322 476 1577 549; x_wconf 75' lang='grc' dir='ltr'><strong>ἀρχηγοὶ,</strong></span> <span class='ocrx_word' id='word_1_14' title='bbox 1605 477 1658 537; x_wconf 78' lang='grc' dir='ltr'><strong>Α</strong></span> <span class='ocrx_word' id='word_1_15' title='bbox 1681 472 1988 532; x_wconf 76' lang='lat' dir='ltr'>Pharaonis</span> <span class='ocrx_word' id='word_1_16' title='bbox 2015 482 2159 533; x_wconf 83' lang='lat' dir='ltr'>erat.</span> <span class='ocrx_word' id='word_1_17' title='bbox 2181 475 2453 533; x_wconf 79' lang='lat' dir='ltr'>Caeterum</span> <span class='ocrx_word' id='word_1_18' title='bbox 2479 476 2536 533; x_wconf 80' lang='lat' dir='ltr'>hi</span> <span class='ocrx_word' id='word_1_19' title='bbox 2564 477 2780 549; x_wconf 84' lang='lat' dir='ltr'>quoque</span> <span class='ocrx_word' id='word_1_20' title='bbox 2797 522 2815 547; x_wconf 87' lang='lat'>,</span> <span class='ocrx_word' id='word_1_21' title='bbox 2847 475 2924 534; x_wconf 73' lang='lat' dir='ltr'>ait</span> <span class='ocrx_word' id='word_1_22' title='bbox 2942 519 2958 546; x_wconf 96' lang='lat'>,</span> <span class='ocrx_word' id='word_1_23' title='bbox 2981 479 3256 553; x_wconf 77' lang='lat' dir='ltr'><strong>principes</strong></span> 
     </span>
     <span class='ocr_line' id='line_1_4' title="bbox 319 561 3284 651; baseline 0.004 -36"><span class='ocrx_word' id='word_1_24' title='bbox 319 563 500 651; x_wconf 74' lang='grc' dir='ltr'><strong>ονηροὶ</strong></span> <span class='ocrx_word' id='word_1_25' title='bbox 525 562 675 617; x_wconf 80' lang='grc' dir='ltr'><strong>οὐδὲν</strong></span> <span class='ocrx_word' id='word_1_26' title='bbox 701 563 1076 636; x_wconf 77' lang='grc' dir='ltr'>ὠφελήσουσιν</span> <span class='ocrx_word' id='word_1_27' title='bbox 1100 569 1180 632; x_wconf 83' lang='grc' dir='ltr'>εἰς</span> <span class='ocrx_word' id='word_1_28' title='bbox 1215 568 1276 622; x_wconf 83' lang='grc' dir='ltr'>τὸ</span> <span class='ocrx_word' id='word_1_29' title='bbox 1303 568 1581 640; x_wconf 77' lang='grc' dir='ltr'><strong>ἐπαμῦναι</strong></span> <span class='ocrx_word' id='word_1_30' title='bbox 1684 561 1898 619; x_wconf 81' lang='lat' dir='ltr'>Taneos</span> <span class='ocrx_word' id='word_1_31' title='bbox 1919 604 1936 631; x_wconf 83' lang='lat'>,</span> <span class='ocrx_word' id='word_1_32' title='bbox 1960 565 2140 634; x_wconf 79' lang='lat' dir='ltr'>angeli</span> <span class='ocrx_word' id='word_1_33' title='bbox 2167 565 2328 633; x_wconf 88' lang='lat' dir='ltr'>mali,</span> <span class='ocrx_word' id='word_1_34' title='bbox 2357 566 2490 621; x_wconf 81' lang='lat' dir='ltr'>nibil</span> <span class='ocrx_word' id='word_1_35' title='bbox 2512 567 2778 637; x_wconf 78' lang='lat' dir='ltr'>juvabunt</span> <span class='ocrx_word' id='word_1_36' title='bbox 2806 583 2935 634; x_wconf 76' lang='lat' dir='ltr'>eoS,</span> <span class='ocrx_word' id='word_1_37' title='bbox 2963 571 3057 640; x_wconf 80' lang='lat' dir='ltr'>qui</span> <span class='ocrx_word' id='word_1_38' title='bbox 3094 574 3162 627; x_wconf 89' lang='lat' dir='ltr'>ad</span> <span class='ocrx_word' id='word_1_39' title='bbox 3195 588 3284 650; x_wconf 33' lang='lat' dir='ltr'>se·</span> 
     </span>
    </p>
   </div>
   <div class='ocr_carea' id='block_1_4' title="bbox 319 651 1580 731">
    <p class='ocr_par' dir='ltr' id='par_1_4' title="bbox 319 651 1580 731">
     <span class='ocr_line' id='line_1_5' title="bbox 319 651 1580 731; baseline 0.007 -27"><span class='ocrx_word' id='word_1_40' title='bbox 319 651 553 723; x_wconf 71' lang='grc' dir='ltr'><strong>»υγοῦσιν</strong></span> <span class='ocrx_word' id='word_1_41' title='bbox 575 655 778 723; x_wconf 78' lang='grc' dir='ltr'><strong>αὐτοῖς,</strong></span> <span class='ocrx_word' id='word_1_42' title='bbox 806 656 901 711; x_wconf 75' lang='grc' dir='ltr'>καὶ</span> <span class='ocrx_word' id='word_1_43' title='bbox 915 656 1015 729; x_wconf 82' lang='grc' dir='ltr'>τὴν</span> <span class='ocrx_word' id='word_1_44' title='bbox 1035 654 1099 723; x_wconf 68' lang='grc' dir='ltr'>ἐξ</span> <span class='ocrx_word' id='word_1_45' title='bbox 1118 657 1298 713; x_wconf 83' lang='grc' dir='ltr'><strong>αὐτῶν</strong></span> <span class='ocrx_word' id='word_1_46' title='bbox 1330 658 1580 731; x_wconf 79' lang='grc' dir='ltr'><strong>βοήθειαν</strong></span> 
     </span>
    </p>
   </div>
   <div class='ocr_carea' id='block_1_5' title="bbox 319 745 1579 824">
    <p class='ocr_par' dir='ltr' id='par_1_5' title="bbox 319 745 1579 824">
     <span class='ocr_line' id='line_1_6' title="bbox 319 745 1579 824; baseline 0.006 -25"><span class='ocrx_word' id='word_1_47' title='bbox 319 745 520 818; x_wconf 75' lang='grc' dir='ltr'><strong>μένοις.</strong></span> <span class='ocrx_word' id='word_1_48' title='bbox 567 746 678 800; x_wconf 72' lang='grc' dir='ltr'>Καὶ</span> <span class='ocrx_word' id='word_1_49' title='bbox 701 748 886 814; x_wconf 78' lang='grc' dir='ltr'><strong>αὐτοῖς</strong></span> <span class='ocrx_word' id='word_1_50' title='bbox 916 748 1099 822; x_wconf 74' lang='grc' dir='ltr'><strong>ἔργοις</strong></span> <span class='ocrx_word' id='word_1_51' title='bbox 1134 751 1437 824; x_wconf 73' lang='grc' dir='ltr'><strong>ἐπληροῦτο</strong></span> <span class='ocrx_word' id='word_1_52' title='bbox 1455 752 1579 806; x_wconf 83' lang='grc' dir='ltr'><strong>καθ’</strong></span> 
     </span>
    </p>
   </div>
   <div class='ocr_carea' id='block_1_6' title="bbox 332 838 1579 917">
    <p class='ocr_par' dir='ltr' id='par_1_6' title="bbox 332 838 1579 917">
     <span class='ocr_line' id='line_1_7' title="bbox 332 838 1579 917; baseline 0.006 -26"><span class='ocrx_word' id='word_1_53' title='bbox 332 838 363 891; x_wconf 85' lang='grc' dir='ltr'><strong>ό</strong></span> <span class='ocrx_word' id='word_1_54' title='bbox 406 838 514 893; x_wconf 81' lang='grc' dir='ltr'>τῶν</span> <span class='ocrx_word' id='word_1_55' title='bbox 563 839 921 896; x_wconf 77' lang='grc' dir='ltr'><strong>Βαδυλωνίων</strong></span> <span class='ocrx_word' id='word_1_56' title='bbox 954 841 1227 913; x_wconf 80' lang='grc' dir='ltr'><strong>βασιλεὺς,</strong></span> <span class='ocrx_word' id='word_1_57' title='bbox 1268 844 1579 917; x_wconf 80' lang='grc' dir='ltr'><strong>ὑποχείριον</strong></span> 
     </span>
    </p>
   </div>
   <div class='ocr_carea' id='block_1_7' title="bbox 319 929 1577 1098">
    <p class='ocr_par' dir='ltr' id='par_1_7' title="bbox 319 929 1577 1098">
     <span class='ocr_line' id='line_1_8' title="bbox 319 929 1576 1005; baseline 0.007 -24"><span class='ocrx_word' id='word_1_58' title='bbox 319 948 358 994; x_wconf 71' lang='grc' dir='ltr'>ις</span> <span class='ocrx_word' id='word_1_59' title='bbox 412 929 512 1002; x_wconf 85' lang='grc' dir='ltr'>τὴν</span> <span class='ocrx_word' id='word_1_60' title='bbox 541 929 837 1000; x_wconf 71' lang='grc' dir='ltr'><strong>Αἴγυπτον,</strong></span> <span class='ocrx_word' id='word_1_61' title='bbox 883 932 949 986; x_wconf 80' lang='grc' dir='ltr'>οὐ</span> <span class='ocrx_word' id='word_1_62' title='bbox 983 933 1174 1005; x_wconf 86' lang='grc' dir='ltr'><strong>μόνους</strong></span> <span class='ocrx_word' id='word_1_63' title='bbox 1225 935 1576 1005; x_wconf 75' lang='grc' dir='ltr'><strong>Αἰγυπτίαις,</strong></span> 
     </span>
     <span class='ocr_line' id='line_1_9' title="bbox 319 1020 1577 1098; baseline 0.006 -22"><span class='ocrx_word' id='word_1_64' title='bbox 319 1020 371 1076; x_wconf 65' lang='grc' dir='ltr'>ὃν</span> <span class='ocrx_word' id='word_1_65' title='bbox 406 1022 674 1077; x_wconf 81' lang='grc' dir='ltr'><strong>Ἰουδαίων</strong></span> <span class='ocrx_word' id='word_1_66' title='bbox 695 1024 823 1089; x_wconf 78' lang='grc' dir='ltr'><strong>τοὺς</strong></span> <span class='ocrx_word' id='word_1_67' title='bbox 849 1025 1170 1098; x_wconf 81' lang='grc' dir='ltr'><strong>πρόσφυγας</strong></span> <span class='ocrx_word' id='word_1_68' title='bbox 1192 1027 1393 1092; x_wconf 82' lang='grc' dir='ltr'><strong>αὐτοὺς</strong></span> <span class='ocrx_word' id='word_1_69' title='bbox 1420 1044 1577 1096; x_wconf 85' lang='grc' dir='ltr'><strong>γενο-</strong></span> 
     </span>
    </p>
   </div>
   <div class='ocr_carea' id='block_1_8' title="bbox 319 1116 1582 1193">
    <p class='ocr_par' dir='ltr' id='par_1_8' title="bbox 319 1116 1582 1193">
     <span class='ocr_line' id='line_1_10' title="bbox 319 1116 1582 1193; baseline 0.004 -24"><span class='ocrx_word' id='word_1_70' title='bbox 319 1134 354 1169; x_wconf 73' lang='grc' dir='ltr'>,ε</span> <span class='ocrx_word' id='word_1_71' title='bbox 363 1116 480 1188; x_wconf 84' lang='grc' dir='ltr'>μῶν</span> <span class='ocrx_word' id='word_1_72' title='bbox 504 1117 644 1188; x_wconf 81' lang='grc' dir='ltr'><strong>ὁμοῦ</strong></span> <span class='ocrx_word' id='word_1_73' title='bbox 681 1117 1192 1191; x_wconf 76' lang='grc' dir='ltr'><strong>ἐξηνδραποδίσατο.</strong></span> <span class='ocrx_word' id='word_1_74' title='bbox 1219 1120 1294 1175; x_wconf 78' lang='grc' dir='ltr'>Τὸ</span> <span class='ocrx_word' id='word_1_75' title='bbox 1318 1119 1582 1193; x_wconf 85' lang='grc' dir='ltr'><strong>τηνικαῦ·</strong></span> 
     </span>
    </p>
   </div>
   <div class='ocr_carea' id='block_1_9' title="bbox 318 1209 1576 3116">
    <p class='ocr_par' dir='ltr' id='par_1_9' title="bbox 319 1209 1576 1377">
     <span class='ocr_line' id='line_1_11' title="bbox 319 1209 1576 1286; baseline 0.006 -25"><span class='ocrx_word' id='word_1_76' title='bbox 319 1210 364 1262; x_wconf 75' lang='grc' dir='ltr'>τὶ</span> <span class='ocrx_word' id='word_1_77' title='bbox 394 1209 599 1281; x_wconf 82' lang='grc' dir='ltr'><strong>Φαραὼ</strong></span> <span class='ocrx_word' id='word_1_78' title='bbox 626 1210 737 1264; x_wconf 81' lang='grc' dir='ltr'>τῶν</span> <span class='ocrx_word' id='word_1_79' title='bbox 782 1211 1054 1268; x_wconf 80' lang='grc' dir='ltr'><strong>Ἰουδαίων</strong></span> <span class='ocrx_word' id='word_1_80' title='bbox 1085 1211 1245 1279; x_wconf 68' lang='grc' dir='ltr'><strong>ἐλπὶς</strong></span> <span class='ocrx_word' id='word_1_81' title='bbox 1279 1213 1361 1279; x_wconf 79' lang='grc' dir='ltr'>εἰς</span> <span class='ocrx_word' id='word_1_82' title='bbox 1380 1211 1576 1286; x_wconf 80' lang='grc' dir='ltr'><strong>αἰσχύ·</strong></span> 
     </span>
     <span class='ocr_line' id='line_1_12' title="bbox 320 1300 1038 1377; baseline 0.004 -23"><span class='ocrx_word' id='word_1_83' title='bbox 320 1300 425 1365; x_wconf 86' lang='grc' dir='ltr'><strong>ιδος</strong></span> <span class='ocrx_word' id='word_1_84' title='bbox 449 1302 635 1366; x_wconf 77' lang='grc' dir='ltr'><strong>αὐτοῖς</strong></span> <span class='ocrx_word' id='word_1_85' title='bbox 667 1302 1038 1377; x_wconf 81' lang='grc' dir='ltr'><strong>περιετράπη.</strong></span> 
     </span>
    </p>

    <p class='ocr_par' dir='ltr' id='par_1_10' title="bbox 318 1393 1568 2568">
     <span class='ocr_line' id='line_1_13' title="bbox 319 1393 1563 1472; baseline 0.007 -27"><span class='ocrx_word' id='word_1_86' title='bbox 319 1410 384 1457; x_wconf 68' lang='grc' dir='ltr'>τις</span> <span class='ocrx_word' id='word_1_87' title='bbox 437 1393 547 1447; x_wconf 84' lang='grc' dir='ltr'>τῶν</span> <span class='ocrx_word' id='word_1_88' title='bbox 574 1394 920 1466; x_wconf 79' lang='grc' dir='ltr'><strong>τετραπόδων</strong></span> <span class='ocrx_word' id='word_1_89' title='bbox 966 1394 1078 1449; x_wconf 87' lang='grc' dir='ltr'>τῶν</span> <span class='ocrx_word' id='word_1_90' title='bbox 1131 1396 1192 1450; x_wconf 84' lang='grc' dir='ltr'>ἑν</span> <span class='ocrx_word' id='word_1_91' title='bbox 1238 1397 1303 1470; x_wconf 67' lang='grc' dir='ltr'>τῇ</span> <span class='ocrx_word' id='word_1_92' title='bbox 1348 1397 1563 1472; x_wconf 73' lang='grc' dir='ltr'><strong>ἐρήμῳ.</strong></span> 
     </span>
     <span class='ocr_line' id='line_1_14' title="bbox 333 1481 1566 1562; baseline 0.007 -25"><span class='ocrx_word' id='word_1_93' title='bbox 333 1481 549 1553; x_wconf 75' lang='grc' dir='ltr'><strong>Λῆμμα</strong></span> <span class='ocrx_word' id='word_1_94' title='bbox 573 1483 810 1554; x_wconf 79' lang='grc' dir='ltr'><em>κτηνῶν</em></span> <span class='ocrx_word' id='word_1_95' title='bbox 828 1486 1070 1557; x_wconf 83' lang='grc' dir='ltr'><strong>Νότου.)</strong></span> <span class='ocrx_word' id='word_1_96' title='bbox 1088 1486 1174 1543; x_wconf 86' lang='grc' dir='ltr'>Ἐν</span> <span class='ocrx_word' id='word_1_97' title='bbox 1199 1489 1263 1562; x_wconf 74' lang='grc' dir='ltr'>τῇ</span> <span class='ocrx_word' id='word_1_98' title='bbox 1283 1487 1566 1562; x_wconf 76' lang='grc' dir='ltr'><strong>θλίψεικαὶ</strong></span> 
     </span>
     <span class='ocr_line' id='line_1_15' title="bbox 320 1573 1565 1649; baseline 0.01 -24"><span class='ocrx_word' id='word_1_99' title='bbox 320 1574 407 1647; x_wconf 74' lang='grc' dir='ltr'>ρίᾳ</span> <span class='ocrx_word' id='word_1_100' title='bbox 435 1574 570 1630; x_wconf 79' lang='grc' dir='ltr'><strong>λέων</strong></span> <span class='ocrx_word' id='word_1_101' title='bbox 595 1577 688 1631; x_wconf 72' lang='grc' dir='ltr'>καὶ</span> <span class='ocrx_word' id='word_1_102' title='bbox 718 1577 955 1649; x_wconf 83' lang='grc' dir='ltr'><strong>σκύμνος</strong></span> <span class='ocrx_word' id='word_1_103' title='bbox 978 1573 1209 1647; x_wconf 80' lang='grc' dir='ltr'><strong>λέοντος,</strong></span> <span class='ocrx_word' id='word_1_104' title='bbox 1235 1581 1447 1638; x_wconf 78' lang='grc' dir='ltr'><strong>ἐκεῖθεν</strong></span> <span class='ocrx_word' id='word_1_105' title='bbox 1467 1583 1565 1638; x_wconf 77' lang='grc' dir='ltr'>καὶ</span> 
     </span>
     <span class='ocr_line' id='line_1_16' title="bbox 342 1667 1568 1745; baseline 0.007 -25"><span class='ocrx_word' id='word_1_106' title='bbox 342 1667 538 1738; x_wconf 74' lang='grc' dir='ltr'><strong>ἔκγονα</strong></span> <span class='ocrx_word' id='word_1_107' title='bbox 560 1670 800 1725; x_wconf 81' lang='grc' dir='ltr'><strong>ἀσπίδων</strong></span> <span class='ocrx_word' id='word_1_108' title='bbox 826 1672 1156 1745; x_wconf 79' lang='grc' dir='ltr'><strong>πετομένων,</strong></span> <span class='ocrx_word' id='word_1_109' title='bbox 1179 1674 1231 1728; x_wconf 80' lang='grc' dir='ltr'>οἳ</span> <span class='ocrx_word' id='word_1_110' title='bbox 1252 1674 1447 1745; x_wconf 73' lang='grc' dir='ltr'><strong>ἔφερον</strong></span> <span class='ocrx_word' id='word_1_111' title='bbox 1470 1674 1568 1728; x_wconf 73' lang='grc' dir='ltr'>ἐπὶ</span> 
     </span>
     <span class='ocr_line' id='line_1_17' title="bbox 319 1761 1567 1839; baseline 0.014 -25"><span class='ocrx_word' id='word_1_112' title='bbox 319 1761 530 1832; x_wconf 72' lang='grc' dir='ltr'><strong>ιμήλων</strong></span> <span class='ocrx_word' id='word_1_113' title='bbox 557 1763 648 1817; x_wconf 71' lang='grc' dir='ltr'>τὸν</span> <span class='ocrx_word' id='word_1_114' title='bbox 671 1762 899 1819; x_wconf 82' lang='grc' dir='ltr'><strong>πλοῦτον</strong></span> <span class='ocrx_word' id='word_1_115' title='bbox 942 1767 1124 1821; x_wconf 76' lang='grc' dir='ltr'><strong>αὐτῶν</strong></span> <span class='ocrx_word' id='word_1_116' title='bbox 1152 1767 1291 1839; x_wconf 80' lang='grc' dir='ltr'><strong>πρὸς</strong></span> <span class='ocrx_word' id='word_1_117' title='bbox 1323 1765 1497 1830; x_wconf 59' lang='lat' dir='ltr'>som,</span> <span class='ocrx_word' id='word_1_118' title='bbox 1535 1765 1567 1820; x_wconf 75' lang='grc' dir='ltr'><strong>ὃ</strong></span> 
     </span>
     <span class='ocr_line' id='line_1_18' title="bbox 320 1851 1565 1927; baseline 0.002 -22"><span class='ocrx_word' id='word_1_119' title='bbox 320 1870 372 1905; x_wconf 44' lang='grc' dir='ltr'>*ει</span> <span class='ocrx_word' id='word_1_120' title='bbox 430 1852 655 1916; x_wconf 83' lang='grc' dir='ltr'><strong>αὐτούς·</strong></span> <span class='ocrx_word' id='word_1_121' title='bbox 678 1872 700 1905; x_wconf 71' lang='grc' dir='ltr'><strong>ι</strong></span> <span class='ocrx_word' id='word_1_122' title='bbox 732 1853 822 1907; x_wconf 82' lang='grc' dir='ltr'>διὰ</span> <span class='ocrx_word' id='word_1_123' title='bbox 862 1856 925 1908; x_wconf 79' lang='grc' dir='ltr'>τὸ</span> <span class='ocrx_word' id='word_1_124' title='bbox 950 1855 1162 1927; x_wconf 80' lang='grc' dir='ltr'><strong>ἔρημον</strong></span> <span class='ocrx_word' id='word_1_125' title='bbox 1213 1851 1352 1907; x_wconf 75' lang='grc' dir='ltr'><strong>εἶναι</strong></span> <span class='ocrx_word' id='word_1_126' title='bbox 1382 1855 1565 1908; x_wconf 80' lang='grc' dir='ltr'><strong>πᾶσαν</strong></span> 
     </span>
     <span class='ocr_line' id='line_1_19' title="bbox 319 1944 1567 2017; baseline 0.002 -21"><span class='ocrx_word' id='word_1_127' title='bbox 319 1944 560 2016; x_wconf 82' lang='grc' dir='ltr'><strong>ηρῶσθαι</strong></span> <span class='ocrx_word' id='word_1_128' title='bbox 584 1945 641 1998; x_wconf 76' lang='grc' dir='ltr'><strong>δὲ</strong></span> <span class='ocrx_word' id='word_1_129' title='bbox 671 1948 1017 2017; x_wconf 82' lang='grc' dir='ltr'><strong>τετραπόδων</strong></span> <span class='ocrx_word' id='word_1_130' title='bbox 1061 1947 1172 2000; x_wconf 84' lang='grc' dir='ltr'>τῶν</span> <span class='ocrx_word' id='word_1_131' title='bbox 1221 1945 1353 2016; x_wconf 86' lang='grc' dir='ltr'><strong>παρ’</strong></span> <span class='ocrx_word' id='word_1_132' title='bbox 1383 1947 1567 2007; x_wconf 76' lang='grc' dir='ltr'><strong>αὐτοῖς</strong></span> 
     </span>
     <span class='ocr_line' id='line_1_20' title="bbox 319 2035 1568 2108; baseline 0 -18"><span class='ocrx_word' id='word_1_133' title='bbox 319 2054 424 2101; x_wconf 66' lang='grc' dir='ltr'><strong>νων,</strong></span> <span class='ocrx_word' id='word_1_134' title='bbox 457 2037 681 2091; x_wconf 76' lang='grc' dir='ltr'><strong>καὶτῶν</strong></span> <span class='ocrx_word' id='word_1_135' title='bbox 706 2039 835 2107; x_wconf 86' lang='grc' dir='ltr'><strong>παρ’</strong></span> <span class='ocrx_word' id='word_1_136' title='bbox 852 2038 1036 2101; x_wconf 76' lang='grc' dir='ltr'><strong>αὐτοῖς</strong></span> <span class='ocrx_word' id='word_1_137' title='bbox 1058 2036 1428 2108; x_wconf 69' lang='grc' dir='ltr'><strong>ἐνεργούντων</strong></span> <span class='ocrx_word' id='word_1_138' title='bbox 1452 2035 1568 2091; x_wconf 85' lang='grc' dir='ltr'><strong>δαι·</strong></span> 
     </span>
     <span class='ocr_line' id='line_1_21' title="bbox 318 2127 1567 2200; baseline 0.002 -19"><span class='ocrx_word' id='word_1_139' title='bbox 318 2145 369 2199; x_wconf 67' lang='lat' dir='ltr'>:n</span> <span class='ocrx_word' id='word_1_140' title='bbox 427 2129 609 2182; x_wconf 88' lang='grc' dir='ltr'><strong>τοίνυν</strong></span> <span class='ocrx_word' id='word_1_141' title='bbox 641 2130 676 2199; x_wconf 77' lang='grc' dir='ltr'>ἡ</span> <span class='ocrx_word' id='word_1_142' title='bbox 708 2130 899 2200; x_wconf 78' lang='grc' dir='ltr'><strong>ὅρασις</strong></span> <span class='ocrx_word' id='word_1_143' title='bbox 936 2128 1046 2181; x_wconf 83' lang='grc' dir='ltr'>τῶν</span> <span class='ocrx_word' id='word_1_144' title='bbox 1071 2127 1414 2200; x_wconf 85' lang='grc' dir='ltr'><strong>τετραπόδων</strong></span> <span class='ocrx_word' id='word_1_145' title='bbox 1457 2128 1567 2184; x_wconf 84' lang='grc' dir='ltr'>τῶν</span> 
     </span>
     <span class='ocr_line' id='line_1_22' title="bbox 319 2220 1565 2293; baseline 0.002 -19"><span class='ocrx_word' id='word_1_146' title='bbox 319 2221 474 2275; x_wconf 81' lang='grc' dir='ltr'><strong>ττίων</strong></span> <span class='ocrx_word' id='word_1_147' title='bbox 508 2221 716 2293; x_wconf 77' lang='grc' dir='ltr'><strong>ἐρημίᾳ</strong></span> <span class='ocrx_word' id='word_1_148' title='bbox 751 2220 1037 2292; x_wconf 84' lang='grc' dir='ltr'><strong>ἑθεωρείτο</strong></span> <span class='ocrx_word' id='word_1_149' title='bbox 1058 2220 1136 2292; x_wconf 82' lang='grc' dir='ltr'>τῷ</span> <span class='ocrx_word' id='word_1_150' title='bbox 1168 2222 1446 2293; x_wconf 81' lang='grc' dir='ltr'><strong>προφήτῃ,</strong></span> <span class='ocrx_word' id='word_1_151' title='bbox 1468 2221 1565 2276; x_wconf 76' lang='grc' dir='ltr'>καὶ</span> 
     </span>
     <span class='ocr_line' id='line_1_23' title="bbox 319 2310 1560 2382; baseline 0 -17"><span class='ocrx_word' id='word_1_152' title='bbox 319 2311 620 2382; x_wconf 74' lang='grc' dir='ltr'><strong>πρόσφυγες</strong></span> <span class='ocrx_word' id='word_1_153' title='bbox 657 2311 767 2365; x_wconf 85' lang='grc' dir='ltr'>τῶν</span> <span class='ocrx_word' id='word_1_154' title='bbox 808 2310 1075 2365; x_wconf 80' lang='grc' dir='ltr'><strong>Ἰουδαίων</strong></span> <span class='ocrx_word' id='word_1_155' title='bbox 1103 2311 1431 2382; x_wconf 83' lang='grc' dir='ltr'><strong>ἑπεκόμιζον</strong></span> <span class='ocrx_word' id='word_1_156' title='bbox 1470 2310 1560 2365; x_wconf 77' lang='grc' dir='ltr'>τὸν</span> 
     </span>
     <span class='ocr_line' id='line_1_24' title="bbox 324 2402 1558 2477; baseline 0.002 -21"><span class='ocrx_word' id='word_1_157' title='bbox 324 2402 479 2456; x_wconf 91' lang='grc' dir='ltr'><strong>ῦτον·</strong></span> <span class='ocrx_word' id='word_1_158' title='bbox 519 2403 588 2458; x_wconf 85' lang='grc' dir='ltr'><strong>τά</strong></span> <span class='ocrx_word' id='word_1_159' title='bbox 615 2404 725 2477; x_wconf 87' lang='grc' dir='ltr'><strong>γάρ</strong></span> <span class='ocrx_word' id='word_1_160' title='bbox 756 2406 981 2475; x_wconf 81' lang='grc' dir='ltr'><strong>ταμιεῖα</strong></span> <span class='ocrx_word' id='word_1_161' title='bbox 1010 2403 1112 2474; x_wconf 79' lang='grc' dir='ltr'>τῆς</span> <span class='ocrx_word' id='word_1_162' title='bbox 1151 2404 1358 2458; x_wconf 85' lang='grc' dir='ltr'><strong>ἑαυτῶν</strong></span> <span class='ocrx_word' id='word_1_163' title='bbox 1381 2404 1558 2476; x_wconf 78' lang='grc' dir='ltr'><strong>ψυχῆς</strong></span> 
     </span>
     <span class='ocr_line' id='line_1_25' title="bbox 319 2494 978 2568; baseline -0.003 -17"><span class='ocrx_word' id='word_1_164' title='bbox 319 2498 412 2567; x_wconf 77' lang='grc' dir='ltr'>ικῇ</span> <span class='ocrx_word' id='word_1_165' title='bbox 443 2495 753 2566; x_wconf 76' lang='grc' dir='ltr'><strong>παρέδοσαν</strong></span> <span class='ocrx_word' id='word_1_166' title='bbox 783 2494 978 2568; x_wconf 81' lang='grc' dir='ltr'><strong>πλάνῃ.</strong></span> 
     </span>
    </p>

    <p class='ocr_par' dir='ltr' id='par_1_11' title="bbox 319 2584 1551 3116">
     <span class='ocr_line' id='line_1_26' title="bbox 319 2584 1547 2659; baseline 0.004 -20"><span class='ocrx_word' id='word_1_167' title='bbox 319 2602 375 2639; x_wconf 79' lang='grc' dir='ltr'>οι</span> <span class='ocrx_word' id='word_1_168' title='bbox 414 2584 624 2656; x_wconf 85' lang='grc' dir='ltr'><strong>μάταια</strong></span> <span class='ocrx_word' id='word_1_169' title='bbox 664 2586 761 2639; x_wconf 79' lang='grc' dir='ltr'>καὶ</span> <span class='ocrx_word' id='word_1_170' title='bbox 805 2584 937 2640; x_wconf 83' lang='grc' dir='ltr'>κενά</span> <span class='ocrx_word' id='word_1_171' title='bbox 980 2585 1354 2656; x_wconf 78' lang='grc' dir='ltr'><strong>ὠφελήσουσιν</strong></span> <span class='ocrx_word' id='word_1_172' title='bbox 1383 2588 1547 2659; x_wconf 72' lang='grc' dir='ltr'><strong>ὑμᾶς.</strong></span> 
     </span>
     <span class='ocr_line' id='line_1_27' title="bbox 319 2674 1550 2751; baseline 0.006 -24"><span class='ocrx_word' id='word_1_173' title='bbox 319 2675 557 2743; x_wconf 72' lang='grc' dir='ltr'><strong>οαύτοῖς,</strong></span> <span class='ocrx_word' id='word_1_174' title='bbox 583 2675 689 2740; x_wconf 90' lang='grc' dir='ltr'><strong>ὃτι,</strong></span> <span class='ocrx_word' id='word_1_175' title='bbox 721 2674 985 2748; x_wconf 81' lang='grc' dir='ltr'><strong>Ματαίαὴ</strong></span> <span class='ocrx_word' id='word_1_176' title='bbox 1013 2678 1365 2751; x_wconf 76' lang='grc' dir='ltr'><strong>παράκλησις</strong></span> <span class='ocrx_word' id='word_1_177' title='bbox 1393 2678 1550 2751; x_wconf 84' lang='grc' dir='ltr'><strong>ὑμῶν</strong></span> 
     </span>
     <span class='ocr_line' id='line_1_28' title="bbox 319 2763 1549 2841; baseline 0.002 -17"><span class='ocrx_word' id='word_1_178' title='bbox 319 2763 377 2824; x_wconf 80' lang='grc' dir='ltr'>ὗν</span> <span class='ocrx_word' id='word_1_179' title='bbox 399 2765 630 2832; x_wconf 83' lang='grc' dir='ltr'><strong>καθίσας</strong></span> <span class='ocrx_word' id='word_1_180' title='bbox 659 2768 868 2841; x_wconf 80' lang='grc' dir='ltr'><strong>γράψον</strong></span> <span class='ocrx_word' id='word_1_181' title='bbox 897 2769 990 2822; x_wconf 71' lang='grc' dir='ltr'>ἐπὶ</span> <span class='ocrx_word' id='word_1_182' title='bbox 1014 2768 1205 2837; x_wconf 79' lang='grc' dir='ltr'><strong>πυξίου</strong></span> <span class='ocrx_word' id='word_1_183' title='bbox 1236 2769 1431 2837; x_wconf 88' lang='grc' dir='ltr'><strong>ταῦτα,</strong></span> <span class='ocrx_word' id='word_1_184' title='bbox 1455 2774 1549 2827; x_wconf 76' lang='grc' dir='ltr'>καὶ</span> 
     </span>
     <span class='ocr_line' id='line_1_29' title="bbox 323 2858 1551 2935; baseline 0.004 -23"><span class='ocrx_word' id='word_1_185' title='bbox 323 2858 407 2912; x_wconf 86' lang='grc' dir='ltr'>ὅτι</span> <span class='ocrx_word' id='word_1_186' title='bbox 461 2859 615 2911; x_wconf 79' lang='grc' dir='ltr'><strong>ἔσται</strong></span> <span class='ocrx_word' id='word_1_187' title='bbox 647 2860 727 2922; x_wconf 82' lang='grc' dir='ltr'>εἰς</span> <span class='ocrx_word' id='word_1_188' title='bbox 772 2860 988 2931; x_wconf 78' lang='grc' dir='ltr'><strong>ἡμέρας</strong></span> <span class='ocrx_word' id='word_1_189' title='bbox 1018 2859 1192 2915; x_wconf 89' lang='grc' dir='ltr'><strong>ταῦτα</strong></span> <span class='ocrx_word' id='word_1_190' title='bbox 1220 2862 1424 2935; x_wconf 83' lang='grc' dir='ltr'><strong>καιρῷ,</strong></span> <span class='ocrx_word' id='word_1_191' title='bbox 1454 2864 1551 2917; x_wconf 81' lang='grc' dir='ltr'>καὶ</span> 
     </span>
     <span class='ocr_line' id='line_1_30' title="bbox 319 2948 1550 3025; baseline 0.006 -24"><span class='ocrx_word' id='word_1_192' title='bbox 319 2965 386 3002; x_wconf 92' lang='grc' dir='ltr'>να</span> <span class='ocrx_word' id='word_1_193' title='bbox 407 2965 420 2978; x_wconf 85' lang='grc'><em>·</em></span> <span class='ocrx_word' id='word_1_194' title='bbox 458 2949 543 3001; x_wconf 80' lang='grc' dir='ltr'>ὅτι</span> <span class='ocrx_word' id='word_1_195' title='bbox 575 2951 604 3003; x_wconf 88' lang='grc' dir='ltr'><strong>ὀ</strong></span> <span class='ocrx_word' id='word_1_196' title='bbox 651 2948 779 3013; x_wconf 81' lang='grc' dir='ltr'><strong>λαὸς</strong></span> <span class='ocrx_word' id='word_1_197' title='bbox 810 2951 1044 3022; x_wconf 75' lang='grc' dir='ltr'><strong>ἀπειθὴς</strong></span> <span class='ocrx_word' id='word_1_198' title='bbox 1082 2953 1248 3017; x_wconf 79' lang='grc' dir='ltr'><strong>ἐστιν,</strong></span> <span class='ocrx_word' id='word_1_199' title='bbox 1280 2954 1389 3007; x_wconf 74' lang='grc' dir='ltr'><strong>υἱοὶ</strong></span> <span class='ocrx_word' id='word_1_200' title='bbox 1419 2954 1550 3025; x_wconf 68' lang='grc' dir='ltr'><strong>ψευ-</strong></span> 
     </span>
     <span class='ocr_line' id='line_1_31' title="bbox 337 3040 1544 3116; baseline 0.003 -23"><span class='ocrx_word' id='word_1_201' title='bbox 337 3040 628 3111; x_wconf 73' lang='grc' dir='ltr'><strong>ἠόούλοντο</strong></span> <span class='ocrx_word' id='word_1_202' title='bbox 655 3042 871 3097; x_wconf 77' lang='grc' dir='ltr'><strong>ἀκούειν</strong></span> <span class='ocrx_word' id='word_1_203' title='bbox 903 3043 996 3096; x_wconf 86' lang='grc' dir='ltr'>τὸν</span> <span class='ocrx_word' id='word_1_204' title='bbox 1026 3043 1187 3116; x_wconf 83' lang='grc' dir='ltr'><strong>νόμον</strong></span> <span class='ocrx_word' id='word_1_205' title='bbox 1210 3045 1305 3099; x_wconf 85' lang='grc' dir='ltr'>τοῦ</span> <span class='ocrx_word' id='word_1_206' title='bbox 1330 3046 1464 3101; x_wconf 85' lang='grc' dir='ltr'><strong>Θεοῦ</strong></span> <span class='ocrx_word' id='word_1_207' title='bbox 1486 3064 1499 3077; x_wconf 90' lang='grc'><em>·</em></span> <span class='ocrx_word' id='word_1_208' title='bbox 1522 3064 1544 3097; x_wconf 72' lang='grc' dir='ltr'><strong>ι</strong></span> 
     </span>
    </p>
   </div>
   <div class='ocr_carea' id='block_1_10' title="bbox 319 3132 1622 3233">
    <p class='ocr_par' dir='ltr' id='par_1_12' title="bbox 319 3132 1622 3233">
     <span class='ocr_line' id='line_1_32' title="bbox 319 3132 1622 3233; baseline -0.004 -46"><span class='ocrx_word' id='word_1_209' title='bbox 319 3149 341 3195; x_wconf 79' lang='grc' dir='ltr'>ς</span> <span class='ocrx_word' id='word_1_210' title='bbox 378 3132 473 3187; x_wconf 73' lang='grc' dir='ltr'>καὶ</span> <span class='ocrx_word' id='word_1_211' title='bbox 526 3132 836 3205; x_wconf 82' lang='grc' dir='ltr'><strong>ἀφροσύνης</strong></span> <span class='ocrx_word' id='word_1_212' title='bbox 875 3136 1055 3188; x_wconf 80' lang='grc' dir='ltr'><strong>αὐτῶν</strong></span> <span class='ocrx_word' id='word_1_213' title='bbox 1103 3136 1247 3192; x_wconf 73' lang='grc' dir='ltr'><strong>οὕτω</strong></span> <span class='ocrx_word' id='word_1_214' title='bbox 1292 3153 1411 3203; x_wconf 67' lang='grc' dir='ltr'><strong>ως</strong></span> <span class='ocrx_word' id='word_1_215' title='bbox 1453 3139 1549 3210; x_wconf 71' lang='grc' dir='ltr'>δη-</span> <span class='ocrx_word' id='word_1_216' title='bbox 1580 3175 1622 3233; x_wconf 76' lang='lat' dir='ltr'>C</span> 
     </span>
    </p>
   </div>
   <div class='ocr_carea' id='block_1_11' title="bbox 319 3223 1553 4498">
    <p class='ocr_par' dir='ltr' id='par_1_13' title="bbox 319 3223 1553 4498">
     <span class='ocr_line' id='line_1_33' title="bbox 319 3223 1552 3299; baseline 0.006 -20"><span class='ocrx_word' id='word_1_217' title='bbox 319 3223 448 3280; x_wconf 77' lang='grc' dir='ltr'><strong>ϋῦτε</strong></span> <span class='ocrx_word' id='word_1_218' title='bbox 498 3225 610 3298; x_wconf 85' lang='grc' dir='ltr'><strong>γὰρ</strong></span> <span class='ocrx_word' id='word_1_219' title='bbox 654 3227 704 3279; x_wconf 75' lang='lat' dir='ltr'>oi</span> <span class='ocrx_word' id='word_1_220' title='bbox 756 3225 1008 3298; x_wconf 82' lang='grc' dir='ltr'><strong>αἰσθητοὶ</strong></span> <span class='ocrx_word' id='word_1_221' title='bbox 1067 3228 1376 3299; x_wconf 76' lang='grc' dir='ltr'><strong>Αἰγύπτιοι,</strong></span> <span class='ocrx_word' id='word_1_222' title='bbox 1426 3230 1552 3286; x_wconf 72' lang='grc' dir='ltr'><strong>οὔτε</strong></span> 
     </span>
     <span class='ocr_line' id='line_1_34' title="bbox 319 3315 1552 3397; baseline 0.009 -28"><span class='ocrx_word' id='word_1_223' title='bbox 319 3315 651 3388; x_wconf 61' lang='grc' dir='ltr'><strong>νομιζόμενοι</strong></span> <span class='ocrx_word' id='word_1_224' title='bbox 685 3317 819 3381; x_wconf 72' lang='grc' dir='ltr'><strong>θεοὶ,</strong></span> <span class='ocrx_word' id='word_1_225' title='bbox 858 3319 1150 3392; x_wconf 78' lang='grc' dir='ltr'><strong>βοηθήσειν</strong></span> <span class='ocrx_word' id='word_1_226' title='bbox 1201 3320 1426 3392; x_wconf 73' lang='grc' dir='ltr'><strong>ἔμελλον</strong></span> <span class='ocrx_word' id='word_1_227' title='bbox 1473 3325 1552 3397; x_wconf 83' lang='grc' dir='ltr'>τῷ</span> 
     </span>
     <span class='ocr_line' id='line_1_35' title="bbox 319 3408 1552 3489; baseline 0.009 -30"><span class='ocrx_word' id='word_1_228' title='bbox 319 3425 346 3460; x_wconf 73' lang='grc' dir='ltr'>τι</span> <span class='ocrx_word' id='word_1_229' title='bbox 366 3408 547 3473; x_wconf 85' lang='grc' dir='ltr'><strong>αὐτοῖς</strong></span> <span class='ocrx_word' id='word_1_230' title='bbox 586 3408 852 3465; x_wconf 77' lang='grc' dir='ltr'><strong>Ἰουδαίων</strong></span> <span class='ocrx_word' id='word_1_231' title='bbox 879 3409 1014 3481; x_wconf 80' lang='grc' dir='ltr'><strong>λαῷ.</strong></span> <span class='ocrx_word' id='word_1_232' title='bbox 1045 3411 1203 3467; x_wconf 81' lang='grc' dir='ltr'><strong>Κατὰ</strong></span> <span class='ocrx_word' id='word_1_233' title='bbox 1224 3414 1334 3485; x_wconf 88' lang='grc' dir='ltr'><strong>γάρ</strong></span> <span class='ocrx_word' id='word_1_234' title='bbox 1354 3415 1552 3489; x_wconf 79' lang='grc' dir='ltr'><strong>πολλὴν</strong></span> 
     </span>
     <span class='ocr_line' id='line_1_36' title="bbox 319 3497 1551 3575; baseline 0.007 -22"><span class='ocrx_word' id='word_1_235' title='bbox 319 3518 341 3553; x_wconf 88' lang='grc' dir='ltr'><strong>ν</strong></span> <span class='ocrx_word' id='word_1_236' title='bbox 358 3497 539 3569; x_wconf 75' lang='grc' dir='ltr'><strong>ψυχῆς</strong></span> <span class='ocrx_word' id='word_1_237' title='bbox 562 3497 657 3554; x_wconf 73' lang='grc' dir='ltr'>καὶ</span> <span class='ocrx_word' id='word_1_238' title='bbox 691 3498 813 3553; x_wconf 88' lang='grc' dir='ltr'><strong>καθ’</strong></span> <span class='ocrx_word' id='word_1_239' title='bbox 843 3500 1152 3574; x_wconf 71' lang='grc' dir='ltr'><strong>ὑπερὸολήν</strong></span> <span class='ocrx_word' id='word_1_240' title='bbox 1172 3502 1404 3575; x_wconf 80' lang='grc' dir='ltr'><strong>θλίψεως</strong></span> <span class='ocrx_word' id='word_1_241' title='bbox 1425 3507 1551 3572; x_wconf 79' lang='grc' dir='ltr'><strong>τοὺς</strong></span> 
     </span>
     <span class='ocr_line' id='line_1_37' title="bbox 340 3590 1553 3668; baseline 0.01 -26"><span class='ocrx_word' id='word_1_242' title='bbox 340 3590 666 3661; x_wconf 82' lang='grc' dir='ltr'><strong>ἀνηγόρευον</strong></span> <span class='ocrx_word' id='word_1_243' title='bbox 716 3590 873 3657; x_wconf 84' lang='grc' dir='ltr'><strong>θεούς</strong></span> <span class='ocrx_word' id='word_1_244' title='bbox 911 3610 926 3624; x_wconf 88' lang='grc'><em>·</em></span> <span class='ocrx_word' id='word_1_245' title='bbox 957 3594 1155 3659; x_wconf 79' lang='grc' dir='ltr'><strong>αὐτοὺς</strong></span> <span class='ocrx_word' id='word_1_246' title='bbox 1195 3595 1261 3668; x_wconf 78' lang='grc' dir='ltr'><strong>δὴ</strong></span> <span class='ocrx_word' id='word_1_247' title='bbox 1311 3599 1553 3665; x_wconf 71' lang='grc' dir='ltr'><strong>ἑκείνους</strong></span> 
     </span>
     <span class='ocr_line' id='line_1_38' title="bbox 319 3681 1550 3762; baseline 0.008 -27"><span class='ocrx_word' id='word_1_248' title='bbox 319 3681 413 3755; x_wconf 72' lang='grc' dir='ltr'>χάς</span> <span class='ocrx_word' id='word_1_249' title='bbox 450 3683 628 3738; x_wconf 82' lang='grc' dir='ltr'><strong>αὐτῶν</strong></span> <span class='ocrx_word' id='word_1_250' title='bbox 655 3683 935 3742; x_wconf 76' lang='grc' dir='ltr'><strong>θλίόοντας</strong></span> <span class='ocrx_word' id='word_1_251' title='bbox 962 3686 1058 3740; x_wconf 72' lang='grc' dir='ltr'>καὶ</span> <span class='ocrx_word' id='word_1_252' title='bbox 1084 3688 1550 3762; x_wconf 86' lang='grc' dir='ltr'><strong>στενοχωροῦντας</strong></span> 
     </span>
     <span class='ocr_line' id='line_1_39' title="bbox 319 3770 1546 3850; baseline 0.008 -23"><span class='ocrx_word' id='word_1_253' title='bbox 319 3775 526 3846; x_wconf 88' lang='grc' dir='ltr'><strong>ιίμονας</strong></span> <span class='ocrx_word' id='word_1_254' title='bbox 546 3791 561 3807; x_wconf 88' lang='grc'><em>·</em></span> <span class='ocrx_word' id='word_1_255' title='bbox 591 3778 649 3829; x_wconf 78' lang='grc' dir='ltr'>ὲν</span> <span class='ocrx_word' id='word_1_256' title='bbox 668 3770 750 3841; x_wconf 74' lang='grc' dir='ltr'>οἷς</span> <span class='ocrx_word' id='word_1_257' title='bbox 776 3772 919 3850; x_wconf 82' lang='grc' dir='ltr'><strong>ἦσαν</strong></span> <span class='ocrx_word' id='word_1_258' title='bbox 948 3776 1163 3844; x_wconf 83' lang='grc' dir='ltr'><strong>λέοντες</strong></span> <span class='ocrx_word' id='word_1_259' title='bbox 1187 3781 1283 3835; x_wconf 79' lang='grc' dir='ltr'>καὶ</span> <span class='ocrx_word' id='word_1_260' title='bbox 1302 3782 1546 3850; x_wconf 86' lang='grc' dir='ltr'><strong>ἀσπίδες,</strong></span> 
     </span>
     <span class='ocr_line' id='line_1_40' title="bbox 319 3855 1548 3945; baseline 0.008 -25"><span class='ocrx_word' id='word_1_261' title='bbox 319 3866 530 3936; x_wconf 75' lang='grc' dir='ltr'><strong>ἔκγονα,</strong></span> <span class='ocrx_word' id='word_1_262' title='bbox 555 3868 649 3922; x_wconf 70' lang='grc' dir='ltr'>καὶ</span> <span class='ocrx_word' id='word_1_263' title='bbox 679 3855 852 3937; x_wconf 78' lang='grc' dir='ltr'><strong>ὄφεις,</strong></span> <span class='ocrx_word' id='word_1_264' title='bbox 876 3871 971 3925; x_wconf 77' lang='grc' dir='ltr'>καὶ</span> <span class='ocrx_word' id='word_1_265' title='bbox 996 3870 1133 3926; x_wconf 82' lang='grc' dir='ltr'><strong>ἀλλα</strong></span> <span class='ocrx_word' id='word_1_266' title='bbox 1154 3872 1323 3945; x_wconf 82' lang='grc' dir='ltr'><strong>μυρία</strong></span> <span class='ocrx_word' id='word_1_267' title='bbox 1344 3874 1548 3945; x_wconf 81' lang='grc' dir='ltr'><strong>ἑρπετά</strong></span> 
     </span>
     <span class='ocr_line' id='line_1_41' title="bbox 323 3949 1546 4033; baseline 0.01 -23"><span class='ocrx_word' id='word_1_268' title='bbox 323 3973 388 4010; x_wconf 85' lang='grc' dir='ltr'>α·</span> <span class='ocrx_word' id='word_1_269' title='bbox 425 3949 500 4009; x_wconf 81' lang='grc' dir='ltr'>ὧν</span> <span class='ocrx_word' id='word_1_270' title='bbox 530 3956 737 4022; x_wconf 87' lang='grc' dir='ltr'><strong>εἰκόνες</strong></span> <span class='ocrx_word' id='word_1_271' title='bbox 762 3954 904 4029; x_wconf 80' lang='grc' dir='ltr'><strong>ἦσαν</strong></span> <span class='ocrx_word' id='word_1_272' title='bbox 937 3960 1033 4014; x_wconf 75' lang='grc' dir='ltr'>καὶ</span> <span class='ocrx_word' id='word_1_273' title='bbox 1070 3960 1140 4016; x_wconf 84' lang='grc' dir='ltr'>τὰ</span> <span class='ocrx_word' id='word_1_274' title='bbox 1170 3962 1405 4033; x_wconf 73' lang='grc' dir='ltr'><strong>αἰσθητὰ</strong></span> <span class='ocrx_word' id='word_1_275' title='bbox 1431 3965 1546 4030; x_wconf 80' lang='grc' dir='ltr'>ζῶα</span> 
     </span>
     <span class='ocr_line' id='line_1_42' title="bbox 319 4047 1546 4128; baseline 0.01 -29"><span class='ocrx_word' id='word_1_276' title='bbox 319 4051 360 4119; x_wconf 51' lang='grc' dir='ltr'>ἰς</span> <span class='ocrx_word' id='word_1_277' title='bbox 390 4047 666 4117; x_wconf 80' lang='grc' dir='ltr'><strong>Αἰγύπτου</strong></span> <span class='ocrx_word' id='word_1_278' title='bbox 696 4048 1106 4123; x_wconf 85' lang='grc' dir='ltr'><strong>θεοποιούμενα.</strong></span> <span class='ocrx_word' id='word_1_279' title='bbox 1135 4055 1245 4108; x_wconf 70' lang='grc' dir='ltr'>Καὶ</span> <span class='ocrx_word' id='word_1_280' title='bbox 1265 4055 1373 4128; x_wconf 88' lang='grc' dir='ltr'><strong>γάρ</strong></span> <span class='ocrx_word' id='word_1_281' title='bbox 1396 4055 1546 4112; x_wconf 82' lang='grc' dir='ltr'><strong>λέον·</strong></span> 
     </span>
     <span class='ocr_line' id='line_1_43' title="bbox 328 4139 1548 4221; baseline 0.01 -28"><span class='ocrx_word' id='word_1_282' title='bbox 328 4141 419 4194; x_wconf 74' lang='grc' dir='ltr'>καὶ</span> <span class='ocrx_word' id='word_1_283' title='bbox 456 4139 710 4206; x_wconf 80' lang='grc' dir='ltr'><strong>ἀσπίδας,</strong></span> <span class='ocrx_word' id='word_1_284' title='bbox 756 4142 852 4195; x_wconf 76' lang='grc' dir='ltr'>καὶ</span> <span class='ocrx_word' id='word_1_285' title='bbox 889 4143 1041 4213; x_wconf 76' lang='grc' dir='ltr'><strong>δφεις</strong></span> <span class='ocrx_word' id='word_1_286' title='bbox 1079 4147 1175 4199; x_wconf 77' lang='grc' dir='ltr'>καὶ</span> <span class='ocrx_word' id='word_1_287' title='bbox 1205 4146 1341 4201; x_wconf 84' lang='grc' dir='ltr'><strong>ἀλλα</strong></span> <span class='ocrx_word' id='word_1_288' title='bbox 1379 4150 1548 4221; x_wconf 81' lang='grc' dir='ltr'><strong>μυρία</strong></span> 
     </span>
     <span class='ocr_line' id='line_1_44' title="bbox 319 4232 1545 4312; baseline 0.008 -27"><span class='ocrx_word' id='word_1_289' title='bbox 319 4233 594 4303; x_wconf 78' lang='grc' dir='ltr'><strong>τιμήκασι.</strong></span> <span class='ocrx_word' id='word_1_290' title='bbox 632 4232 771 4304; x_wconf 65' lang='lat' dir='ltr'>&#39;neq</span> <span class='ocrx_word' id='word_1_291' title='bbox 794 4234 924 4302; x_wconf 87' lang='grc' dir='ltr'><strong>γοῦν</strong></span> <span class='ocrx_word' id='word_1_292' title='bbox 944 4235 1054 4289; x_wconf 79' lang='grc' dir='ltr'>ἀπὸ</span> <span class='ocrx_word' id='word_1_293' title='bbox 1068 4236 1168 4307; x_wconf 80' lang='grc' dir='ltr'>τῆς</span> <span class='ocrx_word' id='word_1_294' title='bbox 1198 4238 1309 4292; x_wconf 83' lang='grc' dir='ltr'>τῶν</span> <span class='ocrx_word' id='word_1_295' title='bbox 1329 4239 1545 4312; x_wconf 81' lang='grc' dir='ltr'><strong>νομιζο-</strong></span> 
     </span>
     <span class='ocr_line' id='line_1_45' title="bbox 319 4325 1549 4406; baseline 0.009 -28"><span class='ocrx_word' id='word_1_296' title='bbox 319 4328 352 4390; x_wconf 89' lang='grc' dir='ltr'>’ς</span> <span class='ocrx_word' id='word_1_297' title='bbox 364 4325 502 4379; x_wconf 83' lang='grc' dir='ltr'><strong>θεῶν</strong></span> <span class='ocrx_word' id='word_1_298' title='bbox 524 4327 840 4398; x_wconf 76' lang='grc' dir='ltr'><strong>ἐπωνυμίας</strong></span> <span class='ocrx_word' id='word_1_299' title='bbox 854 4329 1059 4393; x_wconf 82' lang='grc' dir='ltr'><strong>καὶτὰς</strong></span> <span class='ocrx_word' id='word_1_300' title='bbox 1075 4329 1258 4395; x_wconf 78' lang='grc' dir='ltr'><strong>πόλεις</strong></span> <span class='ocrx_word' id='word_1_301' title='bbox 1278 4333 1549 4406; x_wconf 86' lang='grc' dir='ltr'><strong>κεκλήκα-</strong></span> 
     </span>
     <span class='ocr_line' id='line_1_46' title="bbox 320 4416 1546 4498; baseline 0.009 -28"><span class='ocrx_word' id='word_1_302' title='bbox 320 4447 322 4456; x_wconf 40' lang='grc' dir='ltr'><strong>ι</strong></span> <span class='ocrx_word' id='word_1_303' title='bbox 343 4416 572 4482; x_wconf 78' lang='grc' dir='ltr'><strong>λέοντος,</strong></span> <span class='ocrx_word' id='word_1_304' title='bbox 593 4417 693 4491; x_wconf 77' lang='grc' dir='ltr'>τὴν</span> <span class='ocrx_word' id='word_1_305' title='bbox 711 4420 945 4485; x_wconf 81' lang='grc' dir='ltr'><strong>Λεοντὼ,</strong></span> <span class='ocrx_word' id='word_1_306' title='bbox 962 4422 1070 4476; x_wconf 78' lang='grc' dir='ltr'>ἀπὸ</span> <span class='ocrx_word' id='word_1_307' title='bbox 1084 4422 1142 4477; x_wconf 83' lang='grc' dir='ltr'><strong>δὲ</strong></span> <span class='ocrx_word' id='word_1_308' title='bbox 1156 4424 1250 4477; x_wconf 88' lang='grc' dir='ltr'>τοῦ</span> <span class='ocrx_word' id='word_1_309' title='bbox 1271 4425 1430 4490; x_wconf 80' lang='grc' dir='ltr'><strong>κυνὸς</strong></span> <span class='ocrx_word' id='word_1_310' title='bbox 1448 4428 1546 4498; x_wconf 76' lang='grc' dir='ltr'>τὴν</span> 
     </span>
    </p>
   </div>
   <div class='ocr_carea' id='block_1_12' title="bbox 1677 653 3283 1194">
    <p class='ocr_par' dir='ltr' id='par_1_14' title="bbox 1678 653 3283 824">
     <span class='ocr_line' id='line_1_47' title="bbox 1679 653 3283 729; baseline 0.004 -17"><span class='ocrx_word' id='word_1_311' title='bbox 1679 656 2029 727; x_wconf 73' lang='lat' dir='ltr'><strong>confugient,</strong></span> <span class='ocrx_word' id='word_1_312' title='bbox 2051 666 2109 711; x_wconf 85' lang='lat' dir='ltr'>et</span> <span class='ocrx_word' id='word_1_313' title='bbox 2132 671 2289 727; x_wconf 85' lang='lat' dir='ltr'>opem</span> <span class='ocrx_word' id='word_1_314' title='bbox 2315 657 2553 728; x_wconf 86' lang='lat' dir='ltr'>ipsorum</span> <span class='ocrx_word' id='word_1_315' title='bbox 2586 659 2976 729; x_wconf 86' lang='lat' dir='ltr'>implorabunt.</span> <span class='ocrx_word' id='word_1_316' title='bbox 3006 660 3161 727; x_wconf 83' lang='lat' dir='ltr'>Quod</span> <span class='ocrx_word' id='word_1_317' title='bbox 3194 679 3253 718; x_wconf 86' lang='lat' dir='ltr'>re</span> <span class='ocrx_word' id='word_1_318' title='bbox 3279 653 3283 658; x_wconf 67' lang='grc'>’</span> 
     </span>
     <span class='ocr_line' id='line_1_48' title="bbox 1678 747 3251 824; baseline 0.004 -19"><span class='ocrx_word' id='word_1_319' title='bbox 1678 747 1794 818; x_wconf 85' lang='lat' dir='ltr'>ipsa</span> <span class='ocrx_word' id='word_1_320' title='bbox 1828 757 1960 803; x_wconf 91' lang='lat' dir='ltr'>tunc</span> <span class='ocrx_word' id='word_1_321' title='bbox 1997 748 2280 818; x_wconf 85' lang='lat' dir='ltr'>impletum</span> <span class='ocrx_word' id='word_1_322' title='bbox 2318 759 2447 816; x_wconf 87' lang='lat' dir='ltr'>est,</span> <span class='ocrx_word' id='word_1_323' title='bbox 2499 767 2624 807; x_wconf 85' lang='lat' dir='ltr'>eum</span> <span class='ocrx_word' id='word_1_324' title='bbox 2666 766 2760 807; x_wconf 84' lang='lat' dir='ltr'>rex</span> <span class='ocrx_word' id='word_1_325' title='bbox 2805 752 3251 824; x_wconf 79' lang='lat' dir='ltr'>Babyloniorum.</span> 
     </span>
    </p>

    <p class='ocr_par' dir='ltr' id='par_1_15' title="bbox 1678 840 3251 916">
     <span class='ocr_line' id='line_1_49' title="bbox 1678 840 3251 916; baseline 0.003 -19"><span class='ocrx_word' id='word_1_326' title='bbox 1678 840 1915 912; x_wconf 70' lang='lat' dir='ltr'>Egypto</span> <span class='ocrx_word' id='word_1_327' title='bbox 1947 848 2105 910; x_wconf 87' lang='lat' dir='ltr'>capta</span> <span class='ocrx_word' id='word_1_328' title='bbox 2127 881 2147 907; x_wconf 86' lang='lat'>,</span> <span class='ocrx_word' id='word_1_329' title='bbox 2178 856 2285 895; x_wconf 90' lang='lat' dir='ltr'>non</span> <span class='ocrx_word' id='word_1_330' title='bbox 2321 851 2530 898; x_wconf 91' lang='lat' dir='ltr'>tantum</span> <span class='ocrx_word' id='word_1_331' title='bbox 2576 842 2898 916; x_wconf 77' lang='lat' dir='ltr'>AEgyptios,</span> <span class='ocrx_word' id='word_1_332' title='bbox 2940 845 3036 901; x_wconf 85' lang='lat' dir='ltr'>sed</span> <span class='ocrx_word' id='word_1_333' title='bbox 3061 846 3251 915; x_wconf 72' lang='lat' dir='ltr'>{ctiam</span> 
     </span>
    </p>

    <p class='ocr_par' dir='ltr' id='par_1_16' title="bbox 1677 931 3246 1008">
     <span class='ocr_line' id='line_1_50' title="bbox 1677 931 3246 1008; baseline 0.004 -21"><span class='ocrx_word' id='word_1_334' title='bbox 1677 932 1936 1004; x_wconf 75' lang='lat' dir='ltr'>profugos</span> <span class='ocrx_word' id='word_1_335' title='bbox 1961 931 2178 990; x_wconf 65' lang='lat' dir='ltr'>«ludaeos</span> <span class='ocrx_word' id='word_1_336' title='bbox 2215 949 2320 990; x_wconf 82' lang='lat' dir='ltr'>una</span> <span class='ocrx_word' id='word_1_337' title='bbox 2349 934 2631 992; x_wconf 78' lang='lat' dir='ltr'><strong>debellans</strong></span> <span class='ocrx_word' id='word_1_338' title='bbox 2653 975 2669 998; x_wconf 84' lang='lat'>,</span> <span class='ocrx_word' id='word_1_339' title='bbox 2712 939 2954 1008; x_wconf 81' lang='lat' dir='ltr'>captivos</span> <span class='ocrx_word' id='word_1_340' title='bbox 2998 938 3246 994; x_wconf 82' lang='lat' dir='ltr'>abduxit.</span> 
     </span>
    </p>

    <p class='ocr_par' dir='ltr' id='par_1_17' title="bbox 1680 1021 3253 1097">
     <span class='ocr_line' id='line_1_51' title="bbox 1680 1021 3253 1097; baseline 0.004 -19"><span class='ocrx_word' id='word_1_341' title='bbox 1680 1021 1831 1079; x_wconf 84' lang='lat' dir='ltr'>Tunc</span> <span class='ocrx_word' id='word_1_342' title='bbox 1857 1024 2000 1080; x_wconf 84' lang='lat' dir='ltr'>euim</span> <span class='ocrx_word' id='word_1_343' title='bbox 2029 1023 2338 1083; x_wconf 80' lang='lat' dir='ltr'>Judaeorum</span> <span class='ocrx_word' id='word_1_344' title='bbox 2365 1042 2491 1097; x_wconf 88' lang='lat' dir='ltr'>spes</span> <span class='ocrx_word' id='word_1_345' title='bbox 2528 1024 2585 1081; x_wconf 89' lang='lat' dir='ltr'>in</span> <span class='ocrx_word' id='word_1_346' title='bbox 2606 1026 2941 1087; x_wconf 75' lang='lat' dir='ltr'>Pharaonem</span> <span class='ocrx_word' id='word_1_347' title='bbox 2985 1044 3138 1086; x_wconf 78' lang='lat' dir='ltr'>versa</span> <span class='ocrx_word' id='word_1_348' title='bbox 3168 1038 3253 1087; x_wconf 85' lang='lat' dir='ltr'>est</span> 
     </span>
    </p>

    <p class='ocr_par' dir='ltr' id='par_1_18' title="bbox 1679 1114 2840 1194">
     <span class='ocr_line' id='line_1_52' title="bbox 1679 1114 2840 1194; baseline 0.004 -22"><span class='ocrx_word' id='word_1_349' title='bbox 1679 1114 1793 1173; x_wconf 85' lang='lat' dir='ltr'>illis</span> <span class='ocrx_word' id='word_1_350' title='bbox 1817 1116 1872 1172; x_wconf 89' lang='lat' dir='ltr'>in</span> <span class='ocrx_word' id='word_1_351' title='bbox 1901 1118 2273 1176; x_wconf 81' lang='lat' dir='ltr'>confusionem</span> <span class='ocrx_word' id='word_1_352' title='bbox 2303 1129 2360 1176; x_wconf 89' lang='lat' dir='ltr'>et</span> <span class='ocrx_word' id='word_1_353' title='bbox 2387 1122 2441 1178; x_wconf 90' lang='lat' dir='ltr'>in</span> <span class='ocrx_word' id='word_1_354' title='bbox 2468 1120 2840 1194; x_wconf 85' lang='lat' dir='ltr'>opprobrium.</span> 
     </span>
    </p>
   </div>
   <div class='ocr_carea' id='block_1_13' title="bbox 1664 1390 3247 1922">
    <p class='ocr_par' dir='ltr' id='par_1_19' title="bbox 1664 1390 3247 1922">
     <span class='ocr_line' id='line_1_53' title="bbox 1743 1390 3246 1463; baseline 0.005 -17"><span class='ocrx_word' id='word_1_355' title='bbox 1743 1390 1906 1446; x_wconf 69' lang='lat' dir='ltr'>Vsus.</span> <span class='ocrx_word' id='word_1_356' title='bbox 1971 1390 2027 1448; x_wconf 81' lang='lat'>6.</span> <span class='ocrx_word' id='word_1_357' title='bbox 2097 1410 2120 1444; x_wconf 79' lang='grc' dir='ltr'>ι</span> <span class='ocrx_word' id='word_1_358' title='bbox 2191 1393 2342 1450; x_wconf 82' lang='lat' dir='ltr'>Visio</span> <span class='ocrx_word' id='word_1_359' title='bbox 2407 1393 2818 1463; x_wconf 79' lang='lat' dir='ltr'>quadrupedum</span> <span class='ocrx_word' id='word_1_360' title='bbox 2885 1395 2942 1451; x_wconf 90' lang='lat' dir='ltr'>in</span> <span class='ocrx_word' id='word_1_361' title='bbox 3009 1395 3246 1453; x_wconf 87' lang='lat' dir='ltr'>deserto.</span> 
     </span>
     <span class='ocr_line' id='line_1_54' title="bbox 1668 1478 3247 1556; baseline 0.003 -18"><span class='ocrx_word' id='word_1_362' title='bbox 1668 1478 2104 1554; x_wconf 76' lang='lat' dir='ltr'>(Symmachus,</span> <span class='ocrx_word' id='word_1_363' title='bbox 2152 1484 2455 1555; x_wconf 77' lang='lat' dir='ltr'>Assumpeio</span> <span class='ocrx_word' id='word_1_364' title='bbox 2502 1485 2869 1556; x_wconf 60' lang='lat' dir='ltr'>jumentorum</span> <span class='ocrx_word' id='word_1_365' title='bbox 2904 1484 3156 1556; x_wconf 73' lang='lat' dir='ltr'>Austri.)</span> <span class='ocrx_word' id='word_1_366' title='bbox 3188 1486 3247 1542; x_wconf 89' lang='lat' dir='ltr'>ln</span> 
     </span>
     <span class='ocr_line' id='line_1_55' title="bbox 1668 1574 3247 1649; baseline 0.004 -19"><span class='ocrx_word' id='word_1_367' title='bbox 1668 1574 2025 1632; x_wconf 74' lang='lat' dir='ltr'>tribulatione</span> <span class='ocrx_word' id='word_1_368' title='bbox 2056 1585 2112 1631; x_wconf 86' lang='lat' dir='ltr'>et</span> <span class='ocrx_word' id='word_1_369' title='bbox 2143 1579 2395 1649; x_wconf 79' lang='lat' dir='ltr'>angustia</span> <span class='ocrx_word' id='word_1_370' title='bbox 2419 1578 2525 1645; x_wconf 86' lang='lat' dir='ltr'>leo,</span> <span class='ocrx_word' id='word_1_371' title='bbox 2567 1588 2624 1634; x_wconf 86' lang='lat' dir='ltr'>et</span> <span class='ocrx_word' id='word_1_372' title='bbox 2645 1577 2866 1636; x_wconf 84' lang='lat' dir='ltr'>catulus</span> <span class='ocrx_word' id='word_1_373' title='bbox 2892 1578 3086 1645; x_wconf 81' lang='lat' dir='ltr'>leonis,</span> <span class='ocrx_word' id='word_1_374' title='bbox 3120 1581 3247 1636; x_wconf 87' lang='lat' dir='ltr'>inde</span> 
     </span>
     <span class='ocr_line' id='line_1_56' title="bbox 1664 1666 3242 1745; baseline 0.003 -19"><span class='ocrx_word' id='word_1_375' title='bbox 1664 1678 1720 1726; x_wconf 88' lang='lat' dir='ltr'>et</span> <span class='ocrx_word' id='word_1_376' title='bbox 1768 1666 2027 1738; x_wconf 84' lang='lat' dir='ltr'>aspides,</span> <span class='ocrx_word' id='word_1_377' title='bbox 2059 1677 2116 1725; x_wconf 88' lang='lat' dir='ltr'>et</span> <span class='ocrx_word' id='word_1_378' title='bbox 2153 1672 2440 1742; x_wconf 81' lang='lat' dir='ltr'>progenies</span> <span class='ocrx_word' id='word_1_379' title='bbox 2483 1671 2734 1742; x_wconf 82' lang='lat' dir='ltr'>aspidum</span> <span class='ocrx_word' id='word_1_380' title='bbox 2778 1672 3106 1743; x_wconf 84' lang='lat' dir='ltr'>volantium,</span> <span class='ocrx_word' id='word_1_381' title='bbox 3149 1676 3242 1745; x_wconf 80' lang='lat' dir='ltr'>qui</span> 
     </span>
     <span class='ocr_line' id='line_1_57' title="bbox 1668 1759 3242 1831; baseline 0.004 -15"><span class='ocrx_word' id='word_1_382' title='bbox 1668 1759 1919 1817; x_wconf 76' lang='lat' dir='ltr'>serebant</span> <span class='ocrx_word' id='word_1_383' title='bbox 1957 1774 2120 1831; x_wconf 86' lang='lat' dir='ltr'>super</span> <span class='ocrx_word' id='word_1_384' title='bbox 2150 1761 2340 1818; x_wconf 80' lang='lat' dir='ltr'>aslues</span> <span class='ocrx_word' id='word_1_385' title='bbox 2363 1772 2420 1817; x_wconf 86' lang='lat' dir='ltr'>et</span> <span class='ocrx_word' id='word_1_386' title='bbox 2452 1764 2695 1821; x_wconf 86' lang='lat' dir='ltr'>camelos</span> <span class='ocrx_word' id='word_1_387' title='bbox 2744 1764 2968 1822; x_wconf 81' lang='lat' dir='ltr'>divitias</span> <span class='ocrx_word' id='word_1_388' title='bbox 3006 1780 3136 1822; x_wconf 86' lang='lat' dir='ltr'>suas</span> <span class='ocrx_word' id='word_1_389' title='bbox 3173 1768 3242 1823; x_wconf 90' lang='lat' dir='ltr'>ad</span> 
     </span>
     <span class='ocr_line' id='line_1_58' title="bbox 1667 1849 3241 1922; baseline 0.005 -19"><span class='ocrx_word' id='word_1_390' title='bbox 1667 1858 1884 1920; x_wconf 75' lang='lat' dir='ltr'>gentem</span> <span class='ocrx_word' id='word_1_391' title='bbox 1912 1865 2037 1921; x_wconf 66' lang='grc' dir='ltr'><strong>ηοω</strong></span> <span class='ocrx_word' id='word_1_392' title='bbox 2069 1849 2180 1906; x_wconf 88' lang='lat' dir='ltr'>illis</span> <span class='ocrx_word' id='word_1_393' title='bbox 2209 1865 2315 1906; x_wconf 92' lang='lat' dir='ltr'>non</span> <span class='ocrx_word' id='word_1_394' title='bbox 2351 1853 2614 1922; x_wconf 86' lang='lat' dir='ltr'>proderit.</span> <span class='ocrx_word' id='word_1_395' title='bbox 2653 1873 2675 1908; x_wconf 76' lang='grc' dir='ltr'><strong>ι</strong></span> <span class='ocrx_word' id='word_1_396' title='bbox 2725 1854 2861 1922; x_wconf 86' lang='lat' dir='ltr'>Quia</span> <span class='ocrx_word' id='word_1_397' title='bbox 2892 1856 3104 1913; x_wconf 85' lang='lat' dir='ltr'>scilicet</span> <span class='ocrx_word' id='word_1_398' title='bbox 3127 1864 3241 1911; x_wconf 81' lang='lat' dir='ltr'>tota</span> 
     </span>
    </p>
   </div>
   <div class='ocr_carea' id='block_1_14' title="bbox 1672 1941 3243 2105">
    <p class='ocr_par' dir='ltr' id='par_1_20' title="bbox 1672 1941 3243 2105">
     <span class='ocr_line' id='line_1_59' title="bbox 1672 1941 3243 2018; baseline 0.004 -22"><span class='ocrx_word' id='word_1_399' title='bbox 1672 1942 1787 1996; x_wconf 83' lang='lat' dir='ltr'>neo</span> <span class='ocrx_word' id='word_1_400' title='bbox 1809 1954 1979 1994; x_wconf 76' lang='lat' dir='ltr'>vacua</span> <span class='ocrx_word' id='word_1_401' title='bbox 2009 1950 2151 2007; x_wconf 88' lang='lat' dir='ltr'>erat,</span> <span class='ocrx_word' id='word_1_402' title='bbox 2183 1941 2497 2012; x_wconf 75' lang='lat' dir='ltr'><strong>repletaque</strong></span> <span class='ocrx_word' id='word_1_403' title='bbox 2526 1947 2981 2015; x_wconf 83' lang='lat' dir='ltr'>quadrupedibus,</span> <span class='ocrx_word' id='word_1_404' title='bbox 3010 1962 3153 2018; x_wconf 84' lang='lat' dir='ltr'>quos</span> <span class='ocrx_word' id='word_1_405' title='bbox 3184 1957 3243 2002; x_wconf 88' lang='lat' dir='ltr'>ut</span> 
     </span>
     <span class='ocr_line' id='line_1_60' title="bbox 1672 2026 3242 2105; baseline 0.006 -23"><span class='ocrx_word' id='word_1_406' title='bbox 1672 2026 1806 2082; x_wconf 84' lang='lat' dir='ltr'>deos</span> <span class='ocrx_word' id='word_1_407' title='bbox 1835 2026 2109 2093; x_wconf 88' lang='lat' dir='ltr'>colebant,</span> <span class='ocrx_word' id='word_1_408' title='bbox 2142 2043 2354 2083; x_wconf 83' lang='lat' dir='ltr'>necnon</span> <span class='ocrx_word' id='word_1_409' title='bbox 2397 2030 2732 2087; x_wconf 71' lang='lat' dir='ltr'>daemonibus</span> <span class='ocrx_word' id='word_1_410' title='bbox 2772 2047 2942 2101; x_wconf 87' lang='lat' dir='ltr'>penes</span> <span class='ocrx_word' id='word_1_411' title='bbox 2983 2036 3132 2105; x_wconf 89' lang='lat' dir='ltr'>ipsos</span> <span class='ocrx_word' id='word_1_412' title='bbox 3159 2037 3242 2090; x_wconf 85' lang='lat' dir='ltr'>vi-</span> 
     </span>
    </p>
   </div>
   <div class='ocr_carea' id='block_1_15' title="bbox 1646 2115 3244 4489">
    <p class='ocr_par' dir='ltr' id='par_1_21' title="bbox 1658 2115 3244 2545">
     <span class='ocr_line' id='line_1_61' title="bbox 1671 2115 3243 2189; baseline 0.005 -15"><span class='ocrx_word' id='word_1_413' title='bbox 1671 2116 1950 2189; x_wconf 72' lang='lat' dir='ltr'>gentibus.</span> <span class='ocrx_word' id='word_1_414' title='bbox 2007 2115 2138 2172; x_wconf 70' lang='lat' dir='ltr'>llaec</span> <span class='ocrx_word' id='word_1_415' title='bbox 2180 2117 2349 2188; x_wconf 76' lang='lat' dir='ltr'>igitur</span> <span class='ocrx_word' id='word_1_416' title='bbox 2400 2119 2678 2189; x_wconf 78' lang='lat' dir='ltr'>prophetae</span> <span class='ocrx_word' id='word_1_417' title='bbox 2735 2120 2916 2177; x_wconf 87' lang='lat' dir='ltr'>oblata</span> <span class='ocrx_word' id='word_1_418' title='bbox 2972 2135 3055 2179; x_wconf 89' lang='lat' dir='ltr'>est</span> <span class='ocrx_word' id='word_1_419' title='bbox 3106 2127 3243 2182; x_wconf 81' lang='lat' dir='ltr'>visio</span> 
     </span>
     <span class='ocr_line' id='line_1_62' title="bbox 1681 2208 3244 2283; baseline 0.004 -18"><span class='ocrx_word' id='word_1_420' title='bbox 1681 2208 2132 2281; x_wconf 78' lang='lat' dir='ltr'>quadrupedum,</span> <span class='ocrx_word' id='word_1_421' title='bbox 2184 2210 2240 2265; x_wconf 91' lang='lat' dir='ltr'>ln</span> <span class='ocrx_word' id='word_1_422' title='bbox 2282 2208 2662 2283; x_wconf 77' lang='lat' dir='ltr'>AEgyptiorum</span> <span class='ocrx_word' id='word_1_423' title='bbox 2710 2213 3002 2271; x_wconf 71' lang='lat' dir='ltr'>solitudine</span> <span class='ocrx_word' id='word_1_424' title='bbox 3032 2231 3244 2273; x_wconf 90' lang='lat' dir='ltr'>moran-</span> 
     </span>
     <span class='ocr_line' id='line_1_63' title="bbox 1665 2301 3241 2380; baseline 0.004 -22"><span class='ocrx_word' id='word_1_425' title='bbox 1665 2304 1829 2371; x_wconf 88' lang='lat' dir='ltr'>tium,</span> <span class='ocrx_word' id='word_1_426' title='bbox 1855 2304 2017 2373; x_wconf 83' lang='lat' dir='ltr'>queis</span> <span class='ocrx_word' id='word_1_427' title='bbox 2040 2302 2255 2375; x_wconf 69' lang='lat' dir='ltr'>profugi</span> <span class='ocrx_word' id='word_1_428' title='bbox 2283 2301 2595 2361; x_wconf 65' lang='lat' dir='ltr'>ludaeorum</span> <span class='ocrx_word' id='word_1_429' title='bbox 2643 2320 2775 2377; x_wconf 90' lang='lat' dir='ltr'>opes</span> <span class='ocrx_word' id='word_1_430' title='bbox 2822 2321 2949 2363; x_wconf 87' lang='lat' dir='ltr'>suas</span> <span class='ocrx_word' id='word_1_431' title='bbox 2997 2309 3241 2380; x_wconf 90' lang='lat' dir='ltr'>deporta-</span> 
     </span>
     <span class='ocr_line' id='line_1_64' title="bbox 1660 2393 3238 2470; baseline 0.006 -20"><span class='ocrx_word' id='word_1_432' title='bbox 1660 2393 1797 2451; x_wconf 86' lang='lat' dir='ltr'>bant</span> <span class='ocrx_word' id='word_1_433' title='bbox 1822 2413 1839 2450; x_wconf 79' lang='lat' dir='ltr'>z</span> <span class='ocrx_word' id='word_1_434' title='bbox 1866 2410 1996 2450; x_wconf 86' lang='lat' dir='ltr'>nam</span> <span class='ocrx_word' id='word_1_435' title='bbox 2021 2394 2216 2452; x_wconf 77' lang='lat' dir='ltr'>animae</span> <span class='ocrx_word' id='word_1_436' title='bbox 2263 2409 2378 2453; x_wconf 81' lang='lat' dir='ltr'>suae</span> <span class='ocrx_word' id='word_1_437' title='bbox 2414 2398 2677 2467; x_wconf 81' lang='lat' dir='ltr'>penuaria</span> <span class='ocrx_word' id='word_1_438' title='bbox 2705 2397 3034 2470; x_wconf 73' lang='lat' dir='ltr'>AEgyptiaco</span> <span class='ocrx_word' id='word_1_439' title='bbox 3064 2404 3238 2460; x_wconf 89' lang='lat' dir='ltr'>errori</span> 
     </span>
     <span class='ocr_line' id='line_1_65' title="bbox 1658 2486 2009 2545; baseline -0.003 0"><span class='ocrx_word' id='word_1_440' title='bbox 1658 2486 2009 2545; x_wconf 80' lang='lat' dir='ltr'>dediderant.</span> 
     </span>
    </p>

    <p class='ocr_par' dir='ltr' id='par_1_22' title="bbox 1646 2576 3237 4489">
     <span class='ocr_line' id='line_1_66' title="bbox 1728 2576 3237 2653; baseline 0.006 -19"><span class='ocrx_word' id='word_1_441' title='bbox 1728 2576 1899 2635; x_wconf 68' lang='lat' dir='ltr'>Vens.</span> <span class='ocrx_word' id='word_1_442' title='bbox 1933 2579 2054 2635; x_wconf 66' lang='lat'>709.</span> <span class='ocrx_word' id='word_1_443' title='bbox 2088 2597 2110 2634; x_wconf 78' lang='grc' dir='ltr'>ι</span> <span class='ocrx_word' id='word_1_444' title='bbox 2148 2577 2387 2653; x_wconf 69' lang='lat' dir='ltr'>AEgyptii</span> <span class='ocrx_word' id='word_1_445' title='bbox 2416 2580 2619 2638; x_wconf 76' lang='lat' dir='ltr'>trustra</span> <span class='ocrx_word' id='word_1_446' title='bbox 2652 2592 2707 2639; x_wconf 90' lang='lat' dir='ltr'>et</span> <span class='ocrx_word' id='word_1_447' title='bbox 2741 2583 2977 2641; x_wconf 85' lang='lat' dir='ltr'>inaniter</span> <span class='ocrx_word' id='word_1_448' title='bbox 3000 2587 3237 2643; x_wconf 76' lang='lat' dir='ltr'>auxilia-</span> 
     </span>
     <span class='ocr_line' id='line_1_67' title="bbox 1656 2671 3236 2744; baseline 0.003 -16"><span class='ocrx_word' id='word_1_449' title='bbox 1656 2672 1863 2728; x_wconf 89' lang='lat' dir='ltr'>buntur</span> <span class='ocrx_word' id='word_1_450' title='bbox 1892 2671 2062 2729; x_wconf 78' lang='lat' dir='ltr'>vobis.</span> <span class='ocrx_word' id='word_1_451' title='bbox 2107 2671 2384 2728; x_wconf 80' lang='lat' dir='ltr'>Annuntia</span> <span class='ocrx_word' id='word_1_452' title='bbox 2409 2674 2487 2729; x_wconf 89' lang='lat' dir='ltr'>eis</span> <span class='ocrx_word' id='word_1_453' title='bbox 2513 2713 2530 2739; x_wconf 92' lang='lat'>,</span> <span class='ocrx_word' id='word_1_454' title='bbox 2552 2675 2699 2744; x_wconf 88' lang='lat' dir='ltr'>quia,</span> <span class='ocrx_word' id='word_1_455' title='bbox 2732 2674 2880 2731; x_wconf 82' lang='lat' dir='ltr'>Vana</span> <span class='ocrx_word' id='word_1_456' title='bbox 2925 2685 3012 2732; x_wconf 86' lang='lat' dir='ltr'>est</span> <span class='ocrx_word' id='word_1_457' title='bbox 3039 2692 3236 2733; x_wconf 90' lang='lat' dir='ltr'>conso-</span> 
     </span>
     <span class='ocr_line' id='line_1_68' title="bbox 1657 2764 3234 2837; baseline 0.004 -18"><span class='ocrx_word' id='word_1_458' title='bbox 1657 2764 1791 2820; x_wconf 87' lang='lat' dir='ltr'>latio</span> <span class='ocrx_word' id='word_1_459' title='bbox 1813 2773 1994 2821; x_wconf 82' lang='lat' dir='ltr'>vestra</span> <span class='ocrx_word' id='word_1_460' title='bbox 2013 2765 2147 2822; x_wconf 80' lang='lat' dir='ltr'>baec.</span> <span class='ocrx_word' id='word_1_461' title='bbox 2182 2764 2339 2820; x_wconf 89' lang='lat' dir='ltr'>Nunc</span> <span class='ocrx_word' id='word_1_462' title='bbox 2370 2765 2538 2837; x_wconf 81' lang='lat' dir='ltr'>igitur</span> <span class='ocrx_word' id='word_1_463' title='bbox 2558 2766 2758 2823; x_wconf 85' lang='lat' dir='ltr'>sedens</span> <span class='ocrx_word' id='word_1_464' title='bbox 2794 2769 2974 2825; x_wconf 83' lang='lat' dir='ltr'>scribe</span> <span class='ocrx_word' id='word_1_465' title='bbox 3005 2770 3062 2824; x_wconf 91' lang='lat' dir='ltr'>in</span> <span class='ocrx_word' id='word_1_466' title='bbox 3089 2771 3234 2825; x_wconf 79' lang='lat' dir='ltr'>buxo</span> 
     </span>
     <span class='ocr_line' id='line_1_69' title="bbox 1658 2855 3230 2929; baseline 0.003 -19"><span class='ocrx_word' id='word_1_467' title='bbox 1658 2855 1794 2919; x_wconf 59' lang='lat' dir='ltr'>baec,</span> <span class='ocrx_word' id='word_1_468' title='bbox 1824 2863 1881 2910; x_wconf 94' lang='lat' dir='ltr'>et</span> <span class='ocrx_word' id='word_1_469' title='bbox 1913 2856 1970 2910; x_wconf 90' lang='lat' dir='ltr'>in</span> <span class='ocrx_word' id='word_1_470' title='bbox 2002 2856 2164 2924; x_wconf 86' lang='lat' dir='ltr'>libro,</span> <span class='ocrx_word' id='word_1_471' title='bbox 2200 2857 2328 2927; x_wconf 88' lang='lat' dir='ltr'>quia</span> <span class='ocrx_word' id='word_1_472' title='bbox 2351 2866 2511 2911; x_wconf 89' lang='lat' dir='ltr'>erunt</span> <span class='ocrx_word' id='word_1_473' title='bbox 2544 2856 2600 2910; x_wconf 90' lang='lat' dir='ltr'>in</span> <span class='ocrx_word' id='word_1_474' title='bbox 2634 2857 2752 2913; x_wconf 88' lang='lat' dir='ltr'>dies</span> <span class='ocrx_word' id='word_1_475' title='bbox 2796 2859 2912 2915; x_wconf 77' lang='lat' dir='ltr'>lnce</span> <span class='ocrx_word' id='word_1_476' title='bbox 2963 2867 3230 2929; x_wconf 86' lang='lat' dir='ltr'>tempore,</span> 
     </span>
     <span class='ocr_line' id='line_1_70' title="bbox 1654 2948 3233 3023; baseline 0.003 -21"><span class='ocrx_word' id='word_1_477' title='bbox 1654 2957 1710 3003; x_wconf 87' lang='lat' dir='ltr'>et</span> <span class='ocrx_word' id='word_1_478' title='bbox 1742 2961 1918 3017; x_wconf 85' lang='lat' dir='ltr'>usque</span> <span class='ocrx_word' id='word_1_479' title='bbox 1958 2948 2013 3003; x_wconf 90' lang='lat' dir='ltr'>in</span> <span class='ocrx_word' id='word_1_480' title='bbox 2064 2949 2326 3003; x_wconf 66' lang='lat' dir='ltr'>saeculum</span> <span class='ocrx_word' id='word_1_481' title='bbox 2374 2963 2389 3002; x_wconf 71' lang='grc' dir='ltr'>ε</span> <span class='ocrx_word' id='word_1_482' title='bbox 2424 2950 2549 3017; x_wconf 89' lang='lat' dir='ltr'>quia</span> <span class='ocrx_word' id='word_1_483' title='bbox 2578 2949 2825 3019; x_wconf 69' lang='lat' dir='ltr'>populus,</span> <span class='ocrx_word' id='word_1_484' title='bbox 2852 2950 3233 3023; x_wconf 78' lang='lat' dir='ltr'>immorigerus</span> 
     </span>
     <span class='ocr_line' id='line_1_71' title="bbox 1653 3040 3230 3115; baseline 0.004 -20"><span class='ocrx_word' id='word_1_485' title='bbox 1653 3048 1762 3107; x_wconf 88' lang='lat' dir='ltr'>est,</span> <span class='ocrx_word' id='word_1_486' title='bbox 1796 3040 1893 3095; x_wconf 89' lang='lat' dir='ltr'>lilii</span> <span class='ocrx_word' id='word_1_487' title='bbox 1947 3042 2277 3105; x_wconf 83' lang='lat' dir='ltr'>mendaces,</span> <span class='ocrx_word' id='word_1_488' title='bbox 2311 3041 2403 3110; x_wconf 87' lang='lat' dir='ltr'>qui</span> <span class='ocrx_word' id='word_1_489' title='bbox 2462 3040 2752 3106; x_wconf 87' lang='lat' dir='ltr'>noluerunt</span> <span class='ocrx_word' id='word_1_490' title='bbox 2810 3044 2999 3098; x_wconf 86' lang='lat' dir='ltr'>audire</span> <span class='ocrx_word' id='word_1_491' title='bbox 3057 3043 3230 3115; x_wconf 74' lang='lat' dir='ltr'>legem</span> 
     </span>
     <span class='ocr_line' id='line_1_72' title="bbox 1657 3132 3228 3192; baseline 0.003 -4"><span class='ocrx_word' id='word_1_492' title='bbox 1657 3134 1776 3189; x_wconf 85' lang='lat' dir='ltr'>Dei.</span> <span class='ocrx_word' id='word_1_493' title='bbox 1814 3152 1834 3187; x_wconf 77' lang='grc' dir='ltr'>ι</span> <span class='ocrx_word' id='word_1_494' title='bbox 1877 3132 1972 3189; x_wconf 84' lang='lat' dir='ltr'>Sic</span> <span class='ocrx_word' id='word_1_495' title='bbox 2023 3146 2212 3190; x_wconf 87' lang='lat' dir='ltr'>corum</span> <span class='ocrx_word' id='word_1_496' title='bbox 2258 3133 2484 3188; x_wconf 87' lang='lat' dir='ltr'>stultitia</span> <span class='ocrx_word' id='word_1_497' title='bbox 2540 3142 2598 3189; x_wconf 92' lang='lat' dir='ltr'>et</span> <span class='ocrx_word' id='word_1_498' title='bbox 2659 3133 2869 3189; x_wconf 85' lang='lat' dir='ltr'>insania</span> <span class='ocrx_word' id='word_1_499' title='bbox 2922 3146 3228 3192; x_wconf 82' lang='lat' dir='ltr'>enarratur.</span> 
     </span>
     <span class='ocr_line' id='line_1_73' title="bbox 1652 3221 3228 3297; baseline 0.001 -18"><span class='ocrx_word' id='word_1_500' title='bbox 1652 3223 1840 3296; x_wconf 75' lang='lat' dir='ltr'>Neque</span> <span class='ocrx_word' id='word_1_501' title='bbox 1873 3226 2017 3282; x_wconf 91' lang='lat' dir='ltr'>enim</span> <span class='ocrx_word' id='word_1_502' title='bbox 2069 3222 2299 3281; x_wconf 82' lang='lat' dir='ltr'>sensiles</span> <span class='ocrx_word' id='word_1_503' title='bbox 2345 3223 2423 3279; x_wconf 91' lang='lat' dir='ltr'>illi</span> <span class='ocrx_word' id='word_1_504' title='bbox 2464 3221 2706 3295; x_wconf 79' lang='lat' dir='ltr'>AEgyptli</span> <span class='ocrx_word' id='word_1_505' title='bbox 2732 3264 2749 3291; x_wconf 88' lang='lat'>,</span> <span class='ocrx_word' id='word_1_506' title='bbox 2791 3239 2966 3296; x_wconf 87' lang='lat' dir='ltr'>neque</span> <span class='ocrx_word' id='word_1_507' title='bbox 3012 3224 3108 3291; x_wconf 89' lang='lat' dir='ltr'>illi,</span> <span class='ocrx_word' id='word_1_508' title='bbox 3139 3228 3228 3297; x_wconf 86' lang='lat' dir='ltr'>qui</span> 
     </span>
     <span class='ocr_line' id='line_1_74' title="bbox 1653 3314 3229 3386; baseline 0.003 -17"><span class='ocrx_word' id='word_1_509' title='bbox 1653 3328 1822 3384; x_wconf 83' lang='lat' dir='ltr'>penes</span> <span class='ocrx_word' id='word_1_510' title='bbox 1872 3328 1969 3370; x_wconf 89' lang='lat' dir='ltr'>eos</span> <span class='ocrx_word' id='word_1_511' title='bbox 2009 3314 2085 3368; x_wconf 86' lang='lat' dir='ltr'>dii</span> <span class='ocrx_word' id='word_1_512' title='bbox 2131 3315 2558 3386; x_wconf 85' lang='lat' dir='ltr'>reputabantur,</span> <span class='ocrx_word' id='word_1_513' title='bbox 2591 3315 2911 3385; x_wconf 87' lang='lat' dir='ltr'>opitulaturi</span> <span class='ocrx_word' id='word_1_514' title='bbox 2947 3317 3229 3373; x_wconf 73' lang='lat' dir='ltr'>erantlu-</span> 
     </span>
     <span class='ocr_line' id='line_1_75' title="bbox 1652 3402 3227 3477; baseline 0.003 -18"><span class='ocrx_word' id='word_1_515' title='bbox 1652 3402 1895 3459; x_wconf 84' lang='lat' dir='ltr'>daeorum</span> <span class='ocrx_word' id='word_1_516' title='bbox 1945 3405 2142 3475; x_wconf 85' lang='lat' dir='ltr'>populo</span> <span class='ocrx_word' id='word_1_517' title='bbox 2162 3444 2177 3467; x_wconf 89' lang='lat'><strong>‚</strong></span> <span class='ocrx_word' id='word_1_518' title='bbox 2229 3404 2296 3458; x_wconf 91' lang='lat' dir='ltr'>ad</span> <span class='ocrx_word' id='word_1_519' title='bbox 2339 3402 2488 3474; x_wconf 85' lang='lat' dir='ltr'>ipsos</span> <span class='ocrx_word' id='word_1_520' title='bbox 2537 3404 2896 3475; x_wconf 78' lang='lat' dir='ltr'>confugienti.</span> <span class='ocrx_word' id='word_1_521' title='bbox 2948 3405 3227 3477; x_wconf 87' lang='lat' dir='ltr'>Siquidem</span> 
     </span>
     <span class='ocr_line' id='line_1_76' title="bbox 1652 3494 3231 3566; baseline 0.004 -14"><span class='ocrx_word' id='word_1_522' title='bbox 1652 3509 1767 3566; x_wconf 78' lang='lat' dir='ltr'>prae</span> <span class='ocrx_word' id='word_1_523' title='bbox 1803 3509 1999 3566; x_wconf 78' lang='lat' dir='ltr'>magna</span> <span class='ocrx_word' id='word_1_524' title='bbox 2029 3494 2196 3549; x_wconf 89' lang='lat' dir='ltr'>animi</span> <span class='ocrx_word' id='word_1_525' title='bbox 2220 3494 2515 3560; x_wconf 82' lang='lat' dir='ltr'>anxietate,</span> <span class='ocrx_word' id='word_1_526' title='bbox 2547 3511 2612 3551; x_wconf 81' lang='lat' dir='ltr'>ac</span> <span class='ocrx_word' id='word_1_527' title='bbox 2641 3509 2750 3566; x_wconf 84' lang='lat' dir='ltr'>prae</span> <span class='ocrx_word' id='word_1_528' title='bbox 2778 3496 3087 3556; x_wconf 82' lang='lat' dir='ltr'>afflictionis</span> <span class='ocrx_word' id='word_1_529' title='bbox 3116 3500 3231 3558; x_wconf 79' lang='lat' dir='ltr'>vio·</span> 
     </span>
     <span class='ocr_line' id='line_1_77' title="bbox 1651 3585 3228 3662; baseline 0.006 -20"><span class='ocrx_word' id='word_1_530' title='bbox 1651 3587 1839 3653; x_wconf 84' lang='lat' dir='ltr'>lentla,</span> <span class='ocrx_word' id='word_1_531' title='bbox 1870 3587 2248 3661; x_wconf 80' lang='lat' dir='ltr'>AEgyptiorum</span> <span class='ocrx_word' id='word_1_532' title='bbox 2278 3585 2409 3642; x_wconf 87' lang='lat' dir='ltr'>deos</span> <span class='ocrx_word' id='word_1_533' title='bbox 2441 3587 2829 3657; x_wconf 81' lang='lat' dir='ltr'>celebrabant;</span> <span class='ocrx_word' id='word_1_534' title='bbox 2876 3592 3024 3662; x_wconf 89' lang='lat' dir='ltr'>ipsos</span> <span class='ocrx_word' id='word_1_535' title='bbox 3074 3595 3228 3651; x_wconf 83' lang='lat' dir='ltr'>vide·</span> 
     </span>
     <span class='ocr_line' id='line_1_78' title="bbox 1653 3675 3227 3757; baseline 0.004 -23"><span class='ocrx_word' id='word_1_536' title='bbox 1653 3679 1780 3736; x_wconf 87' lang='lat' dir='ltr'>licet</span> <span class='ocrx_word' id='word_1_537' title='bbox 1808 3679 2085 3735; x_wconf 82' lang='lat' dir='ltr'>daemonas</span> <span class='ocrx_word' id='word_1_538' title='bbox 2103 3675 2403 3749; x_wconf 79' lang='lat' dir='ltr'>malignos.</span> <span class='ocrx_word' id='word_1_539' title='bbox 2457 3680 2694 3736; x_wconf 82' lang='lat' dir='ltr'>animam</span> <span class='ocrx_word' id='word_1_540' title='bbox 2741 3695 2898 3737; x_wconf 86' lang='lat' dir='ltr'>suam</span> <span class='ocrx_word' id='word_1_541' title='bbox 2952 3684 3004 3738; x_wconf 93' lang='lat' dir='ltr'>in</span> <span class='ocrx_word' id='word_1_542' title='bbox 3055 3701 3227 3757; x_wconf 84' lang='lat' dir='ltr'>angu-</span> 
     </span>
     <span class='ocr_line' id='line_1_79' title="bbox 1650 3770 3226 3845; baseline 0.004 -18"><span class='ocrx_word' id='word_1_543' title='bbox 1650 3771 1788 3827; x_wconf 82' lang='lat' dir='ltr'>stias</span> <span class='ocrx_word' id='word_1_544' title='bbox 1813 3778 1871 3826; x_wconf 88' lang='lat' dir='ltr'>et</span> <span class='ocrx_word' id='word_1_545' title='bbox 1899 3783 2171 3825; x_wconf 83' lang='lat' dir='ltr'>aerumnas</span> <span class='ocrx_word' id='word_1_546' title='bbox 2198 3770 2551 3841; x_wconf 72' lang='lat' dir='ltr'>conjicientes</span> <span class='ocrx_word' id='word_1_547' title='bbox 2576 3788 2593 3839; x_wconf 87' lang='lat'>;</span> <span class='ocrx_word' id='word_1_548' title='bbox 2622 3773 2675 3828; x_wconf 92' lang='lat' dir='ltr'>in</span> <span class='ocrx_word' id='word_1_549' title='bbox 2706 3774 2908 3845; x_wconf 86' lang='lat' dir='ltr'>quibus</span> <span class='ocrx_word' id='word_1_550' title='bbox 2932 3786 3088 3832; x_wconf 89' lang='lat' dir='ltr'>erant</span> <span class='ocrx_word' id='word_1_551' title='bbox 3113 3777 3226 3834; x_wconf 89' lang='lat' dir='ltr'>leo-</span> 
     </span>
     <span class='ocr_line' id='line_1_80' title="bbox 1648 3863 3222 3938; baseline 0.003 -17"><span class='ocrx_word' id='word_1_552' title='bbox 1648 3878 1749 3921; x_wconf 86' lang='lat' dir='ltr'>nes</span> <span class='ocrx_word' id='word_1_553' title='bbox 1782 3871 1838 3921; x_wconf 90' lang='lat' dir='ltr'>et</span> <span class='ocrx_word' id='word_1_554' title='bbox 1869 3863 2085 3934; x_wconf 81' lang='lat' dir='ltr'>aspides</span> <span class='ocrx_word' id='word_1_555' title='bbox 2107 3904 2126 3931; x_wconf 92' lang='lat'>,</span> <span class='ocrx_word' id='word_1_556' title='bbox 2149 3877 2447 3937; x_wconf 87' lang='lat' dir='ltr'>eorumque</span> <span class='ocrx_word' id='word_1_557' title='bbox 2471 3865 2783 3936; x_wconf 74' lang='lat' dir='ltr'>progenies,</span> <span class='ocrx_word' id='word_1_558' title='bbox 2824 3881 2890 3923; x_wconf 90' lang='lat' dir='ltr'>ac</span> <span class='ocrx_word' id='word_1_559' title='bbox 2916 3880 3222 3938; x_wconf 85' lang='lat' dir='ltr'>serpentes.</span> 
     </span>
     <span class='ocr_line' id='line_1_81' title="bbox 1646 3956 3220 4030; baseline 0.001 -17"><span class='ocrx_word' id='word_1_560' title='bbox 1646 3965 1703 4013; x_wconf 89' lang='lat' dir='ltr'>et</span> <span class='ocrx_word' id='word_1_561' title='bbox 1732 3956 1838 4012; x_wconf 85' lang='lat' dir='ltr'>alia</span> <span class='ocrx_word' id='word_1_562' title='bbox 1873 3966 2129 4013; x_wconf 78' lang='lat' dir='ltr'>sexcenta</span> <span class='ocrx_word' id='word_1_563' title='bbox 2157 3956 2370 4026; x_wconf 87' lang='lat' dir='ltr'>reptilia</span> <span class='ocrx_word' id='word_1_564' title='bbox 2398 3968 2562 4028; x_wconf 85' lang='lat' dir='ltr'>atquc</span> <span class='ocrx_word' id='word_1_565' title='bbox 2583 3958 2731 4026; x_wconf 75' lang='lat' dir='ltr'>leroe,</span> <span class='ocrx_word' id='word_1_566' title='bbox 2756 3975 2985 4030; x_wconf 87' lang='lat' dir='ltr'>qnorum</span> <span class='ocrx_word' id='word_1_567' title='bbox 3014 3964 3220 4028; x_wconf 75' lang='lat' dir='ltr'>icones,</span> 
     </span>
     <span class='ocr_line' id='line_1_82' title="bbox 1649 4049 3223 4125; baseline 0.001 -18"><span class='ocrx_word' id='word_1_568' title='bbox 1649 4066 1862 4107; x_wconf 90' lang='lat' dir='ltr'>necnon</span> <span class='ocrx_word' id='word_1_569' title='bbox 1892 4050 2007 4119; x_wconf 86' lang='lat' dir='ltr'>ipsa</span> <span class='ocrx_word' id='word_1_570' title='bbox 2038 4049 2259 4105; x_wconf 86' lang='lat' dir='ltr'>sensilia</span> <span class='ocrx_word' id='word_1_571' title='bbox 2294 4049 2550 4105; x_wconf 86' lang='lat' dir='ltr'>animalia</span> <span class='ocrx_word' id='word_1_572' title='bbox 2580 4066 2679 4121; x_wconf 87' lang='lat' dir='ltr'>per</span> <span class='ocrx_word' id='word_1_573' title='bbox 2728 4062 2895 4107; x_wconf 84' lang='lat' dir='ltr'>totam</span> <span class='ocrx_word' id='word_1_574' title='bbox 2927 4052 3223 4125; x_wconf 79' lang='lat' dir='ltr'>AEgyptum</span> 
     </span>
     <span class='ocr_line' id='line_1_83' title="bbox 1647 4141 3220 4215; baseline 0 -15"><span class='ocrx_word' id='word_1_575' title='bbox 1647 4157 1747 4214; x_wconf 88' lang='lat' dir='ltr'>pro</span> <span class='ocrx_word' id='word_1_576' title='bbox 1771 4144 1877 4199; x_wconf 86' lang='lat' dir='ltr'>diis</span> <span class='ocrx_word' id='word_1_577' title='bbox 1901 4143 2242 4199; x_wconf 86' lang='lat' dir='ltr'>colebantur.</span> <span class='ocrx_word' id='word_1_578' title='bbox 2272 4141 2490 4198; x_wconf 79' lang='lat' dir='ltr'>Atenim</span> <span class='ocrx_word' id='word_1_579' title='bbox 2516 4143 2703 4200; x_wconf 81' lang='lat' dir='ltr'>leones</span> <span class='ocrx_word' id='word_1_580' title='bbox 2729 4160 2917 4200; x_wconf 84' lang='lat' dir='ltr'>revera</span> <span class='ocrx_word' id='word_1_581' title='bbox 2938 4184 2955 4210; x_wconf 96' lang='lat'>,</span> <span class='ocrx_word' id='word_1_582' title='bbox 2982 4146 3220 4215; x_wconf 70' lang='lat' dir='ltr'>aspides,</span> 
     </span>
     <span class='ocr_line' id='line_1_84' title="bbox 1649 4231 3219 4303; baseline 0 -14"><span class='ocrx_word' id='word_1_583' title='bbox 1649 4243 1957 4303; x_wconf 86' lang='lat' dir='ltr'>serpentes,</span> <span class='ocrx_word' id='word_1_584' title='bbox 1986 4242 2042 4288; x_wconf 91' lang='lat' dir='ltr'>et</span> <span class='ocrx_word' id='word_1_585' title='bbox 2067 4231 2176 4287; x_wconf 86' lang='lat' dir='ltr'>alia</span> <span class='ocrx_word' id='word_1_586' title='bbox 2204 4241 2463 4288; x_wconf 86' lang='lat' dir='ltr'>sexcenta</span> <span class='ocrx_word' id='word_1_587' title='bbox 2516 4248 2618 4303; x_wconf 88' lang='lat' dir='ltr'>pro</span> <span class='ocrx_word' id='word_1_588' title='bbox 2664 4234 2772 4289; x_wconf 87' lang='lat' dir='ltr'>diis</span> <span class='ocrx_word' id='word_1_589' title='bbox 2799 4236 3219 4289; x_wconf 82' lang='lat' dir='ltr'>venerabantur.</span> 
     </span>
     <span class='ocr_line' id='line_1_85' title="bbox 1648 4324 3223 4395; baseline 0 -13"><span class='ocrx_word' id='word_1_590' title='bbox 1648 4326 1717 4382; x_wconf 81' lang='lat' dir='ltr'>Et</span> <span class='ocrx_word' id='word_1_591' title='bbox 1740 4339 1876 4382; x_wconf 87' lang='lat' dir='ltr'>sane</span> <span class='ocrx_word' id='word_1_592' title='bbox 1907 4340 2121 4391; x_wconf 88' lang='lat' dir='ltr'>eorum,</span> <span class='ocrx_word' id='word_1_593' title='bbox 2153 4340 2293 4395; x_wconf 83' lang='lat' dir='ltr'>quos</span> <span class='ocrx_word' id='word_1_594' title='bbox 2321 4324 2453 4380; x_wconf 90' lang='lat' dir='ltr'>deos</span> <span class='ocrx_word' id='word_1_595' title='bbox 2478 4327 2763 4395; x_wconf 82' lang='lat' dir='ltr'>putabant,</span> <span class='ocrx_word' id='word_1_596' title='bbox 2810 4326 3030 4381; x_wconf 88' lang='lat' dir='ltr'>nomine</span> <span class='ocrx_word' id='word_1_597' title='bbox 3060 4328 3223 4383; x_wconf 83' lang='lat' dir='ltr'>urbes</span> 
     </span>
     <span class='ocr_line' id='line_1_86' title="bbox 1648 4416 3218 4489; baseline 0.001 -14"><span class='ocrx_word' id='word_1_598' title='bbox 1648 4434 1777 4475; x_wconf 86' lang='lat' dir='ltr'>suas</span> <span class='ocrx_word' id='word_1_599' title='bbox 1797 4416 2182 4489; x_wconf 58' lang='lat' dir='ltr'>appellas-unu</span> <span class='ocrx_word' id='word_1_600' title='bbox 2217 4433 2248 4473; x_wconf 89' lang='lat' dir='ltr'>a</span> <span class='ocrx_word' id='word_1_601' title='bbox 2278 4419 2434 4474; x_wconf 91' lang='lat' dir='ltr'>leone</span> <span class='ocrx_word' id='word_1_602' title='bbox 2466 4417 2692 4483; x_wconf 88' lang='lat' dir='ltr'>scilicet,</span> <span class='ocrx_word' id='word_1_603' title='bbox 2720 4418 2957 4486; x_wconf 82' lang='lat' dir='ltr'>Leonto;</span> <span class='ocrx_word' id='word_1_604' title='bbox 3003 4436 3036 4475; x_wconf 91' lang='lat' dir='ltr'>a</span> <span class='ocrx_word' id='word_1_605' title='bbox 3061 4436 3218 4486; x_wconf 69' lang='lat' dir='ltr'>cane,</span> 
     </span>
    </p>
   </div>
   <div class='ocr_carea' id='block_1_16' title="bbox 355 4510 2895 4586">
    <p class='ocr_par' dir='ltr' id='par_1_23' title="bbox 355 4510 2895 4586">
     <span class='ocr_line' id='line_1_87' title="bbox 355 4510 2895 4586; baseline 0 -22"><span class='ocrx_word' id='word_1_606' title='bbox 355 4510 463 4564; x_wconf 78' lang='grc' dir='ltr'>ἀπὸ</span> <span class='ocrx_word' id='word_1_607' title='bbox 500 4510 660 4565; x_wconf 74' lang='grc' dir='ltr'><strong>ἄλλου</strong></span> <span class='ocrx_word' id='word_1_608' title='bbox 704 4511 865 4567; x_wconf 77' lang='grc' dir='ltr'><strong>πάλιν</strong></span> <span class='ocrx_word' id='word_1_609' title='bbox 908 4513 1076 4585; x_wconf 81' lang='grc' dir='ltr'><strong>θηρὸς</strong></span> <span class='ocrx_word' id='word_1_610' title='bbox 1122 4515 1316 4586; x_wconf 79' lang='grc' dir='ltr'><strong>ἑτέραν</strong></span> <span class='ocrx_word' id='word_1_611' title='bbox 1360 4516 1535 4570; x_wconf 84' lang='grc' dir='ltr'><strong>πόλιν.</strong></span> <span class='ocrx_word' id='word_1_612' title='bbox 1568 4517 1614 4574; x_wconf 85' lang='lat' dir='ltr'>D</span> <span class='ocrx_word' id='word_1_613' title='bbox 1642 4512 1812 4583; x_wconf 82' lang='lat' dir='ltr'>Cyno,</span> <span class='ocrx_word' id='word_1_614' title='bbox 1842 4511 1912 4568; x_wconf 92' lang='lat' dir='ltr'>ab</span> <span class='ocrx_word' id='word_1_615' title='bbox 1941 4511 2046 4566; x_wconf 90' lang='lat' dir='ltr'>alia</span> <span class='ocrx_word' id='word_1_616' title='bbox 2083 4510 2214 4565; x_wconf 91' lang='lat' dir='ltr'>item</span> <span class='ocrx_word' id='word_1_617' title='bbox 2243 4510 2356 4565; x_wconf 78' lang='lat' dir='ltr'>fera</span> <span class='ocrx_word' id='word_1_618' title='bbox 2404 4510 2565 4564; x_wconf 89' lang='lat' dir='ltr'>aliam</span> <span class='ocrx_word' id='word_1_619' title='bbox 2599 4511 2895 4565; x_wconf 82' lang='lat' dir='ltr'>civitatem.</span> 
     </span>
    </p>
   </div>
   <div class='ocr_carea' id='block_1_17' title="bbox 319 4606 1550 5874">
    <p class='ocr_par' dir='ltr' id='par_1_24' title="bbox 319 4606 1550 5318">
     <span class='ocr_line' id='line_1_88' title="bbox 319 4606 1548 4678; baseline 0.005 -20"><span class='ocrx_word' id='word_1_620' title='bbox 319 4621 430 4668; x_wconf 83' lang='grc' dir='ltr'><strong>ντες</strong></span> <span class='ocrx_word' id='word_1_621' title='bbox 477 4607 592 4669; x_wconf 79' lang='grc' dir='ltr'><strong>τοῖς</strong></span> <span class='ocrx_word' id='word_1_622' title='bbox 650 4606 961 4678; x_wconf 75' lang='grc' dir='ltr'><strong>προφήταις</strong></span> <span class='ocrx_word' id='word_1_623' title='bbox 980 4643 997 4672; x_wconf 89' lang='grc'><strong>,</strong></span> <span class='ocrx_word' id='word_1_624' title='bbox 1037 4606 1128 4678; x_wconf 76' lang='grc' dir='ltr'>Μὴ</span> <span class='ocrx_word' id='word_1_625' title='bbox 1190 4608 1548 4678; x_wconf 83' lang='grc' dir='ltr'><strong>ἀναγγέλλετε</strong></span> 
     </span>
     <span class='ocr_line' id='line_1_89' title="bbox 319 4695 1550 4772; baseline 0.006 -22"><span class='ocrx_word' id='word_1_626' title='bbox 319 4700 374 4761; x_wconf 58' lang='grc' dir='ltr'><strong>οἷς</strong></span> <span class='ocrx_word' id='word_1_627' title='bbox 391 4698 644 4769; x_wconf 77' lang='grc' dir='ltr'><strong>ὁράματα</strong></span> <span class='ocrx_word' id='word_1_628' title='bbox 665 4695 862 4770; x_wconf 83' lang='grc' dir='ltr'><strong>ὁρῶσι,</strong></span> <span class='ocrx_word' id='word_1_629' title='bbox 884 4699 978 4771; x_wconf 78' lang='grc' dir='ltr'>Μὴ</span> <span class='ocrx_word' id='word_1_630' title='bbox 994 4700 1206 4754; x_wconf 81' lang='grc' dir='ltr'><strong>λαλεῖτε</strong></span> <span class='ocrx_word' id='word_1_631' title='bbox 1227 4704 1358 4772; x_wconf 81' lang='grc' dir='ltr'><strong>ἡμῖν</strong></span> <span class='ocrx_word' id='word_1_632' title='bbox 1375 4720 1390 4733; x_wconf 92' lang='grc'><em>·</em></span> <span class='ocrx_word' id='word_1_633' title='bbox 1413 4703 1550 4757; x_wconf 89' lang='grc' dir='ltr'>ἀλλά</span> 
     </span>
     <span class='ocr_line' id='line_1_90' title="bbox 319 4788 1542 4866; baseline 0.006 -26"><span class='ocrx_word' id='word_1_634' title='bbox 319 4810 324 4838; x_wconf 80' lang='lat'>2</span> <span class='ocrx_word' id='word_1_635' title='bbox 369 4788 462 4842; x_wconf 72' lang='grc' dir='ltr'>καὶ</span> <span class='ocrx_word' id='word_1_636' title='bbox 499 4789 857 4858; x_wconf 78' lang='grc' dir='ltr'><strong>ἀναγγέλλετε</strong></span> <span class='ocrx_word' id='word_1_637' title='bbox 875 4793 1007 4862; x_wconf 79' lang='grc' dir='ltr'><strong>ἡμῖν</strong></span> <span class='ocrx_word' id='word_1_638' title='bbox 1034 4791 1225 4863; x_wconf 81' lang='grc' dir='ltr'><strong>ἑτέραν</strong></span> <span class='ocrx_word' id='word_1_639' title='bbox 1251 4793 1542 4866; x_wconf 46' lang='grc' dir='ltr'><strong>πλάνησιν,-</strong></span> 
     </span>
     <span class='ocr_line' id='line_1_91' title="bbox 319 4881 1549 4957; baseline 0.006 -24"><span class='ocrx_word' id='word_1_640' title='bbox 319 4881 470 4951; x_wconf 75' lang='grc' dir='ltr'><strong>ξψατε</strong></span> <span class='ocrx_word' id='word_1_641' title='bbox 515 4882 659 4953; x_wconf 72' lang='grc' dir='ltr'><strong>ἡμᾶς</strong></span> <span class='ocrx_word' id='word_1_642' title='bbox 691 4881 802 4936; x_wconf 81' lang='grc' dir='ltr'>ἀπὸ</span> <span class='ocrx_word' id='word_1_643' title='bbox 831 4883 930 4954; x_wconf 85' lang='grc' dir='ltr'>τῆς</span> <span class='ocrx_word' id='word_1_644' title='bbox 960 4882 1082 4937; x_wconf 84' lang='grc' dir='ltr'><strong>ὀδοῦ</strong></span> <span class='ocrx_word' id='word_1_645' title='bbox 1128 4885 1352 4957; x_wconf 85' lang='grc' dir='ltr'><strong>ταύτης.</strong></span> <span class='ocrx_word' id='word_1_646' title='bbox 1391 4888 1549 4957; x_wconf 82' lang='grc' dir='ltr'>Ἀφέ-</span> 
     </span>
     <span class='ocr_line' id='line_1_92' title="bbox 322 4973 1538 5049; baseline 0.007 -24"><span class='ocrx_word' id='word_1_647' title='bbox 322 4973 398 5027; x_wconf 86' lang='grc' dir='ltr'>ῶν</span> <span class='ocrx_word' id='word_1_648' title='bbox 425 4973 514 5027; x_wconf 85' lang='grc' dir='ltr'>τὸν</span> <span class='ocrx_word' id='word_1_649' title='bbox 550 4974 735 5046; x_wconf 80' lang='grc' dir='ltr'><strong>τρίΰον</strong></span> <span class='ocrx_word' id='word_1_650' title='bbox 767 4974 977 5036; x_wconf 88' lang='grc' dir='ltr'><strong>τοῦτον,</strong></span> <span class='ocrx_word' id='word_1_651' title='bbox 1018 4979 1112 5030; x_wconf 75' lang='grc' dir='ltr'>καὶ</span> <span class='ocrx_word' id='word_1_652' title='bbox 1167 4977 1394 5046; x_wconf 79' lang='grc' dir='ltr'><strong>ἀφέλετε</strong></span> <span class='ocrx_word' id='word_1_653' title='bbox 1446 4982 1538 5049; x_wconf 71' lang='grc' dir='ltr'><strong>ἀφ’</strong></span> 
     </span>
     <span class='ocr_line' id='line_1_93' title="bbox 319 5064 1539 5139; baseline 0.003 -23"><span class='ocrx_word' id='word_1_654' title='bbox 319 5080 420 5133; x_wconf 72' lang='grc' dir='ltr'><strong>(ιον</strong></span> <span class='ocrx_word' id='word_1_655' title='bbox 458 5064 552 5117; x_wconf 81' lang='grc' dir='ltr'>τοῦ</span> <span class='ocrx_word' id='word_1_656' title='bbox 596 5064 830 5135; x_wconf 77' lang='grc' dir='ltr'><strong>Ἰσραήλ.</strong></span> <span class='ocrx_word' id='word_1_657' title='bbox 866 5079 886 5116; x_wconf 67' lang='lat' dir='ltr'>t</span> <span class='ocrx_word' id='word_1_658' title='bbox 945 5064 1130 5119; x_wconf 88' lang='grc' dir='ltr'><strong>Ταῦτα</strong></span> <span class='ocrx_word' id='word_1_659' title='bbox 1185 5065 1296 5137; x_wconf 86' lang='grc' dir='ltr'><strong>γὰρ</strong></span> <span class='ocrx_word' id='word_1_660' title='bbox 1350 5068 1402 5119; x_wconf 83' lang='grc' dir='ltr'>οἱ</span> <span class='ocrx_word' id='word_1_661' title='bbox 1466 5070 1539 5139; x_wconf 84' lang='grc' dir='ltr'>μὴ</span> 
     </span>
     <span class='ocr_line' id='line_1_94' title="bbox 325 5155 1540 5228; baseline 0.004 -22"><span class='ocrx_word' id='word_1_662' title='bbox 325 5171 353 5218; x_wconf 86' lang='grc' dir='ltr'>ς</span> <span class='ocrx_word' id='word_1_663' title='bbox 373 5157 490 5219; x_wconf 84' lang='grc' dir='ltr'><strong>ταῖς</strong></span> <span class='ocrx_word' id='word_1_664' title='bbox 521 5155 615 5208; x_wconf 77' lang='grc' dir='ltr'>τοῦ</span> <span class='ocrx_word' id='word_1_665' title='bbox 651 5155 914 5227; x_wconf 82' lang='grc' dir='ltr'><strong>Ἰερεμίου</strong></span> <span class='ocrx_word' id='word_1_666' title='bbox 953 5157 1157 5226; x_wconf 77' lang='grc' dir='ltr'><strong>φωναῖς</strong></span> <span class='ocrx_word' id='word_1_667' title='bbox 1188 5157 1326 5228; x_wconf 85' lang='grc' dir='ltr'><strong>πρὸς</strong></span> <span class='ocrx_word' id='word_1_668' title='bbox 1379 5158 1540 5211; x_wconf 78' lang='grc' dir='ltr'><strong>αὐτὸν</strong></span> 
     </span>
     <span class='ocr_line' id='line_1_95' title="bbox 328 5246 1251 5318; baseline 0.001 -18"><span class='ocrx_word' id='word_1_669' title='bbox 328 5247 489 5317; x_wconf 84' lang='grc' dir='ltr'><strong>ὅμοια</strong></span> <span class='ocrx_word' id='word_1_670' title='bbox 511 5246 656 5316; x_wconf 78' lang='grc' dir='ltr'><strong>αὐτῷ</strong></span> <span class='ocrx_word' id='word_1_671' title='bbox 691 5246 1019 5318; x_wconf 83' lang='grc' dir='ltr'><strong>φρονοῦντας</strong></span> <span class='ocrx_word' id='word_1_672' title='bbox 1048 5247 1251 5317; x_wconf 78' lang='grc' dir='ltr'><strong>ἔλεγον.</strong></span> 
     </span>
    </p>

    <p class='ocr_par' dir='ltr' id='par_1_25' title="bbox 319 5336 1535 5874">
     <span class='ocr_line' id='line_1_96' title="bbox 319 5336 1533 5413; baseline 0.001 -22"><span class='ocrx_word' id='word_1_673' title='bbox 319 5355 376 5391; x_wconf 84' lang='grc' dir='ltr'>το</span> <span class='ocrx_word' id='word_1_674' title='bbox 400 5338 526 5392; x_wconf 83' lang='grc' dir='ltr'><strong>τάδε</strong></span> <span class='ocrx_word' id='word_1_675' title='bbox 577 5336 725 5406; x_wconf 77' lang='grc' dir='ltr'><strong>λέγει</strong></span> <span class='ocrx_word' id='word_1_676' title='bbox 776 5337 1032 5410; x_wconf 78' lang='grc' dir='ltr'><strong>Κύριοςό</strong></span> <span class='ocrx_word' id='word_1_677' title='bbox 1082 5338 1238 5408; x_wconf 77' lang='grc' dir='ltr'><strong>ἀγιος</strong></span> <span class='ocrx_word' id='word_1_678' title='bbox 1285 5339 1533 5413; x_wconf 85' lang='grc' dir='ltr'><strong>Ἰσραήλ·</strong></span> 
     </span>
     <span class='ocr_line' id='line_1_97' title="bbox 319 5429 1533 5502; baseline 0.003 -20"><span class='ocrx_word' id='word_1_679' title='bbox 319 5447 441 5483; x_wconf 85' lang='grc' dir='ltr'><strong>σατε</strong></span> <span class='ocrx_word' id='word_1_680' title='bbox 466 5433 577 5494; x_wconf 81' lang='grc' dir='ltr'><strong>τοῖς</strong></span> <span class='ocrx_word' id='word_1_681' title='bbox 612 5429 791 5499; x_wconf 81' lang='grc' dir='ltr'><strong>λόγοις</strong></span> <span class='ocrx_word' id='word_1_682' title='bbox 836 5429 1065 5497; x_wconf 87' lang='grc' dir='ltr'><strong>τούτοις,</strong></span> <span class='ocrx_word' id='word_1_683' title='bbox 1124 5432 1218 5485; x_wconf 76' lang='grc' dir='ltr'>καὶ</span> <span class='ocrx_word' id='word_1_684' title='bbox 1265 5432 1533 5502; x_wconf 79' lang='grc' dir='ltr'><strong>ἠλπίσατε</strong></span> 
     </span>
     <span class='ocr_line' id='line_1_98' title="bbox 319 5523 1532 5594; baseline 0.002 -19"><span class='ocrx_word' id='word_1_685' title='bbox 319 5523 405 5576; x_wconf 80' lang='grc' dir='ltr'>καὶ</span> <span class='ocrx_word' id='word_1_686' title='bbox 431 5524 512 5576; x_wconf 84' lang='grc' dir='ltr'>ὅτι</span> <span class='ocrx_word' id='word_1_687' title='bbox 554 5523 880 5592; x_wconf 77' lang='grc' dir='ltr'><strong>ὲγόγγυσας,</strong></span> <span class='ocrx_word' id='word_1_688' title='bbox 916 5524 1011 5577; x_wconf 70' lang='grc' dir='ltr'>καὶ</span> <span class='ocrx_word' id='word_1_689' title='bbox 1041 5523 1317 5588; x_wconf 80' lang='grc' dir='ltr'><strong>πεποιθὼς</strong></span> <span class='ocrx_word' id='word_1_690' title='bbox 1347 5525 1532 5594; x_wconf 81' lang='grc' dir='ltr'><strong>ἑγὲνου</strong></span> 
     </span>
     <span class='ocr_line' id='line_1_99' title="bbox 319 5613 1535 5690; baseline 0.004 -25"><span class='ocrx_word' id='word_1_691' title='bbox 319 5614 561 5684; x_wconf 72' lang='grc' dir='ltr'><strong>»τούτῳ·</strong></span> <span class='ocrx_word' id='word_1_692' title='bbox 596 5614 684 5667; x_wconf 82' lang='grc' dir='ltr'>διὰ</span> <span class='ocrx_word' id='word_1_693' title='bbox 699 5613 857 5667; x_wconf 84' lang='grc' dir='ltr'><strong>τοῦτο</strong></span> <span class='ocrx_word' id='word_1_694' title='bbox 881 5613 1033 5668; x_wconf 78' lang='grc' dir='ltr'><strong>ἔσται</strong></span> <span class='ocrx_word' id='word_1_695' title='bbox 1071 5614 1200 5687; x_wconf 77' lang='grc' dir='ltr'><strong>ὑμῖν</strong></span> <span class='ocrx_word' id='word_1_696' title='bbox 1227 5617 1261 5686; x_wconf 80' lang='grc' dir='ltr'>ἡ</span> <span class='ocrx_word' id='word_1_697' title='bbox 1294 5617 1535 5690; x_wconf 85' lang='grc' dir='ltr'><strong>ἁμαρτία</strong></span> 
     </span>
     <span class='ocr_line' id='line_1_100' title="bbox 320 5708 1534 5782; baseline 0.002 -23"><span class='ocrx_word' id='word_1_698' title='bbox 320 5724 412 5778; x_wconf 83' lang='grc' dir='ltr'>χος</span> <span class='ocrx_word' id='word_1_699' title='bbox 462 5708 658 5760; x_wconf 71' lang='grc' dir='ltr'><strong>πῖπτον</strong></span> <span class='ocrx_word' id='word_1_700' title='bbox 701 5709 1040 5780; x_wconf 80' lang='grc' dir='ltr'><strong>παραχρῆμα</strong></span> <span class='ocrx_word' id='word_1_701' title='bbox 1086 5709 1290 5773; x_wconf 77' lang='grc' dir='ltr'><strong>πόλεως</strong></span> <span class='ocrx_word' id='word_1_702' title='bbox 1331 5711 1534 5782; x_wconf 80' lang='grc' dir='ltr'><strong>ὀχυρᾶς</strong></span> 
     </span>
     <span class='ocr_line' id='line_1_101' title="bbox 319 5794 1534 5874; baseline 0.002 -23"><span class='ocrx_word' id='word_1_703' title='bbox 319 5794 381 5872; x_wconf 75' lang='grc' dir='ltr'>ἧς</span> <span class='ocrx_word' id='word_1_704' title='bbox 407 5800 740 5873; x_wconf 80' lang='grc' dir='ltr'><strong>παραχρῆμα</strong></span> <span class='ocrx_word' id='word_1_705' title='bbox 760 5802 986 5874; x_wconf 75' lang='grc' dir='ltr'><strong>πάρεστι</strong></span> <span class='ocrx_word' id='word_1_706' title='bbox 1004 5801 1062 5856; x_wconf 77' lang='grc' dir='ltr'>τὸ</span> <span class='ocrx_word' id='word_1_707' title='bbox 1092 5802 1288 5874; x_wconf 81' lang='grc' dir='ltr'><strong>πτῶμα</strong></span> <span class='ocrx_word' id='word_1_708' title='bbox 1310 5819 1319 5830; x_wconf 93' lang='grc'>·</span> <span class='ocrx_word' id='word_1_709' title='bbox 1355 5802 1448 5855; x_wconf 74' lang='grc' dir='ltr'>καὶ</span> <span class='ocrx_word' id='word_1_710' title='bbox 1475 5802 1534 5854; x_wconf 70' lang='grc' dir='ltr'>τὸ</span> 
     </span>
    </p>
   </div>
   <div class='ocr_carea' id='block_1_18' title="bbox 1640 4602 3261 5773">
    <p class='ocr_par' dir='ltr' id='par_1_26' title="bbox 1642 4602 3219 5304">
     <span class='ocr_line' id='line_1_102' title="bbox 1719 4602 3219 4674; baseline -0.001 -13"><span class='ocrx_word' id='word_1_711' title='bbox 1719 4606 1886 4663; x_wconf 64' lang='lat' dir='ltr'>Vsu.</span> <span class='ocrx_word' id='word_1_712' title='bbox 1915 4607 2003 4670; x_wconf 81' lang='grc'><strong>10,</strong></span> <span class='ocrx_word' id='word_1_713' title='bbox 2036 4605 2123 4658; x_wconf 82' lang='grc'>11.</span> <span class='ocrx_word' id='word_1_714' title='bbox 2150 4602 2249 4671; x_wconf 79' lang='lat' dir='ltr'>Qui</span> <span class='ocrx_word' id='word_1_715' title='bbox 2279 4604 2464 4658; x_wconf 86' lang='lat' dir='ltr'>dicunt</span> <span class='ocrx_word' id='word_1_716' title='bbox 2485 4603 2784 4674; x_wconf 83' lang='lat' dir='ltr'>prophetis,</span> <span class='ocrx_word' id='word_1_717' title='bbox 2821 4602 2900 4660; x_wconf 88' lang='lat' dir='ltr'>Ne</span> <span class='ocrx_word' id='word_1_718' title='bbox 2928 4606 3219 4660; x_wconf 83' lang='lat' dir='ltr'>annuntie-</span> 
     </span>
     <span class='ocr_line' id='line_1_103' title="bbox 1648 4693 3217 4767; baseline 0.002 -17"><span class='ocrx_word' id='word_1_719' title='bbox 1648 4696 1718 4751; x_wconf 88' lang='lat' dir='ltr'>tis</span> <span class='ocrx_word' id='word_1_720' title='bbox 1745 4697 1921 4764; x_wconf 87' lang='lat' dir='ltr'>nobis‚</span> <span class='ocrx_word' id='word_1_721' title='bbox 1958 4705 2013 4750; x_wconf 93' lang='lat' dir='ltr'>et</span> <span class='ocrx_word' id='word_1_722' title='bbox 2036 4693 2348 4750; x_wconf 83' lang='lat' dir='ltr'>videntibus</span> <span class='ocrx_word' id='word_1_723' title='bbox 2380 4694 2635 4758; x_wconf 81' lang='lat' dir='ltr'>visiones,</span> <span class='ocrx_word' id='word_1_724' title='bbox 2675 4693 2753 4748; x_wconf 81' lang='lat' dir='ltr'>Ne</span> <span class='ocrx_word' id='word_1_725' title='bbox 2791 4694 3077 4767; x_wconf 84' lang='lat' dir='ltr'>loquamini</span> <span class='ocrx_word' id='word_1_726' title='bbox 3116 4713 3217 4753; x_wconf 88' lang='lat' dir='ltr'>no-</span> 
     </span>
     <span class='ocr_line' id='line_1_104' title="bbox 1645 4785 3215 4854; baseline -0.001 -9"><span class='ocrx_word' id='word_1_727' title='bbox 1645 4788 1732 4845; x_wconf 85' lang='lat' dir='ltr'>his</span> <span class='ocrx_word' id='word_1_728' title='bbox 1761 4806 1774 4842; x_wconf 93' lang='lat'><strong>:</strong></span> <span class='ocrx_word' id='word_1_729' title='bbox 1809 4792 1904 4842; x_wconf 83' lang='lat' dir='ltr'>sed</span> <span class='ocrx_word' id='word_1_730' title='bbox 1928 4785 2417 4854; x_wconf 62' lang='lat' dir='ltr'>noblsdoquimini,</span> <span class='ocrx_word' id='word_1_731' title='bbox 2449 4794 2506 4841; x_wconf 88' lang='lat' dir='ltr'>et</span> <span class='ocrx_word' id='word_1_732' title='bbox 2529 4788 2849 4843; x_wconf 87' lang='lat' dir='ltr'>annuntiate</span> <span class='ocrx_word' id='word_1_733' title='bbox 2872 4790 3026 4845; x_wconf 89' lang='lat' dir='ltr'>nobis</span> <span class='ocrx_word' id='word_1_734' title='bbox 3052 4790 3215 4844; x_wconf 87' lang='lat' dir='ltr'>alium</span> 
     </span>
     <span class='ocr_line' id='line_1_105' title="bbox 1647 4879 3214 4938; baseline -0.001 0"><span class='ocrx_word' id='word_1_735' title='bbox 1647 4894 1888 4938; x_wconf 88' lang='lat' dir='ltr'>errorem</span> <span class='ocrx_word' id='word_1_736' title='bbox 1930 4897 1945 4934; x_wconf 73' lang='grc' dir='ltr'>ι</span> <span class='ocrx_word' id='word_1_737' title='bbox 1984 4889 2039 4932; x_wconf 93' lang='lat' dir='ltr'>ct</span> <span class='ocrx_word' id='word_1_738' title='bbox 2084 4879 2314 4933; x_wconf 86' lang='lat' dir='ltr'>avertite</span> <span class='ocrx_word' id='word_1_739' title='bbox 2366 4895 2465 4934; x_wconf 90' lang='lat' dir='ltr'>nos</span> <span class='ocrx_word' id='word_1_740' title='bbox 2512 4879 2580 4932; x_wconf 86' lang='lat' dir='ltr'>ab</span> <span class='ocrx_word' id='word_1_741' title='bbox 2632 4880 2732 4936; x_wconf 77' lang='lat' dir='ltr'>bac</span> <span class='ocrx_word' id='word_1_742' title='bbox 2783 4884 2888 4938; x_wconf 80' lang='lat' dir='ltr'>via.</span> <span class='ocrx_word' id='word_1_743' title='bbox 2925 4883 3147 4937; x_wconf 79' lang='lat' dir='ltr'>Auferte</span> <span class='ocrx_word' id='word_1_744' title='bbox 3185 4901 3214 4936; x_wconf 78' lang='lat' dir='ltr'>a</span> 
     </span>
     <span class='ocr_line' id='line_1_106' title="bbox 1646 4971 3212 5034; baseline -0.002 -5"><span class='ocrx_word' id='word_1_745' title='bbox 1646 4973 1805 5029; x_wconf 86' lang='lat' dir='ltr'>nobis</span> <span class='ocrx_word' id='word_1_746' title='bbox 1832 4973 2085 5027; x_wconf 81' lang='lat' dir='ltr'>semitam</span> <span class='ocrx_word' id='word_1_747' title='bbox 2132 4971 2275 5026; x_wconf 71' lang='lat' dir='ltr'>lianc</span> <span class='ocrx_word' id='word_1_748' title='bbox 2301 5010 2317 5034; x_wconf 85' lang='lat'>,</span> <span class='ocrx_word' id='word_1_749' title='bbox 2344 4982 2398 5026; x_wconf 88' lang='lat' dir='ltr'>ct</span> <span class='ocrx_word' id='word_1_750' title='bbox 2442 4972 2652 5027; x_wconf 74' lang='lat' dir='ltr'>auferte</span> <span class='ocrx_word' id='word_1_751' title='bbox 2680 4989 2709 5026; x_wconf 87' lang='lat' dir='ltr'>a</span> <span class='ocrx_word' id='word_1_752' title='bbox 2755 4974 2908 5029; x_wconf 84' lang='lat' dir='ltr'>nobis</span> <span class='ocrx_word' id='word_1_753' title='bbox 2936 4975 3212 5028; x_wconf 81' lang='lat' dir='ltr'>oraculum</span> 
     </span>
     <span class='ocr_line' id='line_1_107' title="bbox 1645 5061 3213 5134; baseline 0.001 -15"><span class='ocrx_word' id='word_1_754' title='bbox 1645 5063 1835 5119; x_wconf 88' lang='lat' dir='ltr'>lsrael.</span> <span class='ocrx_word' id='word_1_755' title='bbox 1878 5079 1898 5114; x_wconf 77' lang='grc' dir='ltr'><strong>ι</strong></span> <span class='ocrx_word' id='word_1_756' title='bbox 1930 5062 2055 5116; x_wconf 63' lang='lat' dir='ltr'>llaec</span> <span class='ocrx_word' id='word_1_757' title='bbox 2090 5063 2291 5131; x_wconf 85' lang='lat' dir='ltr'>quippe</span> <span class='ocrx_word' id='word_1_758' title='bbox 2322 5061 2609 5129; x_wconf 80' lang='lat' dir='ltr'>Jcrcmiae,</span> <span class='ocrx_word' id='word_1_759' title='bbox 2643 5073 2700 5118; x_wconf 87' lang='lat' dir='ltr'>et</span> <span class='ocrx_word' id='word_1_760' title='bbox 2752 5068 2900 5134; x_wconf 84' lang='lat' dir='ltr'>paria</span> <span class='ocrx_word' id='word_1_761' title='bbox 2957 5081 3080 5119; x_wconf 89' lang='lat' dir='ltr'>cum</span> <span class='ocrx_word' id='word_1_762' title='bbox 3124 5065 3213 5120; x_wconf 87' lang='lat' dir='ltr'>illu</span> 
     </span>
     <span class='ocr_line' id='line_1_108' title="bbox 1645 5153 3215 5223; baseline 0.002 -11"><span class='ocrx_word' id='word_1_763' title='bbox 1645 5153 2007 5212; x_wconf 85' lang='lat' dir='ltr'>sentientibus</span> <span class='ocrx_word' id='word_1_764' title='bbox 2044 5155 2319 5219; x_wconf 86' lang='lat' dir='ltr'>dicebaut,</span> <span class='ocrx_word' id='word_1_765' title='bbox 2354 5156 2442 5223; x_wconf 90' lang='lat' dir='ltr'>qui</span> <span class='ocrx_word' id='word_1_766' title='bbox 2477 5170 2665 5210; x_wconf 86' lang='lat' dir='ltr'>corum</span> <span class='ocrx_word' id='word_1_767' title='bbox 2694 5159 2916 5213; x_wconf 83' lang='lat' dir='ltr'>vocibus</span> <span class='ocrx_word' id='word_1_768' title='bbox 2956 5172 3060 5210; x_wconf 91' lang='lat' dir='ltr'>non</span> <span class='ocrx_word' id='word_1_769' title='bbox 3095 5173 3215 5215; x_wconf 87' lang='lat' dir='ltr'>crc-</span> 
     </span>
     <span class='ocr_line' id='line_1_109' title="bbox 1642 5250 1865 5304; baseline -0.009 -2"><span class='ocrx_word' id='word_1_770' title='bbox 1642 5250 1865 5304; x_wconf 87' lang='lat' dir='ltr'>debant.</span> 
     </span>
    </p>

    <p class='ocr_par' dir='ltr' id='par_1_27' title="bbox 1640 5337 3261 5773">
     <span class='ocr_line' id='line_1_110' title="bbox 1715 5337 3215 5404; baseline 0.005 -15"><span class='ocrx_word' id='word_1_771' title='bbox 1715 5337 1880 5391; x_wconf 72' lang='lat' dir='ltr'>Vsns.</span> <span class='ocrx_word' id='word_1_772' title='bbox 1908 5337 2090 5391; x_wconf 70' lang='lat'>1246.</span> <span class='ocrx_word' id='word_1_773' title='bbox 2135 5360 2154 5388; x_wconf 74' lang='grc' dir='ltr'>ι</span> <span class='ocrx_word' id='word_1_774' title='bbox 2199 5337 2322 5394; x_wconf 74' lang='lat' dir='ltr'>ltlco</span> <span class='ocrx_word' id='word_1_775' title='bbox 2350 5340 2467 5393; x_wconf 79' lang='lat' dir='ltr'>hanc</span> <span class='ocrx_word' id='word_1_776' title='bbox 2497 5339 2628 5394; x_wconf 79' lang='lat' dir='ltr'>dicit</span> <span class='ocrx_word' id='word_1_777' title='bbox 2657 5341 2937 5404; x_wconf 83' lang='lat' dir='ltr'>Dominus,</span> <span class='ocrx_word' id='word_1_778' title='bbox 2980 5341 3215 5396; x_wconf 78' lang='lat' dir='ltr'>Sanctus</span> 
     </span>
     <span class='ocr_line' id='line_1_111' title="bbox 1642 5431 3210 5502; baseline 0.001 -17"><span class='ocrx_word' id='word_1_779' title='bbox 1642 5431 1851 5487; x_wconf 84' lang='lat' dir='ltr'>lsrael:</span> <span class='ocrx_word' id='word_1_780' title='bbox 1884 5432 2017 5498; x_wconf 81' lang='lat' dir='ltr'>Quia</span> <span class='ocrx_word' id='word_1_781' title='bbox 2068 5447 2173 5487; x_wconf 92' lang='lat' dir='ltr'>non</span> <span class='ocrx_word' id='word_1_782' title='bbox 2214 5432 2631 5502; x_wconf 83' lang='lat' dir='ltr'>obtemperastis</span> <span class='ocrx_word' id='word_1_783' title='bbox 2689 5432 2775 5483; x_wconf 73' lang='lat' dir='ltr'>liis</span> <span class='ocrx_word' id='word_1_784' title='bbox 2844 5433 3210 5495; x_wconf 86' lang='lat' dir='ltr'>sermonibus,</span> 
     </span>
     <span class='ocr_line' id='line_1_112' title="bbox 1643 5523 3215 5593; baseline -0.001 -14"><span class='ocrx_word' id='word_1_785' title='bbox 1643 5523 1739 5579; x_wconf 86' lang='lat' dir='ltr'>sed</span> <span class='ocrx_word' id='word_1_786' title='bbox 1766 5525 2028 5593; x_wconf 87' lang='lat' dir='ltr'>sperastis</span> <span class='ocrx_word' id='word_1_787' title='bbox 2052 5523 2104 5578; x_wconf 91' lang='lat' dir='ltr'>iu</span> <span class='ocrx_word' id='word_1_788' title='bbox 2133 5525 2415 5579; x_wconf 83' lang='lat' dir='ltr'>mendacio</span> <span class='ocrx_word' id='word_1_789' title='bbox 2439 5562 2455 5586; x_wconf 90' lang='lat'>,</span> <span class='ocrx_word' id='word_1_790' title='bbox 2492 5535 2546 5579; x_wconf 81' lang='lat' dir='ltr'>et</span> <span class='ocrx_word' id='word_1_791' title='bbox 2589 5523 2713 5590; x_wconf 85' lang='lat' dir='ltr'>quia</span> <span class='ocrx_word' id='word_1_792' title='bbox 2744 5523 3126 5586; x_wconf 87' lang='lat' dir='ltr'>murmurasti,</span> <span class='ocrx_word' id='word_1_793' title='bbox 3158 5536 3215 5577; x_wconf 88' lang='lat' dir='ltr'>ct</span> 
     </span>
     <span class='ocr_line' id='line_1_113' title="bbox 1640 5612 3210 5682; baseline -0.003 -12"><span class='ocrx_word' id='word_1_794' title='bbox 1640 5615 1918 5671; x_wconf 85' lang='lat' dir='ltr'>credidisti</span> <span class='ocrx_word' id='word_1_795' title='bbox 1950 5616 2184 5669; x_wconf 87' lang='lat' dir='ltr'>sermoni</span> <span class='ocrx_word' id='word_1_796' title='bbox 2226 5616 2386 5681; x_wconf 73' lang='lat' dir='ltr'>ltuic;</span> <span class='ocrx_word' id='word_1_797' title='bbox 2436 5616 2637 5669; x_wconf 86' lang='lat' dir='ltr'>idcirco</span> <span class='ocrx_word' id='word_1_798' title='bbox 2678 5612 2785 5667; x_wconf 87' lang='lat' dir='ltr'>crit</span> <span class='ocrx_word' id='word_1_799' title='bbox 2816 5612 2972 5667; x_wconf 78' lang='lat' dir='ltr'>vobis</span> <span class='ocrx_word' id='word_1_800' title='bbox 3014 5628 3210 5682; x_wconf 81' lang='lat' dir='ltr'>pccca-</span> 
     </span>
     <span class='ocr_line' id='line_1_114' title="bbox 1642 5704 3261 5773; baseline -0.004 -12"><span class='ocrx_word' id='word_1_801' title='bbox 1642 5714 1755 5761; x_wconf 89' lang='lat' dir='ltr'>tum</span> <span class='ocrx_word' id='word_1_802' title='bbox 1792 5706 1897 5761; x_wconf 64' lang='lat' dir='ltr'>troc</span> <span class='ocrx_word' id='word_1_803' title='bbox 1931 5706 2084 5773; x_wconf 67' lang='lat' dir='ltr'>(prasi</span> <span class='ocrx_word' id='word_1_804' title='bbox 2125 5720 2313 5762; x_wconf 88' lang='lat' dir='ltr'>murus</span> <span class='ocrx_word' id='word_1_805' title='bbox 2348 5706 2560 5762; x_wconf 71' lang='lat' dir='ltr'>cadens</span> <span class='ocrx_word' id='word_1_806' title='bbox 2589 5705 2781 5760; x_wconf 64' lang='lat' dir='ltr'>sxm&#39;xxn</span> <span class='ocrx_word' id='word_1_807' title='bbox 2819 5704 2985 5760; x_wconf 63' lang='lat' dir='ltr'>xxffixs</span> <span class='ocrx_word' id='word_1_808' title='bbox 3018 5704 3261 5758; x_wconf 42' lang='grc' dir='ltr'><strong>ψυῶν».</strong></span> 
     </span>
    </p>
   </div>
   <div class='ocr_carea' id='block_1_19' title="bbox 1641 5793 3312 5883">
    <p class='ocr_par' dir='ltr' id='par_1_28' title="bbox 1641 5793 3312 5883">
     <span class='ocr_line' id='line_1_115' title="bbox 1641 5793 3312 5883; baseline -0.008 -24"><span class='ocrx_word' id='word_1_809' title='bbox 1641 5811 1989 5883; x_wconf 31' lang='grc' dir='ltr'><strong>ο-κρυςιωιτιῃ</strong></span> <span class='ocrx_word' id='word_1_810' title='bbox 2011 5803 2171 5875; x_wconf 59' lang='lat' dir='ltr'>cuius</span> <span class='ocrx_word' id='word_1_811' title='bbox 2204 5803 2391 5861; x_wconf 73' lang='lat' dir='ltr'>subite</span> <span class='ocrx_word' id='word_1_812' title='bbox 2424 5803 2588 5861; x_wconf 62' lang='lat' dir='ltr'>adest.</span> <span class='ocrx_word' id='word_1_813' title='bbox 2616 5799 2792 5859; x_wconf 58' lang='grc' dir='ltr'><strong>τοῖσι</strong></span> <span class='ocrx_word' id='word_1_814' title='bbox 2819 5817 2844 5853; x_wconf 87' lang='grc'>·.</span> <span class='ocrx_word' id='word_1_815' title='bbox 2891 5808 2955 5855; x_wconf 71' lang='lat' dir='ltr'>ex</span> <span class='ocrx_word' id='word_1_816' title='bbox 2975 5797 3154 5852; x_wconf 62' lang='lat' dir='ltr'>txx&#39;xxxa</span> <span class='ocrx_word' id='word_1_817' title='bbox 3178 5793 3312 5861; x_wconf 55' lang='lat' dir='ltr'>&lt;xus</span> 
     </span>
    </p>
   </div>
  </div>
 </body>
</html>
