3692 6134
276 848 287 896 i

989 307 1258 366 Eusssnn
1292 307 1771 366 cAESAmmsts
1806 307 1958 365 OPP.
1995 305 2177 364 PAtts
2211 304 2301 363 in.
2337 337 2410 352 -
2445 303 2856 363 exsontes.

3473 313 3586 374 525

317 435 432 492 rios
454 441 513 493 ot
539 431 713 501 albos,
750 447 815 490 ac
848 403 1047 490 currus
1091 434 1305 505 aliquos
1333 432 1676 500 describens,
1713 448 1879 505 ange·
1908 439 1958 496 Α
1981 431 2122 504 cela,
2162 431 2292 503 παρ’
2323 422 2369 499 ᾧ
2399 430 2599 493 ῑππους
2624 427 2836 500 ψαροὺς
2875 427 2969 482 καὶ
3001 431 3282 497 ποικίλους
3313 433 3411 488 καὶ
3454 433 3585 488 λευ-

317 525 454 583 licas
482 525 713 582 ¹virtutes
745 524 1147 581 subIndicabat.
1195 523 1487 596 Lampenoe
1512 533 1690 581 autem
1722 524 1894 581 mulo-

320 633 440 674 rum
470 617 726 675 videntur
753 616 1065 688 significare
1094 631 1330 687 corpora
1362 618 1731 689 resurgentia,
1771 616 1891 687 qui·

318 708 422 765 bus
469 716 638 766 vectae
682 707 877 764 animoe
935 707 990 762 iu
1054 708 1330 763 coelestem
1401 707 1676 764 civitatem
1739 722 1894 764 assu·

321 808 563 856 mentor.
592 799 637 856 Ε
679 814 738 856 re
767 807 947 856 autem
987 799 1188 855 dicitur
1229 800 1516 872 lampenae,
1551 801 1670 858 sive
1716 800 1895 873 fulgo·

272 899 280 919 ’
322 907 435 960 res,
457 892 528 949 ob
559 889 855 965 fulgentem
890 892 1020 965 ipsis
1048 891 1298 964 gloriam.

392 1070 560 1130 Vsus.
586 1073 679 1130 21.
716 1092 736 1126 ι
774 1073 845 1131 Ut
883 1071 1117 1131 offerant
1145 1073 1241 1131 filii
1284 1074 1454 1132 lsrael
1475 1076 1728 1134 victimas
1764 1092 1894 1135 suas

322 1165 453 1222 mibi
492 1179 613 1222 cum
655 1165 914 1237 psainnisz
977 1176 1032 1223 et
1091 1182 1160 1224 ex
1207 1165 1286 1225 eis
1328 1182 1537 1225 sumam
1581 1171 1894 1229 sacerdotes

317 1267 375 1312 et
408 1255 652 1326 Levitas,
705 1257 843 1316 dixit
873 1259 1153 1318 Dominus.
1190 1278 1211 1313 a
1258 1259 1327 1317 Ut
1368 1259 1553 1331 itaque
1596 1265 1893 1319 secundum

319 1362 635 1421 corpoream
668 1348 842 1421 legem
894 1350 951 1406 in
996 1358 1217 1407 terrena
1269 1349 1574 1408 Jerusalem
1622 1352 1740 1410 baec
1768 1368 1894 1425 age·

321 1439 451 1495 bant
485 1442 579 1512 qui
624 1441 827 1497 cultum
878 1441 1303 1513 persolvebant3
1353 1441 1547 1500 eodem
1601 1443 1765 1500 modo
1805 1458 1894 1501 se-

317 1531 554 1588 cundum
584 1541 862 1589 terrenum
892 1533 1024 1589 iilud
1049 1533 1379 1606 exemplum,
1408 1533 1499 1606 qul
1526 1532 1585 1590 in
1613 1536 1891 1593 coelestem

319 1619 713 1696 lerosolymam
741 1626 1054 1689 ascendent.
1084 1640 1210 1683 cum
1244 1625 1481 1699 propriis
1505 1623 1775 1685 fructibus
1801 1642 1894 1685 ve-

323 1715 492 1783 nient,
526 1729 662 1787 quos
687 1715 887 1788 singuli
915 1732 987 1775 ex
1033 1714 1335 1776 fructiIeris
1364 1716 1655 1775 virtutibus
1701 1730 1761 1775 ut
1794 1721 1893 1777 do-

321 1821 452 1864 num
477 1816 536 1864 et
560 1823 756 1865 munus
798 1809 852 1866 in
891 1810 1075 1867 anima
1110 1810 1370 1867 reserent.

394 1899 681 1975 Vnsss22.
721 1934 743 1971 ι
776 1915 931 1974 Sicut
969 1918 1114 1974 enirn
1144 1916 1343 1973 coelum
1393 1930 1593 1974 novum
1638 1926 1696 1974 et
1738 1929 1888 1977 terra

318 2021 479 2074 nova.
510 2021 634 2080 qna
654 2021 755 2077 ego
778 2004 945 2072 facio,
977 2016 1295 2078 permanent
1321 2007 1375 2061 in
1407 2017 1701 2077 conspectu
1740 2024 1887 2079 meo,

318 2097 452 2156 dicit
485 2097 744 2155 Dominus
773 2113 792 2166 ς
822 2096 905 2154 sic
928 2097 1097 2154 stabit
1122 2111 1307 2155 semen
1337 2108 1578 2156 vestrum
1602 2109 1659 2157 et
1687 2116 1886 2160 nomen

316 2197 580 2246 vestrum.
612 2207 634 2242 ›
660 2186 799 2244 Nam
824 2187 873 2246 si
902 2201 1105 2246 norum
1130 2189 1355 2259 coelum,
1383 2201 1440 2247 et
1466 2206 1605 2248 nova
1632 2200 1802 2259 terra,
1831 2203 1888 2249 et

318 2279 615 2337 Jerusalem
664 2295 802 2338 nova
850 2288 974 2346 estz
1024 2292 1427 2353 consequenter
1464 2286 1779 2342 sacerdotes
1828 2296 1886 2343 et

316 2368 516 2428 Levita
545 2370 671 2427 novi
712 2381 896 2446 erunt,
935 2385 1107 2442 quare
1130 2372 1378 2443 superius
1412 2373 1675 2432 dicebat:
1708 2393 1729 2429 ι
1766 2375 1883 2433 Non

318 2463 746 2521 recordabuntur
770 2463 1035 2534 priorum,
1066 2472 1125 2518 et
1151 2478 1262 2520 non
1293 2465 1554 2523 ascendet
1596 2467 1649 2524 in
1674 2483 1773 2526 cor
1799 2484 1887 2525 eo-

317 2569 465 2614 rum.
493 2574 517 2612 a
548 2553 733 2612 Prima
761 2554 946 2625 itaque
970 2567 1083 2609 non
1108 2556 1484 2625 permanentia
1521 2569 1714 2626 erant,
1755 2575 1887 2631 qua·

314 2655 539 2720 propter
563 2645 766 2704 dictum
790 2651 895 2711 est,
930 2659 952 2696 ι
978 2641 1187 2702 Coelum
1212 2654 1270 2700 et
1312 2655 1455 2702 terra
1483 2650 1821 2719 transibunt;
1855 2670 1876 2705 ι

315 2752 385 2796 ac
422 2750 672 2805 rursum,
722 2754 743 2790 ι
788 2735 1087 2792 Plicabitur
1128 2735 1327 2804 coelum
1364 2747 1423 2794 ut
1462 2738 1622 2807 liber,
1669 2751 1726 2796 et
1757 2756 1883 2797 cor-

315 2829 571 2902 ruptione
602 2838 985 2899 corrumpetur
1026 2837 1193 2888 terra.
1244 2847 1266 2883 ι
1298 2829 1486 2887 Futuri
1523 2846 1654 2889 vero
1691 2833 1879 2890 saeculi

315 2920 573 2993 primitias
614 2919 1124 2989 Christus3deinde
1150 2921 1244 2994 qui
1274 2921 1480 2981 Christi
1525 2923 1738 2981 suntin
1782 2926 1881 2983 ad-

317 3021 483 3072 ventu
521 3011 661 3085 ejus.

1992 524 2121 589 κοὺς
2149 523 2243 578 καὶ
2271 520 2495 595 ἅρματά
2529 538 2651 575 τινα
2679 520 2983 592 διαγράψας
3011 521 3039 574 ό
3066 521 3247 592 λόγος,
3276 526 3584 596 ὰγγελικὰς

1991 616 2233 688 ᾐνίττετο
2262 613 2539 686 δυνάμεις.
2579 614 2877 685 Λαμπῆναι
2920 613 2977 667 δὲ
3015 615 3259 685 ἡμιόνων
3290 619 3583 690 σημαίνειν

1990 707 2200 762 ἐοίκασι
2219 705 2290 760 τὰ
2313 704 2412 778 τῆς
2439 705 2789 769 ἀναστάσεως
2815 704 3070 777 σώματα,
3099 703 3181 773 οἷς
3208 710 3581 783 ἐποχούμεναι

1991 800 2048 853 αἱ
2078 797 2250 870 ψυχαὶ
2284 800 2365 863 είς
2405 797 2504 870 τὴν
2533 797 2855 869 ἐπουράνιον
2896 799 3371 873 ἀναληφθήσονται
3401 804 3577 859 πόλιν.

1989 887 2067 946 Εὖ
2095 890 2154 948 δὲ
2176 891 2392 964 εἴρηται
2414 889 2693 961 λαμπῆναι
2722 888 2809 944 διὰ
2836 890 2936 962 τὴν
2974 891 3368 965 ἐκλάμπουσαν
3394 898 3580 964 αὐτοῖς

1990 983 2170 1052 δόξαν.

2065 1094 2084 1129 ι
2128 1075 2216 1139 Ὦς
2243 1074 2633 1144 ἁνενέγκαισαν
2660 1074 2708 1127 οί
2734 1074 2841 1128 υἱοὶ
2879 1073 3096 1147 Ἰσραὴλ
3127 1078 3226 1141 τὰς
3252 1077 3448 1144 Θυσίας
3478 1081 3579 1134 αὐ-

1990 1168 2099 1223 τῶν
2151 1168 2276 1240 ἐμοὶ
2323 1166 2462 1240 μετὰ
2503 1164 2735 1238 ψαλμῶν
2756 1182 2770 1197 ·
2816 1168 2913 1221 καὶ
2958 1170 3057 1222 ἀπ’
3100 1171 3279 1223 αὐτῶν
3324 1172 3571 1243 λήψομαι

1994 1261 2159 1332 ἱερεῖς
2186 1260 2281 1314 καὶ
2307 1260 2560 1326 Λευίτας,
2594 1253 2717 1311 εἷπε
2746 1258 2972 1330 Κύριος.
3013 1278 3032 1312 ι
3067 1262 3275 1333 Ὥσπερ
3301 1258 3396 1316 οῦν
3442 1265 3567 1318 τότε

1992 1354 2132 1408 κατὰ
2159 1352 2251 1408 τὸν
2281 1352 2589 1426 σωματικὸν
2627 1352 2791 1421 νόμον
2831 1351 2926 1405 ἐπὶ
2959 1351 3058 1423 τῆς
3086 1354 3329 1422 ἐπιγείου
3370 1355 3565 1429 Ἰερου-

1994 1443 2174 1515 σαλὴμ
2195 1442 2346 1498 ταῦτ’
2376 1442 2641 1515 ἔπραττον
2669 1445 2718 1497 οἱ
2749 1443 2849 1515 τὴν
2883 1443 3127 1516 λατρείαν
3154 1446 3555 1511 ἐπιτελοῦντες·

1991 1536 2081 1591 τὸν
2108 1536 2268 1591 αὐτὸν
2289 1535 2488 1608 τρόπον
2517 1534 2657 1589 κατὰ
2689 1534 2751 1589 τὸ
2776 1536 2868 1589 ἐπὶ
2902 1536 3005 1607 γῆς
3029 1537 3372 1609 παράδειγμα
3401 1542 3449 1593 oi
3477 1543 3561 1604 εἰς

1989 1629 2090 1702 τήν
2120 1628 2368 1699 οὐράνιον
2414 1626 2771 1701 Ἰερουσαλὴμ
2814 1628 3055 1693 ἀνιόντες
3089 1629 3273 1700 ἥξουσι
3322 1634 3441 1703 μετ’
3481 1632 3562 1685 ol-

1991 1717 2157 1774 κείων
2197 1719 2446 1795 καρπῶν,
2479 1712 2553 1773 ὧν
2600 1719 2830 1782 ἕκαστος
2869 1720 2925 1772 ἐν
2964 1718 3108 1791 ψυχῇ
3142 1720 3565 1793 μετακομίζεται

1920 1782 1965 1839 Β
1992 1810 2179 1885 δώρων
2206 1812 2306 1884 τῆς
2326 1812 2435 1867 τῶν
2459 1810 2670 1884 ἀρετῶν
2698 1813 2762 1865 ἐκ
2790 1812 3183 1885 καρποφορίας.

2066 1920 2087 1952 ι
2127 1901 2225 1956 Ὃν
2250 1901 2450 1975 τρόπον
2478 1902 2586 1975 γὰρ
2607 1904 2636 1956 ό
2660 1900 2887 1971 οὐρανὸς
2922 1902 3106 1966 καινὸς
3136 1901 3228 1956 καὶ
3262 1902 3296 1974 *i
3335 1902 3406 1973 γῆ
3435 1919 3569 1956 και-

1987 1990 2078 2065 νὴ,
2111 1990 2150 2048 ἃ
2175 1990 2287 2062 ἐγὼ
2317 1991 2482 2056 ποιῶ,
2526 1992 2677 2064 μένει
2698 1992 2927 2047 ἐνώπιον
2963 1991 3122 2066 ἐμοῦ,
3151 1992 3298 2062 λέγει
3317 1993 3519 2065 Κύριος
3549 2011 3568 2026 ·

1988 2082 2132 2138 οὕτω
2151 2084 2404 2158 στήσεται
2425 2083 2486 2139 τὸ
2520 2083 2740 2155 σπέρμα
2759 2085 2913 2157 ὑμῶν
2940 2085 3037 2138 καὶ
3065 2084 3127 2138 τὸ
3153 2084 3322 2155 δνομα
3351 2083 3526 2155 ὑμῶν.
3543 2105 3565 2137 ι

1987 2177 2052 2232 m
2074 2177 2184 2251 γὰρ
2205 2178 2433 2251 οὐρανὸς
2458 2176 2642 2241 καινός
2676 2178 2793 2231 ἐστι
2820 2178 2916 2233 καὶ
2947 2179 2982 2250 ή
3011 2178 3084 2249 γῆ
3111 2176 3293 2246 καινή,
3334 2177 3427 2232 καὶ
3470 2179 3576 2232 Ἰε-

1991 2270 2270 2342 ρουσαλὴμ.
2302 2269 2481 2342 καινή,
2531 2271 2819 2325 ἀκόλουθον
2851 2271 2919 2324 ἂν
2962 2269 3047 2341 εἴη
3103 2271 3199 2324 καὶ
3245 2271 3369 2334 τοὺς
3401 2271 3576 2341 ἱερεῖς

1986 2363 2082 2415 καὶ
2108 2363 2342 2427 Λευίτας
2373 2364 2591 2428 καινοὺς
2616 2363 2830 2417 ἔσεσθαι
2855 2380 2869 2393 ·
2900 2362 2979 2418 διὸ
3008 2363 3101 2417 καὶ
3135 2364 3194 2417 ἐν
3217 2365 3330 2426 τοῖς
3360 2362 3574 2434 ἔμε-τρο·

1986 2454 2111 2510 σθεν
2143 2454 2294 2525 ἔλεγε
2319 2472 2334 2487 ·
2377 2473 2398 2508 ι
2444 2457 2517 2510 Ού
2557 2455 2837 2528 μνησθῶσι
2877 2455 2985 2510 τῶν
3009 2456 3314 2528 προτέρων,
3346 2456 3441 2509 καὶ
3466 2457 3573 2510 οὐκ

1983 2546 2312 2619 ἀναδήσεται
2363 2548 2542 2603 αὐτῶν
2580 2548 2673 2603 ἐπὶ
2705 2549 2804 2621 τὴν
2839 2548 3083 2620 καρδίαν.
3119 2566 3139 2599 ι
3175 2548 3259 2601 Τὰ
3319 2549 3418 2619 μὲν
3472 2545 3570 2604 οῦν

1984 2637 2179 2711 πρῶτα
2200 2639 2261 2693 ού
2292 2639 2522 2711 μένοντα
2544 2634 2613 2711 ἦν
2633 2657 2646 2670 ·
2685 2639 2765 2693 διὸ
2819 2639 3035 2709 ἐλέγετο
3057 2656 3071 2670 ·
3110 2657 3130 2691 ι
3170 2640 3411 2710 Οὐρανὸς
3470 2640 3570 2698 καὶ

1983 2730 2018 2801 ή
2044 2730 2114 2800 γῆ
2138 2729 2600 2800 παρελεύσονται·
2641 2749 2659 2782 r
2696 2731 2790 2784 καὶ
2821 2729 3015 2785 πάλιν·
3049 2749 3068 2779 c
3103 2730 3446 2802 Εἰλιγήσεται
3469 2730 3566 2785 ού-

1984 2821 2145 2893 ρανδς
2168 2820 2244 2884 ῶς
2269 2819 2491 2891 βιόλίον,
2526 2821 2621 2875 καὶ
2651 2821 2825 2894 φθορᾷ
2857 2821 3193 2895 φθαρήσεται
3216 2824 3251 2895 ἡ
3284 2822 3374 2894 γῆ.
3396 2839 3415 2873 ι
3445 2822 3561 2876 Τοῦ

1980 2912 2040 2968 δέ
2070 2910 2352 2984 μέλλοντος
2378 2911 2573 2976 αἰῶνος
2602 2912 2821 2985 ἀπαρχὴ
2857 2912 3093 2986 Χριστός
3115 2929 3129 2944 ·
3163 2912 3350 2967 ἔπειτα
3373 2913 3422 2966 oi
3454 2913 3559 2968 τοῦ

1979 3002 2216 3076 Χριστοῦ
2243 3004 2301 3058 ἐν
2336 3005 2401 3077 τῇ
2427 3004 2701 3077 παρουσίᾳ
2727 3004 2915 3060 αὐτοῦ.

388 3103 551 3162 Vns.
576 3104 672 3161 25.
708 3120 730 3157 ι
766 3102 834 3160 Et
856 3103 961 3161 erit
996 3103 1200 3162 mensis
1243 3118 1311 3163 ex
1345 3121 1554 3174 mense.
1592 3116 1648 3165 et
1681 3109 1877 3167 sabba·
1901 3127 1948 3188 ρ
2054 3111 2075 3147 ¹
2106 3093 2217 3149 Καὶ
2238 3092 2390 3150 ἔσται
2415 3094 2520 3168 μὴν
2556 3096 2619 3149 ὲκ
2649 3095 2838 3168 μηνὸς,
2871 3096 2966 3150 καὶ
2996 3095 3265 3151 σά66ατον
3313 3097 3376 3149 ἐκ
3419 3095 3553 3149 σαθ-

313 3187 429 3256 ttim
468 3211 535 3254 cs
571 3195 819 3257 sabbato.
854 3195 1046 3253 Veniet
1073 3198 1252 3256 omnis
1281 3212 1412 3256 caro
1443 3199 1513 3255 ad
1542 3198 1878 3256 adorandum
1980 3183 2164 3240 ὅᾶτῡυ·
2191 3183 2348 3251 Ἥξει
2391 3186 2542 3241 πᾶσα
2573 3185 2709 3259 σὰρξ
2760 3185 2856 3240 τοῦ
2912 3189 3288 3260 προσκυνῆσαι
3325 3185 3558 3242 ἐνώπιον

314 3288 369 3346 in
408 3297 705 3360 conspecto
748 3304 869 3347 meo
913 3291 964 3346 in
1008 3289 1331 3355 Jerusalem,
1368 3291 1499 3347 dicit
1538 3289 1821 3347 Dominus.
1848 3310 1871 3346 s

315 3378 612 3437 Sabbatum
675 3387 857 3435 autem
905 3377 1107 3437 Christi
1155 3377 1494 3444 intelligendi
1545 3392 1698 3434 more
1748 3393 1881 3434 con-

310 3477 569 3540 menter
605 3470 846 3540 accipias
885 3484 985 3538 pro
1016 3469 1462 3526 solemnitatibus
1518 3468 1573 3524 in
1614 3469 1754 3526 coelo
1786 3485 1879 3526 ce-

313 3557 555 3626 lebratis,
601 3570 658 3617 et
703 3574 801 3632 pro
839 3560 983 3618 veris
1025 3560 1138 3619 illic
1187 3561 1431 3619 sabbatis
1472 3560 1527 3618 in
1575 3561 1874 3629 mensibus,

310 3659 373 3708 ut
406 3651 482 3707 ibi
523 3667 622 3708 usu
651 3653 901 3717 veniunt,
940 3653 1300 3711 celebrandis.
1352 3652 1430 3708 De
1464 3652 1660 3726 quibus
1702 3654 1873 3724 proli-

310 3756 412 3799 xus
453 3751 509 3800 ct
545 3743 815 3816 explicatu
845 3742 1076 3802 difficilis
1111 3759 1292 3801 sermo
1317 3744 1685 3801 instituendus
1706 3753 1872 3811 esset,

308 3836 403 3906 qui
441 3834 605 3906 longo
641 3836 752 3891 otio
780 3845 835 3892 et
861 3835 1084 3909 proprio
1107 3847 1427 3909 argumento
1460 3852 1597 3909 opus
1625 3837 1870 3893 liaberet.

310 3926 548 3981 Carnem
584 3932 765 3982 autem
801 3939 1015 3981 omnem
1069 3935 1230 3983 vocat
1285 3940 1474 3982 omnes
1520 3937 1746 3998 gentes3
1796 3924 1871 3982 ita

308 4015 454 4072 enim
498 4014 749 4085 superius
794 4015 1101 4081 dicebatur,
1144 4034 1166 4070 ι
1213 4013 1430 4073 Videbit
1479 4027 1659 4073 autem
1693 4017 1870 4074 omnis

308 4120 441 4164 caro
472 4105 721 4164 salutare
750 4106 844 4164 Dei
869 4123 885 4169 ;
913 4115 966 4162 et
995 4106 1160 4174 aiibi,
1198 4123 1218 4160 ι
1249 4105 1531 4164 Effundam
1564 4109 1631 4163 de
1664 4104 1869 4177 Spiritu

307 4212 429 4256 uteo
456 4210 618 4269 super
648 4211 860 4254 omnem
888 4211 1129 4261 carnem.
1179 4206 1234 4253 et
1260 4196 1665 4268 prophetabunt
1690 4198 1742 4253 iu
1773 4196 1867 4254 Je-

305 4289 566 4346 rusalem.
627 4306 650 4342 a
698 4286 983 4346 Coelestem
1046 4288 1248 4345 indicat
1291 4288 1722 4362 lerosolymam,
1773 4292 1866 4349 ubi

307 4377 608 4436 salvatoris
645 4377 815 4436 nostri
852 4391 1071 4449 regnum
1109 4380 1391 4435 consistet.

1977 3276 2114 3350 ἐμοῦ
2148 3279 2205 3332 ἐν
2241 3278 2609 3351 Ἰερουσαλὴμ,
2641 3276 2760 3333 εἷπε
2785 3279 3004 3353 Κύριος.
3041 3298 3059 3331 ι
3088 3281 3161 3333 Τὸ
3204 3281 3260 3334 δέ
3287 3280 3560 3347 σάᾰὸατον

1976 3367 2211 3441 Χριστοῦ
2240 3370 2530 3442 ᾲκόλουθόν
2562 3371 2677 3423 ἐστι
2720 3370 2862 3424 κατά
2909 3370 3146 3424 διάνοιὰν
3189 3371 3558 3442 ἐκλαμὸάνειν

1974 3458 2075 3524 τὰς
2105 3461 2164 3514 ἐν
2193 3459 2408 3534 οὐρανῷ
2439 3458 2633 3536 ἑορτὰς
2656 3461 2751 3515 καὶ
2781 3460 2853 3515 τὰ
2896 3462 3074 3515 ἐκεῖσε
3133 3461 3375 3517 σάὸδατα
3421 3464 3557 3535 άλη-

1978 3550 2099 3606 θινὰ
2129 3552 2223 3605 ἐπὶ
2251 3553 2377 3616 τοὺς
2407 3552 2581 3625 μῆνας
2599 3553 2725 3618 τοὺς
2750 3554 2886 3609 ἐκεῖ.
2920 3553 3057 3625 Περὶ
3098 3547 3174 3608 ὧν
3209 3553 3375 3618 πολὺς
3404 3555 3435 3607 ό
3467 3554 3559 3608 λό-

1975 3657 2071 3712 γος
2102 3641 2196 3697 καὶ
2224 3641 2671 3715 δυσερμήνευτος,
2694 3642 2887 3715 σχολῆς
2908 3661 2968 3698 τε
3001 3647 3213 3716 μακρᾶς
3227 3647 3324 3699 καὶ
3347 3645 3554 3711 οἰκείας

1973 3732 2281 3798 ὑποθέσεως
2304 3734 2573 3806 δεόμενος.
2605 3734 2791 3807 Σάρκα
2813 3736 2872 3788 δὲ
2901 3737 3077 3790 πᾶσαν
3101 3735 3247 3804 λέγει
3275 3737 3455 3791 πάντα
3483 3737 3552 3792 τά

1971 3824 2097 3899 ἔθνη
2130 3824 2317 3880 τοῦτον
2367 3825 2647 3898 ὀνομάζων
2686 3825 2779 3880 τὸν
2820 3828 3051 3900 τρόπον·
3085 3826 3223 3880 οὕτω
3255 3829 3391 3896 γοῦν
3430 3828 3548 3884 ἐλέ-

1970 3933 2098 3987 γετο
2134 3916 2230 3972 καὶ
2272 3916 2361 3972 διὰ
2391 3919 2500 3973 τῶν
2547 3917 2854 3992 ἔμπροσθεν
2880 3935 2894 3949 ·
2952 3938 2972 3971 ι
3012 3918 3235 3989 ’Ὀψεται
3284 3919 3343 3973 δὲ
3396 3923 3551 3976 πᾶσα

1971 4007 2109 4082 σάρξ
2151 4009 2214 4064 τὸ
2245 4009 2519 4083 Σωτήρων
2546 4011 2639 4065 τοῦ
2666 4010 2800 4065 Θεοῦ
2819 4027 2835 4042 ·
2870 4030 2889 4064 ι
2922 4012 3014 4066 καὶ
3042 4009 3272 4081 ἀλλαχοῦ
3292 4029 3307 4044 ·
3350 4031 3369 4065 ι
3419 4014 3546 4068 Ἐκ-

1969 4101 2079 4172 χεῶ
2109 4102 2217 4156 ἀπὸ
2247 4101 2340 4157 τοῦ
2367 4102 2680 4174 Πνεύματός
2721 4119 2823 4174 μου
2850 4103 2943 4157 ἐπὶ
2985 4104 3161 4162 πᾶσαν
3199 4104 3398 4178 σάρκα,
3451 4109 3548 4163 καὶΙ

1967 4193 2435 4267 προφητεύσουσιν
2476 4196 2533 4249 ὲν
2590 4194 2968 4268 Ἰερουσαλήμ..
3001 4214 3019 4247 ι
3052 4196 3164 4267 Τὴν
3218 4197 3546 4270 ἐπουράνιον

1968 4288 2222 4360 σημαίνει
2257 4288 2631 4360 Ἰερουσαλήμ,
2657 4287 2788 4344 ἔνθα
2809 4290 3187 4361 συστήσεταιὴ
3228 4289 3322 4343 τοῦ
3356 4291 3549 4363 Σωτῆ-

1968 4395 2060 4452 ρος
2079 4380 2234 4453 ήμῶν
2260 4379 2527 4453 βασιλεία.

374 4470 543 4528 Vns.
577 4470 670 4525 st.
710 4486 731 4522 t
776 4467 844 4525 Et
872 4469 1099 4527 exibunt
1126 4479 1182 4526 et
1217 4470 1473 4526 videbunt
1504 4471 1743 4528 membra
1770 4473 1869 4528 ho-
1897 4469 1944 4528 D
2038 4490 2059 4526 t
2112 4472 2223 4527 Καὶ
2271 4472 2641 4542 ἐξελεύσονται
2700 4477 2796 4532 καὶ
2846 4476 3063 4543 ὄψονται
3113 4476 3182 4529 τὰ
3223 4473 3371 4529 κῶλα
3425 4476 3544 4530 τῶν

303 4562 531 4631 minum,
563 4561 659 4635 qui
691 4562 1029 4633 praevaricati
1074 4573 1200 4619 sunt
1239 4563 1293 4618 in
1329 4575 1436 4617 me.
1463 4561 1675 4619 verinis
1711 4565 1859 4620 euim

301 4667 491 4710 corum
516 4667 623 4709 non
652 4654 932 4722 morietur,
959 4662 1015 4710 et
1041 4652 1180 4725 ignis
1204 4667 1388 4709 eorum
1416 4640 1521 4709 non
1549 4655 1860 4727 exstingue·

303 4753 415 4810 tur,
448 4752 509 4800 et
538 4754 700 4800 erunt
726 4745 781 4800 in
804 4753 1151 4815 conspectum
1184 4746 1330 4814 omni
1359 4745 1532 4801 carni.
1566 4768 1587 4800 ι
1616 4744 1847 4814 Quinam

301 4834 358 4890 bi
386 4842 569 4891 esseat
593 4834 749 4890 initio
776 4834 1074 4906 prophetiae
1092 4834 1229 4890 dixit
1261 4834 1348 4890 bis
1375 4835 1590 4892 verbis:
1629 4856 1650 4888 ‹
1690 4834 1857 4892 Filios

300 4928 497 5000 genai.
540 4935 597 4984 et
641 4928 916 4985 exaltavi:
951 4928 1052 4996 ipsi
1099 4937 1280 4984 autem
1322 4938 1644 5001 spreverunt
1688 4945 1793 4985 me.
1830 4947 1849 4982 ι

299 5019 398 5075 llis
422 5030 553 5088 ergo
588 5017 895 5074 subindicat
925 5018 1045 5073 illos
1081 5033 1148 5073 ex
1173 5017 1394 5084 ludaeis,
1425 5019 1514 5088 qui
1550 5019 1847 5076 salutarem

297 5108 530 5182 gratiam
569 5108 944 5177 repudiarunt.
983 5108 1136 5165 llunc
1185 5109 1475 5180 impiorum
1522 5123 1647 5166 esse
1694 5111 1855 5168 liutem

295 5201 484 5258 definit
514 5198 763 5256 Salvator
796 5209 979 5256 noster
1022 5202 1076 5259 in
1117 5201 1442 5273 Evangeliis‚
1472 5216 1570 5259 eos
1603 5203 1694 5274 qui
1723 5218 1754 5257 a
1782 5203 1860 5260 si-

292 5293 482 5351 nistris
509 5291 629 5365 ejus
676 5292 900 5349 stabunt
945 5295 1025 5349 sie
1067 5294 1387 5364 alloquens:
1420 5312 1439 5347 ι
1484 5294 1756 5351 Discedite
1795 5295 1849 5351 iu

291 5386 472 5457 iguem
494 5395 783 5452 aternum,
800 5397 1044 5457 paratum
1069 5386 1284 5443 diabolo
1298 5387 1569 5459 stangeiis
1590 5387 1709 5459 ejus
1724 5388 1789 5443 ⁸⁸.
1823 5405 1844 5440 ο

291 5476 759 5543 Quemadmodum
786 5477 954 5548 igitur
982 5477 1057 5534 ibi
1086 5488 1325 5534 aternus
1352 5479 1553 5535 dicitur
1579 5478 1738 5551 ignis,
1767 5480 1849 5536 sic

290 5577 343 5623 et
370 5569 619 5627 hocloco
652 5587 673 5623 ι
697 5568 1152 5643 inexstinguibilis
1176 5570 1394 5639 dicitur,
1421 5583 1526 5627 una
1556 5569 1849 5641 eademque

356 5747 403 5781 ⁸⁸
420 5744 608 5806 Uattb.
637 5763 766 5815 xxv,
791 5748 881 5808 ll.

1966 4561 2269 4637 ἀνθρώπιον
2318 4564 2427 4620 τῶν
2485 4568 2945 4642 παραὸεόηκότων
2998 4568 3056 4621 ἐν
3129 4566 3270 4638 ἐμοί.
3312 4567 3373 4621 '0
3426 4569 3543 4642 γὰρ

1967 4653 2181 4727 σκώληξ
2207 4655 2386 4711 αὐτῶν
2415 4656 2476 4711 ού
2500 4658 2828 4731 τελευτήσει,
2856 4658 2949 4713 καὶ
2989 4657 3052 4712 τὸ
3099 4657 3210 4730 πῦρ
3250 4657 3428 4711 αὐτῶν
3472 4660 3540 4713 οὐ

1967 4745 2342 4818 σὸεσθήσεται,
2372 4748 2468 4802 καὶ
2514 4748 2727 4802 ἔσονται
2769 4750 2849 4814 είς
2887 4750 3078 4821 ὅρασιν
3102 4750 3251 4821 πάσῃ
3280 4748 3465 4820 σαρκί.
3512 4767 3533 4800 ι

1964 4831 2119 4897 Τίνες
2138 4831 2196 4885 δέ
2218 4826 2360 4906 ἦσαν
2390 4828 2555 4901 οὗτοι,
2581 4836 2639 4889 ἐν
2661 4836 2801 4908 ἀρχῇ
2837 4834 2940 4907 τῆς
2973 4837 3303 4910 προφητείας
3344 4837 3535 4908 ἐδήλου

1960 4926 2133 4999 λέγων
2155 4945 2170 4960 ·
2204 4948 2223 4982 ι
2257 4929 2417 4996 Υίοῦς
2456 4931 2738 5003 ἐγέννησα,
2780 4931 2873 4984 καὶ
2914 4931 3136 5002 ὓψωσα·
3182 4931 3336 4984 αὐτοὶ
3365 4932 3422 4985 δέ
3461 4948 3535 5003 με

1955 5019 2245 5094 ἠθέτησαν.
2282 5040 2301 5074 ι
2343 5021 2589 5094 ᾞνίξατο
2612 5023 2787 5078 τοίνυν
2827 5023 2956 5087 τοὺς
3005 5025 3071 5077 ὲκ
3126 5021 3220 5076 τοῦ
3261 5024 3536 5080 Ἰουδαίων

1955 5112 2141 5179 ἔθνους
2170 5114 2267 5187 τήν
2287 5115 2550 5189 σωτήριον
2574 5114 2943 5188 ἀθετήσαντας
2967 5116 3148 5188 χάριν.
3187 5116 3252 5169 Ὃ
3281 5115 3346 5188 δὴ
3378 5115 3535 5183 τέλος

1955 5202 2066 5259 τῶν
2088 5205 2302 5261 άσεόῶν
2329 5206 2571 5279 ὁρίζεται
2599 5207 2696 5262 καὶ
2720 5207 2749 5260 ό
2776 5208 2968 5280 Σωτὴρ
2993 5208 3149 5280 ἡμῶν
3188 5210 3248 5262 ἐν
3278 5207 3530 5279 Εὐαγγε-

1955 5294 2092 5362 λίοις
2111 5296 2282 5353 εἰπὼν
2302 5301 2418 5364 τοῖς
2441 5300 2521 5364 εἰς
2546 5299 2617 5354 τὰ
2643 5298 2907 5372 ἀριστερὰ
2931 5299 3096 5354 αὑτοῦ
3135 5301 3485 5372 στησομένοις
3509 5316 3527 5333 ·

1962 5405 1982 5439 ι
2018 5387 2321 5460 Πορεύεσθε
2342 5391 2422 5455 εἰς
2453 5391 2515 5445 τὸ
2550 5390 2662 5465 πῦρ
2686 5391 2747 5445 τὸ
2767 5389 3005 5456 αἰώνιον,
3037 5391 3098 5445 τὸ
3123 5392 3528 5463 ἡτοιμασμένον

1954 5476 2034 5550 τῷ
2055 5475 2286 5553 διαὸόλῳ
2331 5480 2427 5537 καὶ
2461 5485 2576 5547 τοῖς
2618 5483 2869 5554 ἀγγέλοις
2906 5483 3089 5537 αὑτοῦ.
3133 5501 3152 5535 ι
3187 5483 3399 5554 Ὠσπερ
3429 5479 3526 5538 οὗν

1952 5571 2315 5652 ἐκεῖοαίώνιον
2341 5572 2556 5647 εἴρηται
2592 5574 2723 5648 πῦρ,
2768 5574 2911 5632 οὕτω
2954 5576 3047 5630 καὶ
3096 5573 3328 5630 ἐνταῦθα
3360 5574 3527 5631 &ws-
