3692 6134
100 338 202 396 m
1234 331 1514 392 comita
1550 327 1983 388 nitentum
2019 326 2148 385 LIB.
2191 326 2230 385 Ι.
3243 320 3346 379 'isc

100 445 341 511 πλείους,
359 443 563 500 ὡσανεὶ
586 444 848 518 περιττὰς
865 446 960 500 καὶ
990 445 1080 501 διὰ
1103 444 1214 501 τῶν
1261 443 1444 499 αὐτῶν
1471 440 1681 514 χωρού-
1710 446 1755 503 Α
1784 454 1882 510 per
1905 454 1966 495 se
1996 454 2101 495 non
2137 437 2438 495 subsistens
2486 451 2651 493 unum
2698 445 2860 506 atque
2885 433 3030 492 idem
3073 449 3198 490 cum
3241 434 3347 491 Dec

101 554 225 602 σας,
246 535 708 608 ὑπερθησόμενος.
736 536 848 608 Πρὸ
873 538 931 592 δὲ
947 538 1049 610 τῆς
1078 537 1187 592 τῶν
1213 534 1518 608 εἰρημένων
1546 534 1683 586 ἀπο-
1782 531 2087 594 exsisteiis;
2120 544 2293 599 neque
2319 529 2463 584 enim
2493 528 2597 584 lioc
2635 534 2795 598 pacto
2831 526 3101 582 mediator
3140 522 3348 594 aliquo·

101 623 321 694 δείξεως
350 620 506 698 οἶμαι
533 625 641 680 δεῖν
668 627 728 681 ἐν
761 625 998 699 πρώτοις
1033 628 1382 699 παραστῆσαι
1429 626 1543 689 τοῖς
1588 624 1680 677 ὲν·-
1784 635 1905 678 rum
1932 636 2054 676 esse
2093 629 2322 688 poterat.
2355 619 2487 675 Erat
2524 627 2703 675 autem
2723 658 2740 684 ,
2769 625 2826 673 et
2864 617 3015 687 prius
3042 621 3194 683 erat,
3226 622 3347 670 tan·

103 715 463 787 τυγχάνουσιν
490 716 595 781 ὅτι,
634 717 768 789 μηδὲ
816 718 914 783 τὰς
974 719 1295 791 προχείρους
1338 717 1511 783 λέξεις
1567 716 1677 769 τῶν
1782 727 1947 784 quam
1972 712 2181 768 scilieet
2206 709 2378 765 Filius
2403 711 2721 781 iiiii'qeiii'ttia,
2746 708 2933 778 plenas
2969 706 3144 778 qratia
3169 714 3220 761 et
3256 719 3349 760 tie-

105 804 266 861 θείων
290 804 580 881 ἑξηκρίὸου
614 806 1078 879 ἀναγνωσμάτων,
1117 809 1193 872 ὡς
1208 808 1275 864 ἂν
1308 808 1526 879 γνωσθῇ
1571 809 1683 870 τοῖς
1788 805 1945 857 ritum
1967 802 2036 857 ⁸⁶.
2069 801 2423 857 intermedias
2471 811 2648 856 autem
2699 811 2882 874 partes
2933 795 3217 869 supplebat
3251 810 3351 851 suo

106 892 190 949 ἔτι
219 895 380 949 αὐτὸν
407 894 711 965 ἀγνοοῦσιν,
741 897 921 959 ὁποῖός
952 915 1037 960 τις
1056 896 1152 962 ὢν,
1175 898 1268 951 ἐπὶ
1289 897 1387 968 τὴν
1407 896 1516 950 τῶν
1535 897 1684 966 εἱρη-
1789 892 1963 959 Patri,
1995 907 2120 960 cum
2153 891 2454 948 ministerio
2483 894 2815 962 angelorum,
2845 892 3019 961 legem
3046 888 3350 947 bominibus

108 984 288 1060 μένων
318 987 565 1060 προήχθη
589 985 813 1059 τόλμαν.
1788 980 2180 1051 promulgaret.
2203 980 2306 1048 Qui
2336 983 2566 1039 docebat
2600 981 2917 1053 ignorantes
2942 990 2999 1036 et
3032 978 3352 1043 ineruditos,

110 1080 441 1153 theologicas
483 1084 551 1138 de
597 1083 690 1139 Dei
738 1082 874 1139 Filio
943 1083 1200 1151 rationes,
1251 1082 1537 1154 Apostolus
1607 1081 1749 1136 idem
1789 1077 2130 1148 consignavit
2171 1081 2240 1134 ad
2291 1079 2450 1135 istum
2497 1079 2716 1136 modum
2765 1077 3049 1149 inquiens,
3093 1075 3350 1133 Mediator

111 1182 286 1228 autem
322 1188 428 1229 ιιοιι
471 1184 551 1229 est
584 1177 739 1231 unius
782 1176 1058 1230 mediator.
1089 1175 1277 1245 Neque
1315 1184 1461 1231 certe
1497 1180 1689 1227 natura
1730 1168 1806 1224 rei
1854 1170 2056 1239 patitur
2125 1169 2480 1225 mediatorem
2543 1170 2612 1226 de
2653 1183 2765 1226 uno
2806 1183 3074 1239 quoquam
3119 1165 3351 1225 deliniri.

109 1261 234 1318 ideo
284 1278 387 1319 non
425 1276 509 1321 est
549 1266 712 1323 unius
767 1266 992 1336 alicujus
1033 1269 1156 1333 iste,
1183 1267 1279 1322 sed
1343 1264 1554 1321 medius
1615 1262 1927 1318 necessario
1973 1261 2115 1315 inter
2142 1261 2298 1329 duos,
2324 1261 2393 1316 ab
2422 1273 2653 1333 utroque
2698 1261 2962 1325 diversus.
2987 1274 3216 1332 qnorum
3243 1268 3353 1316 sta-

110 1354 279 1409 tuitur
308 1353 597 1410 mediator.
623 1354 739 1411 Non
766 1367 850 1412 est
876 1372 1006 1429 ergo
1031 1356 1450 1413 existimandum
1479 1393 1497 1419 ,
1528 1354 1674 1408 bunc
1708 1366 1829 1409 esse
1859 1350 2024 1407 Deum
2071 1351 2258 1419 illum,
2322 1352 2416 1423 qul
2483 1362 2570 1409 est
2614 1367 2776 1424 supra
2820 1354 3000 1409 omnia
3033 1351 3178 1408 Deus
3212 1368 3227 1407 ι
3260 1365 3355 1406 ne·

109 1447 238 1505 dum
264 1446 341 1515 ‚de
388 1463 613 1504 numero
651 1449 961 1519 angelorum
1003 1448 1277 1519 aliquem:
1308 1447 1401 1504 sed
1446 1445 1677 1502 medium
1716 1453 2072 1514 utrorumque
2108 1452 2162 1500 et
2227 1444 2616 1510 mediatorem,
2657 1444 2855 1516 quippe
2897 1447 3020 1500 c'um
3071 1444 3217 1501 luter
3256 1441 3356 1498 ra-

109 1547 250 1596 trem
280 1554 434 1594 suuin
461 1549 516 1595 et
543 1540 760 1611 angelos
804 1543 1104 1597 intercedat
1142 1540 1369 1596 modius.
1404 1538 1489 1594 Ad
1519 1541 1766 1594 eumdem
1804 1539 2019 1593 niodum
2047 1538 2265 1604 iterum,
2311 1537 2404 1594 ubi
2437 1538 2529 1594 Dei
2568 1547 2733 1609 atque
2782 1538 3062 1595 bominum
3091 1535 3358 1594 mediator

110 1629 176 1686 flt
223 1632 363 1686 inter
413 1630 658 1687 ordinem
708 1638 1000 1702 utrumque
1058 1630 1435 1695 intermedius,
1462 1629 1661 1684 nullius
1716 1630 1907 1685 borum
1945 1640 2049 1697 est,
2079 1631 2347 1686 exsistens
2380 1631 2661 1687 mediator.
2697 1630 2812 1686 Non
2851 1640 2936 1687 est
2983 1629 3090 1688 ullle
3125 1643 3268 1687 unus
3301 1638 3358 1686 et

110 1721 265 1779 solus
318 1721 457 1779 Deus
503 1739 521 1779 ε
569 1738 680 1779 non
711 1723 910 1790 hoino,
954 1738 1062 1794 quo
1114 1724 1273 1781 modo
1318 1721 1500 1779 caeteri
1544 1720 1789 1778 homines
1840 1729 1991 1777 sunt.
2031 1721 2170 1789 Quid
2221 1722 2474 1786 tandem.
2528 1723 2574 1780 si
2635 1722 2770 1780 nihil
2824 1722 3058 1791 borum,
3109 1719 3357 1780 exsistit!

113 1813 276 1873 Certe
331 1815 422 1870 Dei
482 1815 649 1871 Filius
693 1815 1023 1885 unigenitus,
1056 1813 1168 1881 iam
1220 1816 1545 1871 constitutus
1604 1812 1701 1868 boi
1746 1821 1799 1868 et
1856 1813 2134 1869 bominum
2190 1812 2458 1870 mediator
2505 1834 2522 1870 t
2579 1814 2707 1869 olim
2745 1829 2875 1871 vero
2935 1820 2995 1879 ›1‹
3054 1811 3158 1872 sub
3216 1823 3357 1872 tem·

114 1909 338 1983 poribus
381 1908 650 1976 Mosaicis,
699 1907 791 1963 Dei
832 1908 1100 1963 mediator
1141 1918 1198 1963 et
1237 1907 1575 1977 angelorum.
1649 1905 1776 1961 llaec
1830 1914 1962 1960 sunt
2020 1905 2111 1961 illa
2148 1919 2271 1975 qun
2311 1920 2541 1976 magnus
2596 1906 2879 1977 Apostolus
2914 1905 3005 1961 ille
3042 1905 3110 1961 ad
3139 1903 3359 1963 Galatas

116 2001 399 2069 scripturae
453 1998 690 2064 tradidit,
748 1996 859 2053 Lex
910 2012 1003 2067 per
1050 1996 1263 2066 angelos
1321 1997 1591 2064 ordinata,
1657 1998 1712 2051 iii
1773 2007 1938 2048 iiiaiiii
2008 1995 2341 2058 mediatoris,
2403 1996 2653 2064 inquiens
2710 2012 2725 2048 ι
2769 1995 3032 2051 Mediator
3069 1998 3228 2052 imina
3259 1993 3359 2050 iili·

117 2091 271 2162 cujas
311 2106 415 2146 iton
443 2098 521 2144 est
549 2097 578 2153 2.-
607 2088 747 2145 Deus
802 2101 979 2145 niuem
1027 2104 1164 2144 unus
1206 2097 1312 2145 esi.¹
1337 2087 1489 2145 Unus
1521 2088 1704 2158 ltaque
1741 2085 1887 2142 Deus
1912 2092 2095 2151 est,et
2136 2100 2276 2141 unus
2320 2086 2592 2142 mediator
2621 2088 2719 2143 Dei
2785 2096 2947 2157 atque
2971 2088 3278 2153 hominum,
3307 2093 3359 2142 ei

118 2184 360 2241 omnium
410 2183 632 2254 insuper
674 2195 1104 2256 generatorum:
1144 2183 1234 2256 qui
1269 2197 1375 2239 non
1417 2197 1565 2238 nunc
1587 2181 1820 2252 primum
1883 2180 2273 2238 exordiebatur
2324 2178 2708 2236 mediationem
2744 2193 2899 2235 suam
2960 2179 3030 2235 ad
3105 2177 3361 2247 salutem,

120 2273 217 2328 scd
246 2272 373 2328 olim
404 2275 657 2327 exstabat
681 2273 972 2340 mediator,
1002 2289 1126 2330 cum
1164 2274 1402 2331 nondum
1433 2273 1574 2328 inter
1603 2272 1854 2329 bomines
1880 2281 2045 2328 natus
2067 2278 2382 2327 versaretur
2404 2288 2420 2327 ι
2445 2271 2589 2340 quod
2625 2269 2737 2341 iam
2800 2271 2978 2342 prius,
3037 2270 3094 2327 in
3156 2283 3360 2327 sermo-

123 2376 194 2417 ne
222 2363 650 2418 demonstratum
696 2377 800 2421 est.
846 2364 972 2422 iiaec
1001 2376 1130 2422 sunt
1170 2365 1262 2421 illa
1311 2380 1431 2436 quaa
1464 2364 1705 2421 breviter
1740 2376 1797 2422 et
1822 2382 1923 2438 per
1947 2361 2326 2435 compendium
2353 2359 2563 2418 Galatis
2601 2364 2956 2435 proponimus
3011 2361 3358 2422 consideran·

125 2451 216 2519 da,
257 2454 438 2510 exilia
470 2455 586 2524 ipsa
618 2459 682 2512 ad
708 2457 932 2514 Galatas
968 2458 1198 2530 epistola
1227 2456 1405 2524 Pauli,
1432 2457 1485 2512 in
1516 2471 1620 2528 qua
1683 2457 1806 2515 fidei
1852 2457 2108 2515 salutaris
2140 2454 2230 2511 illa
2276 2455 2502 2527 mystica
2535 2455 2848 2512 continetur
2885 2453 3250 2528 regeneratio,
3307 2454 3362 2509 iii

126 2547 334 2603 nomine
360 2545 563 2616 Patris,
590 2549 795 2606 eiFi'li‘i'
821 2563 869 2607 ei
906 2552 1137 2623 Spiritus
1158 2553 1353 2608 sancii.
1382 2549 1534 2619 Quae,
1566 2561 1928 2622 praeterquam
1969 2550 2114 2624 quod
2174 2550 2285 2607 sint
2350 2550 2545 2607 litteris
2585 2550 2783 2609 divinis
2853 2551 3195 2624 consignata,
3240 2560 3362 2609 sunt

125 2640 288 2695 etiam
319 2644 494 2699 adbuc
527 2644 786 2714 majorem
810 2648 864 2700 in
885 2648 1101 2701 modum
1128 2645 1447 2703 confirmata
1513 2661 1610 2716 per
1666 2647 2015 2704 traditionem
2059 2645 2341 2703 catholicae
2393 2645 2668 2712 Ecclesiae,
2733 2661 2856 2719 qna
2887 2663 2919 2704 a
2963 2645 3070 2704 llne
3104 2647 3173 2703 ad
3201 2645 3362 2702 finem

126 2739 400 2787 terrarum
436 2735 778 2800 diffunditur.
846 2751 968 2806 quae
1036 2752 1135 2809 per
1195 2753 1301 2793 non
1337 2739 1600 2810 scriptam
1640 2739 1987 2794 traditionem
2031 2753 2312 2795 sacrarum
2353 2738 2761 2809 Scripturarum
2812 2739 3127 2797 testimonia
3155 2735 3361 2796 condr-

126 2830 241 2875 mai
283 2831 340 2877 et
379 2825 655 2897 obsignat.
687 2824 807 2882 Jam
845 2843 977 2883 vero
1006 2841 1217 2899 tempus
1240 2837 1325 2884 est
1353 2837 1414 2883 ut
1452 2830 1708 2900 deinceps
1730 2830 1966 2886 Marcelli
2001 2831 2164 2886 verba
2191 2832 2243 2888 in
2283 2832 2517 2888 medium
2540 2829 2878 2906 proteramus
2908 2839 2963 2887 et
2987 2846 3112 2904 quai
3138 2830 3362 2906 polliciti

122 2923 334 2978 sumus,
378 2915 860 2983 demonstratione,
914 2934 1280 2989 proponamus
1340 2922 1537 2990 quibus
1589 2921 1677 2976 illa
1718 2923 2021 2979 clarissime
2069 2935 2614 2999 proponuntur‚quae
2636 2933 2766 2983 sunt
2818 2942 2848 2983 a
2907 2926 3061 2984 nobis
3099 2927 3361 2987 hacteuus

121 3005 524 3077 disputata3ne
551 3010 675 3078 quis
696 3018 844 3080 putet
869 3025 963 3080 per
988 3011 1352 3066 calumniandi
1422 3013 1716 3079 libidinem,
1757 3029 1882 3072 esse
1936 3015 2053 3073 baec
2102 3017 2159 3074 in
2218 3017 2367 3074 illum
2400 3026 2677 3091 congesta.
2721 3013 3164 3089 Quandoquidem
3230 3034 3362 3077 vero

120 3099 260 3157 aiibi
306 3106 642 3172 propositum
698 3104 773 3158 sit
820 3104 1059 3159 breviter
1124 3104 1212 3158 illa
1255 3104 1586 3173 describere,
1640 3123 1760 3177 quae
1798 3118 1924 3164 sunt
1956 3110 2024 3165 ab
2052 3125 2118 3167 eo
2149 3110 2444 3179 dicta,non
2476 3122 2654 3170 tamen
2679 3110 2800 3168 ideo
2823 3111 3096 3183 sigillatim
3123 3122 3180 3170 et
3201 3114 3364 3172 verbo

126 3198 287 3248 tenus
309 3192 399 3247 illa
425 3194 737 3252 arbitrorin
761 3197 1011 3265 praesenti
1041 3210 1161 3250 esse
1193 3196 1800 3254 recensenda-Tantum
1836 3199 1926 3256 illa
1953 3215 2074 3272 quai
2112 3203 2385 3275 praecipua
2449 3213 2595 3271 sunt,
2654 3214 2712 3260 et
2756 3217 2974 3260 causam
3042 3205 3361 3276 continent,

125 3285 423 3350 advocabo,
458 3286 840 3354 pretermissis
879 3288 1327 3358 quamplurimis,
1363 3302 1464 3345 nec
1511 3292 1859 3360 necessariis,
1881 3303 1939 3351 et
1964 3294 2018 3351 in
2047 3295 2190 3352 idem
2218 3296 2394 3367 ipsum
2463 3294 2895 3354 recurrentibus.
2949 3293 3113 3353 Prius
3182 3307 3364 3355 tamen

125 3390 291 3449 quam
327 3377 397 3431 ad
430 3391 545 3432 rem
585 3377 893 3451 aggrediar,
921 3393 1019 3449 per
1055 3378 1570 3440 demonstrationem
1600 3397 1823 3441 necesse
1846 3394 1933 3441 est
1959 3385 2148 3444 lectori
2180 3387 2375 3445 faciam
2427 3386 2797 3453 manifestum,
2846 3399 2954 3442 non
3003 3383 3172 3446 tuisse
3219 3389 3365 3446 liunc

125 3470 407 3528 bominem
440 3480 748 3526 assecutum
803 3470 1109 3526 divinarum
1151 3470 1458 3529 litterarum
1520 3484 1758 3531 mentem
1798 3485 1852 3533 et
1898 3479 2265 3550 sententiam,
2305 3479 2504 3536 nedum
2530 3494 2653 3535 cum
2698 3487 2873 3536 essent
2921 3478 3230 3553 cuicunque
3260 3482 3362 3541 ob-

125 3564 232 3619 viae
257 3578 274 3617 :
302 3570 363 3614 ut
393 3558 469 3613 illi
500 3560 592 3629 qni
624 3562 895 3633 ignorant,
922 3560 1047 3631 quis
1075 3572 1133 3617 et
1160 3561 1336 3632 qualia
1364 3561 1440 3618 sit
1485 3562 1683 3635 adbuc,
1721 3566 2027 3641 intelligant
2063 3569 2300 3637 tandem,
2325 3578 2526 3641 quanta
2567 3584 2689 3626 cum
2725 3569 2949 3627 audacia
2985 3571 3054 3627 ad
3096 3572 3210 3645 ipsa
3245 3571 3365 3632 baec

125 3650 346 3721 scriptis
372 3652 684 3722 proruperit
709 3653 1154 3710 commendanda.

771 3745 932 3801 Klio.
975 3744 1051 3800 B'.
2578 3788 2596 3806 .
2694 3789 2708 3805 .

225 3839 347 3894 Ὀτι
377 3837 522 3894 οὐδὲ
544 3840 653 3906 τὰς
685 3839 846 3906 θείας
862 3838 1178 3907 ὲξηκρίσου
1202 3841 1444 3910 Γραφάς
1467 3841 1598 3913 (66).
1725 3760 1769 3817 Β
1837 3841 1992 3909 Quod
2034 3856 2128 3896 nec
2165 3856 2345 3895 sacras
2386 3746 2694 3911 δσῗὶΑριῑιιηξί
2730 3841 2859 3897 ratis
2902 3850 3080 3897 exacte
3113 3842 3327 3899 calleat.

199 3932 405 3988 Αὐτίκα
435 3932 481 3987 δ’
509 3926 622 3995 οὖν,
654 3930 748 3986 τοῦ
771 3931 1052 4004 προφήτου
1088 3931 1355 4004 Ζαχαρίου
1389 3932 1529 3988 κατὰ
1571 3935 1700 4002 τοὺς
1871 3929 2007 3988 Cum
2037 3929 2299 4001 propbeta
2327 3928 2636 3997 zacharias,
2669 3930 2716 3986 is
2748 3929 3003 3987 nimirum
3031 3930 3126 4002 qui
3155 3941 3363 4004 tempo-

122 4023 231 4096 τῆς
257 4023 516 4079 ἐπανόδου
550 4023 771 4095 χρόνους
791 4022 891 4092 τῆς
916 4022 1023 4076 ἀπὸ
1048 4022 1363 4088 Βαόυλῶνος
1385 4024 1694 4096 γενομένου,
1802 4038 1863 4078 re
1898 4021 2102 4077 reditus
2126 4036 2158 4077 e
2187 4019 2454 4091 Babylone
2485 4020 2606 4087 suit,
2634 4024 2959 4079 mentionem
2988 4022 3187 4082 alicubi
3208 4024 3255 4058 ⁸¹
3280 4023 3362 4082 la-

136 4115 315 4187 Ἶησοῦ
347 4132 407 4170 τε
443 4116 910 4187 μνημονεύσαντος
938 4112 1034 4168 τοῦ
1062 4114 1253 4184 ἱερέως
1296 4112 1391 4169 τοῦ
1435 4115 1694 4186 μεγάλου,
1801 4113 1914 4169 ciat
1951 4110 2079 4170 Jesu
2107 4112 2384 4184 pontilicis
2429 4112 2577 4170 illius
2612 4115 2789 4184 magni
2810 4153 2828 4180 ‚
2863 4115 3068 4172 scilicet
3095 4114 3360 4174 ‹Iosedeco

120 4204 327 4279 δηλαδὴ
355 4206 448 4261 τοῦ
480 4206 596 4261 υἱοῦ
662 4205 926 4270 Ἰωσεδὲκ,
959 4203 1019 4269 ὃς
1076 4203 1192 4276 ἅμα
1247 4203 1548 4276 Ζοροθάσελ
1589 4206 1696 4262 τῶν
1799 4205 2100 4276 geniti‚qni
2135 4220 2241 4260 una
2278 4219 2403 4260 cum
2447 4203 2798 4271 Zorobabele,
2825 4208 3130 4280 principatu
3173 4207 3362 4280 intige-

122 4296 239 4353 ἀπὸ
259 4295 577 4362 Βαόυλῶνος
626 4295 1027 4351 ἐπανελθόντων
1075 4297 1337 4368 ἡγήσατο,
1372 4297 1402 4351 ὀ
1451 4300 1698 4366 γενναῖος
1799 4297 1963 4354 batur
2011 4297 2154 4354 inter
2179 4296 2415 4364 Judoeos,
2447 4299 2538 4368 qui
2578 4298 2643 4353 ile
2689 4297 2959 4371 Babylone
3020 4299 3363 4356 reverteban-

122 4380 284 4453 οὗτος
319 4387 413 4442 καὶ
468 4386 777 4458 θαυμαστὸς
826 4387 1176 4459 ὑπογραφεὺς
1219 4385 1371 4440 ταῦτ’
1402 4388 1696 4460 ἀγνοήσας,
1805 4400 1915 4456 tur,
1941 4388 2240 4460 praeclarus
2269 4389 2374 4445 iste
2400 4400 2457 4445 et
2482 4390 2740 4446 mirificus
2765 4403 2896 4445 sane
2914 4391 3224 4459 scriptor-›1‹
3257 4391 3359 4446 bo-

123 4477 308 4549 τίθησι
338 4478 438 4551 μὲν
460 4476 554 4533 τοῦ
577 4477 845 4550 Ζαχαρίου
892 4476 990 4548 τὴν
1019 4477 1184 4546 λέξιν,
1213 4477 1279 4532 δι’
1308 4473 1376 4550 ἧς
1429 4477 1700 4551 μέμνηται
1805 4495 1926 4535 rum
1964 4481 2201 4536 omnium
2250 4481 2489 4550 ignarus,
2521 4478 2800 4535 Zacliariae
2835 4481 3000 4535 verba
3025 4479 3238 4548 quidem
3268 4480 3356 4536 illa

124 4566 227 4623 τοῦ
257 4569 455 4642 Ἰησοῦ,
491 4569 707 4642 μακρὰν
737 4569 793 4623 δὲ
812 4571 912 4641 τῆς
949 4569 1188 4642 ἱστορίας
1225 4569 1580 4633 ἀκοντισθεὶς,
1612 4568 1700 4624 λέ-
1806 4571 1956 4636 citat,
1988 4586 2109 4642 qiiae
2150 4569 2277 4627 'esu
2327 4570 2474 4626 illius
2517 4570 2899 4637 meminerunt,
2928 4567 3024 4626 sed
3053 4583 3083 4625 a
3113 4583 3273 4627 sensu
3304 4578 3360 4626 et

125 4674 249 4731 «μιν
274 4660 434 4717 αὑτὸν
464 4662 730 4733 ὑπείληφε
760 4659 873 4734 (67)
908 4661 1037 4733 περὶ
1079 4659 1254 4733 Ἰησοῦ
1277 4659 1556 4724 Μωῦσίως
1583 4659 1699 4715 δια·
1804 4661 2075 4718 sententia
2114 4660 2444 4717 narrationis
2489 4661 2636 4718 illins
2674 4660 2878 4717 recedit
2915 4675 3078 4732 quam
3105 4659 3358 4732 longissi-

207 4759 266 4818 »Β
290 4753 388 4809 Ed.
423 4754 622 4820 Paris„
656 4770 773 4826 pag.
808 4754 863 4812 9.

207 4830 267 4889 ᾖ
306 4825 402 4880 Ed.
442 4825 638 4892 Paris„
671 4841 792 4896 pag.
825 4823 914 4881 lt).

198 4916 246 4950 ⁸·
277 4910 438 4971 Joan.
464 4929 505 4979 ι,
532 4912 622 4970 Η.
672 4916 715 4948 ⁸¹
743 4913 909 4970 zach.
941 4928 1026 4981 iii,
1053 4913 1104 4969 l.

198 5025 317 5097 (66)
350 5024 607 5083 Continet
632 5024 736 5080 boc
787 5036 952 5108 capnt
988 5024 1357 5083 velitationem
1399 5026 1690 5108 quamdam
1720 5012 1763 5071 C
1795 5023 2038 5097 ἐνόησεν.
2079 5021 2254 5092 Male;
2313 5031 2567 5079 caeterum
2618 5025 2776 5080 codd.
2815 5022 3038 5079 ὲλάθετο
3077 5021 3196 5081 loco
3239 5024 3364 5082 ἰλα-

124 5098 273 5157 inter
295 5095 609 5152 Mart-ellum
636 5105 692 5151 et
733 5095 1045 5160 Eusebium,
1086 5096 1152 5151 ‹le
1194 5095 1325 5152 locis
1408 5096 1690 5151 nibusdam
1800 5093 1911 5149 θεν.
2338 5161 2365 5174 -

126 5169 185 5226 in
206 5167 505 5236 Scripturis
532 5164 897 5221 sacrosanctis
996 5179 1208 5234 rperam
1250 5165 1378 5220 intel
1403 5167 1556 5230 ectis,
1585 5164 1692 5220 sal·
1868 5163 1958 5239 (67
2005 5160 2148 5233 Περὶ
2173 5163 2216 5217 Ἰ
2252 5179 2368 5218 σου
2386 5160 2680 5245 Μωυσέως
2707 5161 3009 5233 διαδόχου.
3031 5163 3120 5219 Ait
3138 5162 3361 5220 Marcel·

128 5248 240 5294 tem
270 5248 329 5291 ut
374 5245 565 5291 nostro
594 5235 878 5289 videbatur
973 5233 1176 5298 usebio,
1228 5250 1259 5290 a
1307 5235 1580 5290 Marcello.
1629 5234 1686 5289 ln
1795 5233 1931 5299 lum,
1967 5248 2174 5288 ocuiiie
2260 5233 2492 5315 aelia-rim
2507 5240 2669 5314 tertio
2691 5235 2876 5316 capit„
2896 5236 3222 5316 vers.l,ulii
3242 5237 3359 5304 agi·

128 5309 330 5380 qnibus
362 5305 680 5376 plerumque
709 5303 1021 5373 λεπτολογεῐ
1062 5306 1092 5358 ὀ
1138 5302 1501 5378 ξυγγραφεύς,
1534 5313 1590 5360 et
1632 5306 1697 5359 de
1803 5313 1894 5359 tiir
1907 5303 1975 5357 de
2003 5299 2129 5358 Jesu
2157 5300 2422 5364 losedeci.
2459 5302 2710 5373 pontilice
2745 5321 2798 5358 ιιι
2818 5299 3006 5370 lsrael,
3035 5306 3088 5359 in
3115 5303 3284 5357 reditu
3327 5319 3362 5358 e

23 5381 29 5400 ³
126 5375 258 5433 lana
285 5375 504 5445 caprina
533 5375 727 5455 litigat.
761 5373 1045 5455 Concludit
1065 5387 1241 5430 autem
1260 5390 1408 5440 euin,
1435 5376 1526 5444 qni
1553 5373 1687 5429 adeo
1800 5373 2095 5442 Babylone,
2125 5374 2193 5427 ab
2234 5388 2299 5428 eo
2324 5371 2388 5427 de
2413 5370 2561 5428 Jesu.
2597 5369 2731 5428 Nam
2763 5373 2846 5429 Mo
2885 5375 2961 5430 sis
2992 5385 3359 5454 successorem

23 5433 35 5476 ί
132 5445 419 5518 pueriliter
451 5445 832 5526 halluciiietur,
875 5457 1094 5524 minime
1128 5444 1453 5499 audiendum
1478 5457 1601 5525 esse
1646 5445 1701 5496 in
1805 5452 2106 5524 acce-ptum.
2135 5442 2295 5524 Certe
2317 5441 2467 5523 valde
2501 5453 2621 5499 erat
2655 5443 2847 5499 Marcel
2874 5461 2937 5524 iis
2968 5441 3174 5513 ἠλίθιος
3193 5450 3358 5523 etin-

23 5507 41 5558 l
126 5525 187 5570 et
218 5516 285 5570 de
322 5515 483 5596 rebus
518 5514 835 5595 theologicis
868 5515 1240 5567 disserentem.
1274 5513 1479 5568 Textus
1524 5513 1596 5566 illi
1638 5511 1705 5566 de
1807 5509 2166 5594 faiitissiiiius,
2195 5527 2241 5567 si
2272 5511 2323 5566 id
2347 5521 2419 5565 ita
2454 5512 2641 5595 volunt
2668 5513 2832 5569 verba
2866 5529 2983 5581 ejus
3007 5527 3136 5592 quae·
3165 5520 3361 5569 recitat

23 5575 53 5634 i*
128 5582 426 5654 seripturis
469 5582 608 5638 male
635 5592 837 5650 accepti
871 5595 899 5636 s
972 5589 1186 5635 uuntur.
1222 5580 1369 5636 ii.-
1395 5579 1517 5636 Mox
1545 5581 1631 5633 vnl
1671 5595 1705 5636 o
1810 5596 1826 5635 i
1867 5595 1926 5636 se
1947 5581 2229 5646 Eusebius,
2257 5595 2363 5635 non
2394 5581 2497 5636 hoc
2524 5592 2776 5637 evincunt
2810 5601 2823 5636 :
2853 5597 3024 5652 neque
3052 5594 3197 5635 euim
3237 5589 3355 5635 sta-

24 5649 53 5732 ,4
169 5667 242 5710 ιν.
277 5663 335 5707 et
363 5652 664 5734 ἀρχιερέως
695 5652 813 5709 loco
838 5650 931 5705 τοῦ
974 5690 988 5703 .
1013 5659 1068 5707 et
1114 5648 1361 5723 Ἰωσηδὲκ
1385 5659 1437 5706 et
1465 5650 1635 5722 Ζορο6
1680 5681 1703 5693 -
1809 5659 1829 5704 t
1856 5665 1928 5714 m,
1951 5649 2042 5731 ubi
2069 5656 2254 5718 egerat
2284 5649 2353 5704 de
2393 5647 2520 5704 «lesu
2549 5649 2815 5735 pontifice,
2854 5653 2994 5732 apii-d
3029 5647 3350 5705 Zachariam

23 5715 64 5840 '2⁵
111 5668 255 5808 οἶηλ.
305 5721 475 5779 Porro
491 5739 573 5778 -in
618 5737 762 5779 corr.
799 5724 887 5779 ed.
936 5721 998 5777 Ρ.
1036 5739 1056 5775 ι
1108 5721 1168 5776 1..
1204 5719 1479 5793 ἱννόησεν.
1516 5740 1536 5777 i
1572 5720 1691 5777 loco
1808 5720 1898 5777 illa
1924 5719 2210 5788 subinfert,
2240 5733 2361 5791 quai
2387 5718 2745 5778 calumniatur
2775 5720 3073 5778 inuitemus.
3089 5718 3386 5775 &zi-nia&

23 5853 63 5914 d
