3692 6134
1030 327 1538 389 cellmana
1570 331 1639 389 m
1673 331 1934 391 tsamt.
1972 361 2039 378 —-
2079 332 2238 392 CAP.
2273 330 2416 390 xm.

319 439 377 497 ab
419 440 670 515 ἐπεγερῶ
703 442 831 517 ὑμῖν
872 444 1004 512 τοὺς
1043 448 1283 521 Μήδους,
1324 448 1374 503 οἰ
1414 451 1475 504 οὐ
1506 451 1657 521 λογί-
1682 461 1731 517 Α
1827 450 1998 508 Vana.
2035 451 2128 507 17.
2174 471 2197 506 ι
2224 449 2364 509 Ecce
2413 447 2688 509 suscitabo
2751 448 2908 507 vobis
2961 449 3171 516 Medos,
3230 450 3323 520 qui

319 532 578 606 ἰργύριον,
610 535 727 591 οὐδὲ
757 538 983 608 χρυσίου
1012 540 1201 612 χρείαν
1230 541 1433 612 ἔχουσι,
1462 542 1653 608 τοξεύ-

319 622 570 678 ιανίσκων
606 627 972 698 συντρίψουσι.
1024 649 1045 684 a
1091 630 1253 701 Μέγα
1292 631 1391 703 μὲν
1412 631 1524 707 γὰρ
1551 634 1651 687 αὑ-

319 753 323 766 .
354 716 476 780 ταῖς
501 716 735 783 τοξείαις
758 720 821 772 τὸ
848 719 1096 794 φύσημα,
1122 722 1219 777 καὶ
1238 722 1299 777 τὸ
1319 723 1569 796 εὐτεχνὲς
1594 725 1655 779 ἐν

324 807 605 865 ποιοῦνται
644 812 772 885 περὶ
804 813 1000 869 πολλοῦ
1020 831 1036 846 ·
1072 815 1189 870 ἀλλ’
1214 817 1413 889 ήττους
1440 818 1653 873 ἔσονται

324 897 455 974 ρῶν.
502 901 740 975 Σκληροί
773 901 831 956 δὲ
866 903 1010 960 οὓτω
1051 905 1146 960 καί
1182 906 1654 981 ἀφιλοικτίρμονες

319 990 519 1062 ήκότες,
549 992 625 1058 ὡς
660 992 797 1066 μηδὲ
824 994 926 1067 τῆς
956 995 1195 1069 ἐλεεινῆς
1227 996 1445 1070 ήλικίσς
1487 996 1655 1068 φειδὼ

319 1080 349 1136 ;ί
384 1098 527 1138 τινα.
561 1083 654 1156 Τῷ
683 1084 743 1140 δὲ
775 1086 1038 1158 φάσκοντι
1084 1088 1245 1162 λόγῳ,
1276 1107 1299 1143 ι
1361 1090 1494 1145 Ἰδοὺ
1527 1091 1655 1145 ἑπε-

319 1175 383 1229 ιῖν
404 1175 531 1241 τοὺς
560 1177 804 1249 Μήδους,
840 1196 863 1230 a
911 1184 1181 1254 μαρτυρεῖ
1218 1184 1253 1255 ή
1275 1181 1379 1254 τῆς
1414 1183 1654 1256 ἱστορίας

358 1269 713 1346 ἀνάγραπτος
746 1268 882 1329 οὖσα
924 1273 1077 1349 παρὰ
1117 1278 1235 1342 τοῖς
1288 1276 1553 1349 Ἑλλήνων
1580 1276 1651 1332 τὰ

320 1359 356 1418 ἀ
394 1362 489 1420 καί
522 1363 597 1419 τὰ
634 1364 971 1440 Ἀσσυριακά
1010 1367 1505 1442 συγγραψαμὲνοις,
1537 1371 1650 1435 τοῖς

319 1452 500 1525 ῐηδικά
541 1455 908 1530 ἰστορηκόσιν·
948 1450 1025 1516 ὧν
1066 1459 1162 1514 καί
1206 1461 1369 1533 ήμεῖς
1390 1461 1649 1527 πλείστας

319 1544 441 1601 ιεθα
459 1549 765 1622 μαρτυρίας
786 1551 844 1604 ἐν
869 1551 983 1618 τοῖς
1008 1551 1321 1625 πονηθεῖσιν
1344 1555 1477 1626 ήμῖν
1500 1555 1649 1624 Χρο-

320 1641 705 1713 υγγράμμασι.
760 1641 1043 1700 θαίνονται
1092 1645 1275 1701 τοίνυν
1317 1645 1507 1718 Μῆδος
1545 1645 1648 1718 τὴν

1755 553 2040 616 argentum
2071 559 2180 602 non
2211 553 2427 610 curant,
2452 557 2552 599 nec
2581 557 2716 599 auro
2736 557 2876 612 opus
2915 542 3137 609 babent,
3164 557 3327 598 arcus

1748 634 2012 707 Juvenum
2058 631 2366 692 conferent.
2399 652 2421 687 ι
2469 633 2692 704 Magnus
2733 633 2953 705 quidem
2989 632 3097 690 illis
3143 643 3327 687 tumor

1753 726 1897 782 inest
1939 729 2012 784 ob
2053 729 2347 795 sagittandi
2380 729 2631 799 peritiam
2657 768 2674 793 ,
2724 740 2887 797 quam
2932 735 3106 780 artem
3155 724 3328 794 pluris

1750 819 1994 888 faciunt,
2044 821 2139 877 sed
2197 822 2434 879 inimicis
2490 821 2776 877 inferiores
2834 825 3019 875 erunt.
3077 815 3327 874 Victores

1752 927 1916 982 porro
1945 921 2094 967 tanta
2118 913 2320 969 duritie
2343 925 2399 970 et
2424 914 2764 969 immanitate
2802 921 2965 967 erunt
2982 950 2999 975 ,
3029 918 3088 965 ut
3114 923 3182 963 ne
3204 911 3328 979 qni·

1752 1004 1874 1059 dem
1903 1013 2099 1060 tenerae
2121 1015 2176 1059 et
2202 1007 2269 1062 ad
2297 1006 2733 1061 misericordiam
2757 1004 2991 1059 moventi
3025 1003 3170 1058 aetati
3197 1017 3327 1072 par-

1752 1102 1898 1150 cant.
1952 1093 2090 1151 fluic
2136 1105 2328 1152 autem-
2367 1097 2549 1163 dicto,
2619 1114 2639 1148 ι
2667 1096 2808 1152 Ecce
2849 1095 3126 1151 suscitabo
3169 1092 3326 1149 vobis

1749 1185 1960 1251 Medos,
1989 1205 2010 1241 ι
2044 1188 2160 1258 ipse
2187 1189 2428 1245 historiae
2448 1197 2676 1245 eventus
2720 1187 3087 1244 testimonium
3123 1185 3274 1241 addit
3303 1196 3324 1240 ι

1747 1292 1872 1350 quae
1899 1278 2120 1336 biatoria
2141 1282 2281 1352 apud
2306 1279 2546 1346 Graecos,
2578 1281 2671 1351 qui
2690 1278 3005 1344 chaldaica,
3026 1277 3316 1350 Assyriaea

1746 1378 1805 1425 et
1872 1368 2078 1428 Medica
2153 1373 2492 1444 seripserunt
2556 1369 2832 1442 reperitur
2865 1387 2882 1425 ι
2921 1385 3156 1442 qnorum
3224 1384 3326 1425 nos

1748 1461 1920 1518 multa
1953 1463 2262 1519 testimonia
2293 1462 2613 1536 collegimus
2653 1462 2708 1519 in
2753 1461 3032 1518 chronicis
3063 1476 3190 1534 quae
3211 1459 3330 1518 edi-

1747 1553 1948 1611 dimus.
2002 1553 2142 1610 Medi
2196 1555 2378 1627 itaque
2425 1555 2769 1627 Assyriorum
2806 1554 3095 1624 imperium
3122 1562 3330 1609 everte-

1748 1655 1921 1701 runt:
1949 1645 2070 1701 illos
2096 1660 2230 1703 vero
2258 1646 2361 1702 sibi
2403 1646 2634 1715 subjecit
2660 1644 2858 1716 Cyrus,
2894 1644 3104 1716 primus
3130 1641 3326 1700 Persa·

319 1750 387 1787 ων
409 1729 731 1800 καθελόντες
752 1735 947 1812 ἀρχήν·
977 1735 1201 1804 τούτους
1221 1755 1284 1793 τε
1312 1738 1497 1811 Κῦρος
1522 1737 1651 1791 ὑπο·
1751 1752 1872 1792 rum
1899 1751 2012 1798 rex.
2046 1738 2142 1809 qui
2181 1737 2491 1795 Judaeorum
2531 1738 2903 1810 captivitatem
2941 1734 3150 1791 dimisit
3179 1752 3195 1790 ι
3229 1734 3328 1789 de-

321 1823 551 1897 Ῑῐερσῶν
575 1825 825 1910 βασιλεὺς
855 1817 1094 1906 πρῶτος,
1128 1831 1158 1886 δ
1194 1831 1291 1886 καί
1322 1830 1422 1899 τὴν
1449 1831 1651 1900 αἰχμα-
1680 1810 1725 1868 Β
1751 1825 1940 1896 ditque
1973 1824 2174 1884 ludaeis
2204 1844 2304 1899 pro
2339 1828 2511 1885 lubito
2551 1829 2605 1885 ln
2638 1829 2914 1901 regionem
2957 1841 3114 1883 suam
3159 1823 3327 1883 reml-

319 1916 417 1972 ιῶν
457 1917 723 1975 Ἰουδαίων
751 1921 931 1986 ἀνείς·
977 1922 1074 1977 καί
1103 1921 1229 1986 δοὺς
1261 1920 1511 1986 ἐξουσίαν
1536 1921 1651 1985 τοῖς

348 2009 528 2064 αὐτῶν
551 2011 631 2076 εἰς
656 2013 756 2086 τὴν
787 2011 996 2068 οἰκείαν
1028 2012 1312 2069 ἐπανιέναι
1339 2010 1651 2089 χώραν,καί

326 2119 375 2156 ιν
407 2100 500 2156 τὸν
528 2101 657 2157 ναὸν
682 2102 776 2157 τοῦ
809 2102 967 2159 Θεοῦ.

338 2191 495 2248 Ισται
524 2193 804 2260 Βαδυλὼν,
824 2195 861 2268 ἡ
900 2194 1145 2251 καλεῖται
1177 2193 1385 2261 ἔνδοξος
1411 2194 1522 2249 ἀπὸ
1548 2194 1649 2267 βα-

319 2284 595 2353 ίαλδαίων,
627 2285 689 2342 ὃν
712 2285 915 2361 τρόπον
941 2286 1311 2360 κατέστρεψεν
1339 2289 1370 2341 ό
1395 2287 1527 2352 Θεὸς
1550 2287 1651 2342 Σό-

319 2376 367 2432 al.
424 2375 714 2451 Γόμορρα,
774 2377 838 2432 οὐ
897 2376 1355 2450 κατοικηθήσεται
1413 2379 1495 2443 εἰς
1553 2377 1645 2433 τὸν

319 2491 325 2514 ·
374 2465 652 2539 ’Δοίκητος
686 2466 744 2521 δὲ
783 2466 879 2521 καί
922 2464 1200 2544 παντελῶς
1239 2465 1444 2539 ἔρημος
1472 2465 1641 2520 εἰσέτι

319 2557 511 2630 δρᾶται
538 2559 573 2630 ή
619 2556 908 2612 Βασυλών·
954 2556 1232 2630 μάρτυρες
1270 2555 1330 2612 δὲ
1356 2556 1559 2612 τούτων
1587 2558 1643 2613 οἰ

319 2647 482 2703 τόπων
509 2648 733 2702 ἐκείνων
765 2646 903 2720 πρὸς
938 2647 1088 2719 ἡμᾶς
1124 2646 1526 2721 ἀφικνούμενοι.

320 2737 337 2760 ⁸
382 2737 447 2792 οὐ
490 2737 564 2809 μὴ
612 2736 928 2791 εἰσέλθωσιν
972 2738 1054 2801 εἰς
1083 2737 1254 2811 αὐτὴν
1295 2738 1386 2793 διὰ
1425 2739 1640 2797 πολλῶν

319 2828 426 2883 οὐδ’
449 2828 512 2882 οὐ
555 2828 630 2901 μὴ
672 2826 951 2883 διέλΟωσιν
993 2827 1164 2899 αὐτὴν
1204 2828 1474 2900 Ἀραδες,
1518 2830 1641 2885 οὐδὲ

319 2919 411 2974 ·οὐ
455 2917 530 2992 μὴ
559 2918 976 2973 ἀναπαύσωνται
1005 2919 1066 2974 ὲν
1099 2918 1260 2990 αὐτῇ.
1305 2939 1323 2973 ι
1362 2919 1520 2974 Οὖτω
1548 2921 1643 2995 δη-

319 3028 361 3078 ν,
388 3011 462 3076 ὡς
489 3007 665 3084 οἶμαι,
696 3010 807 3065 τῶν
835 3012 965 3082 παρ’
990 3013 1125 3084 ήμῖν
1161 3010 1506 3083 καλουμένων
1539 3014 1645 3070 Σα-

323 3145 340 3170 ,
373 3103 445 3167 οἶ,
471 3103 571 3169 τὰς
610 3103 997 3175 πραγματείας
1040 3103 1390 3176 ποιούμενοι,
1418 3107 1513 3161 καὶ
1554 3107 1642 3162 ἐπ’

319 3193 580 3259 ιδυλῶνος
597 3194 660 3248 τὸ
683 3195 910 3249 παλαιὸν
930 3194 1396 3266 ὲσκηνοποιοῦντο.
1417 3197 1652 3264 Φευκτὸς
1677 3171 1721 3230 c

319 3285 415 3341 καίΙ
441 3289 552 3352 τοῖς
579 3287 823 3361 ὁμόροις,
851 3287 945 3341 καί
979 3290 1094 3351 τοίς
1114 3287 1176 3354 ἐξ
1208 3287 1397 3356 ἔθνους
1432 3291 1648 3364 μακροῦ

319 3375 479 3432 ωῦσιν
525 3379 724 3452 αὐτὴν,
774 3379 852 3443 ὡς
909 3379 1045 3452 μηδὲ
1093 3380 1361 3453 ποιμένας
1412 3384 1541 3447 τοὺς
1590 3381 1650 3449 ἐξ

319 3483 336 3521 e
368 3468 745 3540 κατανεμῆσαί
782 3486 837 3524 τι
884 3468 993 3523 τῶν
1032 3470 1179 3525 ἰδίων
1217 3469 1550 3544 θρεμμάτων
1589 3474 1649 3527 ὲν

319 3556 355 3612 ἀ
397 3575 481 3613 τοι
512 3557 575 3613 τὸ
618 3559 947 3631 ἠρημῶσθαι
978 3560 1277 3625 παντελῶς.
1340 3562 1537 3617 ’ἰστέον
1564 3563 1644 3629 δὲ,

319 3647 618 3722 ἷαρακηνῶν
649 3648 798 3722 ἔθνη,
827 3651 923 3703 καί
956 3650 1148 3723 μέχρις
1191 3651 1363 3723 αὐτῆς
1393 3651 1648 3725 διήκοντα

319 3738 507 3812 ιυρίων
544 3739 639 3793 καὶ
669 3739 770 3811 τὴν
816 3741 1073 3795 ἐσωτάτω
1099 3742 1373 3813 νεμόμενα
1416 3741 1644 3815 ἔρημον,

343 3827 630 3903 ὀνομάζει·
665 3829 880 3901 γείτονα
907 3830 1018 3903 γὰρ
1051 3831 1233 3903 ἔχουσι
1260 3831 1360 3905 τὴν
1400 3832 1648 3905 Ἀράδων

347 4011 752 4068 ἀναπαύσονται
791 4015 911 4068 εκεῖ
953 4013 1149 4089 θηρία·
1198 4016 1293 4071 καὶ
1323 4016 1646 4090 ἐμπλησθή-

324 4102 341 4154 ἰ
371 4102 538 4157 οἰκίαι
563 4103 700 4174 ήχου
718 4120 733 4135 ·
767 4104 861 4157 καὶ
886 4104 1292 4162 ἀναπαύσονται
1323 4109 1437 4162 ἐκεῖ
1470 4108 1649 4180 σειρῆ-

331 4192 581 4266 δαιμόνια
608 4196 729 4249 ἐκεῖ
757 4195 1104 4267 όρχήσονται,
1138 4200 1233 4253 καὶ
1271 4198 1646 4273 όνοκένταυροι

319 4288 675 4359 τοικήσουσιν·
719 4288 817 4341 καὶ
863 4290 1340 4363 νοσσοποιήσουσιν
1387 4294 1553 4364 ἐχῖνοι
1587 4294 1646 4346 ὲν

319 4396 390 4443 κς
429 4379 626 4444 αὐτῶν,
677 4381 814 4452 ταχὺ
865 4380 1082 4455 ἔρχεται
1114 4384 1209 4438 καὶ
1252 4385 1313 4438 οὐ
1359 4387 1578 4456 χρονιεῖ.
1619 4403 1640 4438 a

319 4488 331 4521 ι
356 4466 450 4526 οὖν
476 4472 702 4544 ἡμέρων
727 4473 821 4526 καί
852 4473 1087 4544 λογικῶν
1119 4473 1273 4539 ζώων
1305 4476 1510 4549 ἔρημον
1546 4495 1647 4534 κα·
1675 4525 1720 4581 D

319 4581 345 4629 ς
393 4565 844 4637 τὴν·Βα6υλῶνα,
887 4568 1039 4623 οὐδὲν
1071 4571 1313 4642 οἰκήσειν
1356 4569 1640 4636 θεσπίζει·

319 4658 326 4710 Ξ
372 4674 498 4713 τινα
539 4658 715 4730 ἄδηλα
742 4662 876 4731 ἡμῖν
922 4661 1018 4716 καί
1066 4662 1338 4732 ἄγνωστα,
1385 4663 1642 4734 δαίμονάς

319 4751 338 4805 ἰ
365 4751 653 4823 πνεύματά
675 4770 794 4806 τινα
824 4753 1009 4826 ἀπηνῆ
1029 4754 1122 4808 καὶ
1146 4756 1396 4829 ἀνήμερα
1423 4754 1642 4810 ἔσεσθαι

344 4856 496 4911 φησι.
542 4840 633 4895 Διὸ
681 4841 799 4895 ἀντὶ
837 4841 955 4908 τοῦ,
1005 4862 1025 4896 ι
1051 4843 1234 4917 Θηρία,
1258 4861 1279 4897 ι
1306 4865 1325 4896 ι
1347 4845 1510 4899 σείειν
1533 4865 1552 4898 ι
1593 4847 1643 4899 οἰ

319 4934 603 5005 ομηνευταί
629 4932 957 4988 ὲκδεδώκασι
973 4950 989 4966 ·
1018 4935 1112 4990 καί
1137 4936 1258 4990 ἀντὶ
1277 4935 1390 5003 τοῦ,
1420 4957 1439 4989 ι
1468 4937 1646 5010 σειρῆ·

333 5022 860 5096 στρουθοκαμήλους,
898 5045 917 5078 ι
941 5027 1196 5098 εἰρήκασι
1213 5042 1230 5059 ·
1260 5029 1354 5082 καί
1379 5029 1502 5083 ἀντὶ
1520 5028 1639 5095 τοῦ,

320 5129 530 5187 ταυροι,
571 5133 589 5167 ι
633 5134 652 5165 ι
691 5114 875 5180 σείειν,
913 5132 935 5167 ι
970 5115 1304 5190 ἀνέγρωψαν,
1333 5119 1471 5191 αὐτῇ
1503 5136 1640 5192 χρη-

321 5206 388 5276 τῇ
430 5204 668 5277 Ἐδραῖδι
710 5207 861 5278 φωνῇ
890 5205 981 5260 διὰ
1004 5205 1069 5262 τὸ
1100 5207 1293 5282 ἀδήλον
1323 5209 1424 5281 τῆς
1464 5211 1642 5284 ἑρμη-

319 5295 403 5350 ιλά
435 5296 527 5351 καί
550 5297 692 5362 ἀντὶ,
721 5298 1267 5373 ιὲχίνων,ιόμοίωςοί
1296 5305 1443 5375 τρεῖς
1468 5303 1645 5376 ἂρμη-

319 5406 328 5439 t
359 5388 646 5461 σειρῆνας,
684 5409 703 5442 ι
729 5391 1115 5462 ὴρμήνευσαν·
1164 5392 1420 5465 τάχαπου
1447 5393 1539 5449 διὰ
1581 5393 1646 5450 τὸ

318 5496 347 5533 ν
365 5480 473 5535 τῶν
499 5479 755 5536 τοιούτων
776 5481 1066 5554 δαιμόνων.
1106 5483 1261 5538 Ἐπεὶ
1284 5485 1417 5558 παρ’
1451 5484 1644 5559 Ἕλλη-

319 5570 467 5640 ρωνοί
508 5589 653 5636 τιν·ς
685 5567 845 5628 αὗται
874 5574 968 5628 καὶ
1001 5574 1267 5646 ἀπατηλοί
1314 5575 1643 5648 γεγενῆσθαι

319 5663 520 5718 ύονται.
566 5682 586 5716 ι
633 5665 785 5736 Ταχὺ
828 5664 1062 5738 ἔρχεται,
1111 5666 1207 5720 καί
1248 5667 1311 5720 οὐ
1354 5670 1577 5741 χρονιεῖ.
1618 5689 1636 5723 ι

319 5773 331 5814 t
359 5757 467 5828 μὴν
506 5758 597 5812 καὶ
628 5756 973 5830 νομιζόμενος
1006 5760 1154 5834 παρὰ
1187 5759 1490 5834 ἀνθρώποις
1541 5780 1645 5835 μα·

1754 1913 1945 1985 grandi
1970 1930 2036 1971 ac
2074 1916 2255 1986 templi
2284 1918 2379 1974 Dei
2405 1918 2750 1974 restaurandi
2773 1916 3110 1975 facultatem.

1826 2179 1989 2237 Vens.
2029 2179 2119 2237 19.
2163 2197 2186 2233 ι
2212 2178 2278 2234 Et
2330 2177 2435 2236 erit
2481 2176 2751 2249 Babylon,
2802 2191 2925 2247 quae
2964 2185 3191 2232 vocatur
3216 2176 3329 2248 glo-

1750 2274 1894 2330 riosa
1933 2288 1964 2328 a
2013 2288 2142 2346 rege
2183 2271 2589 2337 Cbaldaeorum,
2642 2270 3095 2340 quemadmodum
3132 2270 3332 2326 evertit

1748 2368 1892 2424 Deus
1923 2366 2216 2424 Sodomam
2243 2373 2296 2420 et
2325 2364 2689 2422 Gomorrbam
2707 2405 2725 2433 ,
2751 2379 2859 2421 non
2894 2363 3241 2420 habitabitur
3266 2365 3326 2421 in

1747 2460 2027 2517 amentum.
2055 2474 2078 2513 s
2129 2456 2434 2513 lnbabitata
2462 2468 2518 2514 et
2546 2457 2818 2514 hactenus
2854 2457 3069 2512 deserta
3101 2465 3186 2512 est
3223 2453 3331 2511 Ba-

1747 2551 1934 2626 bylon.
1975 2565 2139 2619 quam
2169 2565 2285 2607 rem
2321 2548 2682 2606 testificantur
2718 2549 2814 2620 qui
2843 2564 2914 2607 ex
2955 2546 3090 2608 locis
3121 2546 3230 2606 illls
3257 2550 3327 2604 ad

1702 2679 1709 2686 -
1745 2657 1846 2699 nos
1885 2641 2131 2697 veniunt.

1823 2753 1843 2787 ι
1869 2732 1988 2790 Non
2040 2733 2416 2804 ingredientur
2457 2732 2512 2788 in
2548 2747 2668 2789 eam
2713 2747 2809 2805 per
2849 2731 3049 2789 multas
3094 2746 3328 2805 genera·

1746 2824 1948 2889 tiones,
2002 2838 2181 2893 neque
2228 2822 2538 2878 transibunt
2578 2835 2676 2894 per
2721 2835 2841 2877 eam
2876 2821 3116 2886 Arabes,
3150 2835 3327 2889 neque

1746 2930 1995 2991 pastores
2050 2917 2400 2987 requiescent
2456 2915 2514 2972 in
2577 2930 2664 2971 ea.
2711 2933 2733 2968 ι
2794 2914 2959 2981 Queis
3009 2914 3327 2985 significan-

1747 3017 1858 3074 tur,
1894 3016 1953 3063 ut
1980 3007 2227 3070 aestimo,
2271 3006 2333 3072 ii,
2367 3006 2460 3076 qui
2511 3006 2655 3076 apud
2694 3019 2794 3061 nos
2826 3003 3084 3060 Saraceni
3128 3018 3329 3059 vocan-

1749 3110 1860 3164 tur,
1894 3098 1988 3169 qui
2024 3099 2450 3170 negotiationem
2479 3106 2766 3163 exercent,
2809 3105 2868 3153 et
2908 3097 2963 3151 in
3001 3098 3119 3166 ipsa
3146 3096 3326 3169 Baby-

1752 3191 1878 3245 lone
1924 3187 2056 3258 olim
2118 3190 2350 3245 tentoria
2407 3191 2702 3261 ponebant.
2735 3186 2920 3260 Usque
2965 3186 3103 3243 adeo
3145 3195 3328 3243 autem

1748 3295 1939 3353 perosa
1974 3289 2096 3336 erat
2123 3292 2235 3338 tum
2269 3283 2468 3339 vicinis
2490 3322 2508 3348 ,
2561 3291 2676 3337 tum
2710 3281 3027 3352 longinquis
3075 3289 3133 3334 et
3170 3294 3329 3350 pere·

1746 3373 2097 3445 grinantibus
2128 3374 2417 3446 gentibus,
2447 3381 2505 3429 ut
2543 3388 2614 3430 ne
2652 3384 2900 3445 pastores
2933 3373 3153 3444 quidem
3187 3372 3328 3427 Ara·

1746 3462 1876 3519 bum
1934 3478 2131 3535 pecora
2188 3477 2287 3519 sua
2348 3463 2459 3520 illic
2503 3462 2758 3535 pascendi
2817 3477 2984 3520 causa
3039 3463 3325 3527 ducerent,

1746 3558 1876 3630 quia
1943 3558 2163 3630 penitus
2219 3559 2435 3614 deserta
2485 3566 2543 3614 et
2593 3556 2796 3613 inculta
2843 3565 2980 3614 erat.
3029 3553 3321 3610 Sciendum

1746 3659 1929 3705 autem
1978 3659 2066 3704 est
2116 3648 2520 3704 Saracenorum
2576 3655 2797 3717 gentes,
2850 3659 2973 3715 quae
3026 3658 3195 3712 usqne
3254 3643 3324 3699 ad

1746 3743 1920 3813 ipsam
1950 3742 2298 3813 Assyriorum
2329 3747 2534 3797 terram
2568 3737 2908 3809 pertingunt,
2955 3745 3121 3805 atque
3175 3736 3322 3792 inte·

1745 3834 1950 3889 riorem
1984 3833 2332 3890 solitudinem
2361 3829 2626 3892 incolunt,
2651 3830 2867 3885 Arabas
2904 3829 2993 3885 bic
3014 3828 3320 3899 nominari}

1745 3941 1871 3982 nam
1898 3925 2143 3980 Arabum
2171 3923 2447 3995 regionem
2489 3922 2782 3977 finitimam
2814 3920 3039 3976 babent.

1814 4017 1983 4074 Vens.
2020 4016 2116 4084 21,
2153 4014 2248 4072 22.
2311 4014 2423 4070 ‹Et
2477 4012 2820 4070 accubabunt
2874 4012 2945 4069 ibi
2996 4014 3219 4080 besttae3
3267 4021 3323 4069 et

1745 4110 2106 4182 replebuntur
2128 4109 2326 4164 domus
2348 4108 2551 4164 sonitu.
2585 4105 2654 4161 Et
2688 4105 3032 4176 requiescent
3074 4105 3147 4160 ibi
3182 4110 3322 4159 sire·

1744 4217 1868 4267 nes,
1926 4210 1986 4257 et
2029 4200 2299 4256 daemonia
2332 4199 2406 4253 ibi
2468 4198 2770 4264 saltabunt,
2821 4195 3171 4252 onocentauri
3210 4194 3323 4251 illic

1743 4292 2117 4349 habitabunt:
2152 4300 2209 4347 et
2242 4290 2598 4346 nidificabunt
2654 4289 2923 4346 herinacii
2970 4289 3024 4344 in
3073 4288 3324 4344 domibus

1744 4399 1954 4449 eorum,
1999 4383 2109 4438 cito
2155 4381 2354 4448 veniet,
2398 4388 2461 4436 et
2494 4394 2603 4434 non
2658 4379 2914 4435 tardabit.
2945 4397 2964 4431 ι
3027 4377 3319 4448 Postquam

1751 4483 2162 4531 mansuetorum
2202 4483 2257 4528 et
2312 4471 2716 4527 rationabilium
2756 4469 3069 4526 animalium
3094 4486 3319 4528 vacuam

1749 4568 2083 4640 Babylonem
2124 4568 2512 4630 constituerat,
2558 4581 2589 4620 a
2638 4564 2785 4620 nullo
2821 4563 3166 4620 habitandam
3201 4581 3323 4622 esse

1749 4659 2110 4725 vaticinatum
2160 4658 2257 4714 sed
2305 4660 2566 4728 quasdam
2601 4657 2814 4727 ignotas
2846 4657 3005 4713 nobis
3046 4657 3225 4723 feras,
3268 4666 3324 4711 et

1752 4752 2028 4807 daemones
2054 4750 2322 4821 quosdam
2353 4748 2688 4819 spiritusque
2707 4748 2956 4804 crudeles
2981 4760 3034 4805 et
3059 4751 3321 4805 immanes

1752 4842 1829 4899 ibi
1869 4840 2087 4898 futuros
2115 4856 2239 4897 esse
2263 4840 2359 4895 ait.
2391 4840 2571 4907 Quare
2595 4856 2694 4912 pro
2718 4841 2808 4898 illo
2842 4860 2861 4895 ι
2889 4842 3096 4906 bestiae,
3119 4860 3140 4895 a
3191 4841 3318 4897 reli·

1750 4935 1842 5006 qni
1879 4934 2224 5003 interpretes,
2285 4919 2434 4990 «⁰siin
2460 4951 2481 4986 a
2536 4935 2858 5002 ediderunt;
2888 4944 2945 4992 et
2992 4935 3109 4990 loco
3151 4933 3320 4994 illius.

1752 5046 1772 5080 ι
1793 5029 2024 5094 sirenes,
2050 5045 2071 5080 a
2102 5046 2122 5080 ι
2146 5026 2651 5094 struthocamelos,·
2674 5027 2964 5093 dixerunt3
2996 5041 3060 5083 ac
3085 5042 3183 5097 pro
3207 5026 3318 5092 ino.

1760 5137 1781 5172 ι
1806 5118 2179 5182 onocentauri,
2212 5127 2347 5185 1:⁷⁷5
2384 5118 2529 5186 siim,
2554 5138 2572 5172 ι
2614 5121 2743 5176 item
2791 5119 3129 5189 interpretati
3168 5129 3324 5183 sunt,

1746 5209 1865 5280 ipsa
1895 5210 1979 5267 nsi
2013 5207 2284 5266 Hebraica
2317 5224 2472 5276 voce,
2516 5212 2585 5267 ob
2636 5212 2978 5283 significatus
3018 5211 3318 5266 obscurita-

1747 5311 1878 5367 tem,
1912 5305 2026 5358 imo
2054 5302 2221 5358 etiam
2270 5318 2371 5375 pro
2415 5322 2435 5356 ι
2465 5304 2778 5369 herinaciis,
2827 5314 2937 5358 tres
2993 5303 3319 5372 interpretes

1746 5394 1989 5464 pariter,
2047 5411 2068 5447 ι
2098 5394 2307 5451 sirenes
2334 5436 2350 5459 ,
2389 5414 2410 5449 ι
2484 5396 2838 5452 reddiderunt
2884 5413 2900 5451 z
2950 5395 3202 5451 fortassis
3245 5397 3319 5453 <ab

1747 5486 1938 5542 talium
1962 5485 2269 5543 damonum
2300 5489 2748 5545 fraudulentiam.
2777 5487 2912 5543 Nam
2937 5491 3077 5559 apud
3098 5490 3320 5548 Graecos

1747 5577 1967 5635 Sirenes
2037 5578 2335 5636 dulcisonae
2389 5587 2445 5635 et
2496 5577 2721 5636 fallaces
2780 5578 2950 5635 fuisse
2998 5591 3316 5637 narrantur.

1755 5684 1775 5721 ι
1803 5666 1928 5724 Cito
1960 5667 2166 5734 veniet,
2206 5677 2264 5724 et
2294 5681 2402 5723 non
2429 5668 2685 5724 tardabit.
2719 5686 2740 5721 ι
2796 5667 3036 5736 Quodvis
3085 5679 3318 5740 tempus,

1750 5761 1968 5822 etiamsi
2001 5760 2372 5833 longissimum
2410 5759 2552 5831 apud
2598 5759 2849 5818 bounnes
2897 5775 3028 5818 esse
3071 5769 3344 5831 wemma„
