3692 6134
140 339 282 398 ¹193

1233 335 1322 391 DE
1357 334 1699 392 OPERIBUS
1737 334 1937 392 80le
1975 335 2063 392 m·
2101 335 2329 394 Maus.
2412 394 2416 398 .

3245 336 3385 395 1194

140 459 327 518 lectari
359 460 527 531 cupit,
564 474 696 518 vere
722 462 1026 518 secundum
1082 461 1331 532 Apostoli
1368 475 1557 516 vocem
1617 461 1715 516 ha-
1743 463 1793 522 Α
1819 476 1949 516 itum
1980 460 2246 525 mulieris.
2275 469 2332 517 et
2360 459 2626 530 decerpsit
2673 459 2742 517 de
2793 461 2988 516 arbore
3032 458 3293 525 fructum,
3327 472 3383 517 et

140 554 232 608 bet
263 553 427 606 viam.
458 550 637 606 Suave
674 559 759 607 est
789 551 935 606 enim
963 551 1007 607 si
1040 550 1311 608 liberetur
1348 552 1473 622 quis
1507 567 1538 607 a
1571 566 1710 607 con-

1817 554 1868 606 vi
1898 555 1956 608 in
1988 553 2105 622 ejus
2128 568 2225 609 ore
2245 552 2502 623 imposuit
2526 572 2539 609 :
2571 552 2668 610 sed
2693 553 2954 624 scriptum
2980 563 3084 619 est,
3110 554 3234 624 qnia
3265 569 3384 609 mn·

138 643 375 709 fusione,
406 657 437 698 a
470 644 701 707 turbela,
739 659 771 698 a
805 644 1134 715 suspicione.
1191 645 1286 701 lsti
1331 648 1479 702 enim
1515 645 1710 703 oculus
1726 636 1785 717 Α·
1814 644 1916 701 Ιίει·
1960 658 2120 700 suasa
2172 645 2443 714 protendit
2488 659 2712 700 manum
2757 645 2825 701 ad
2879 647 3149 711 arborem,
3206 654 3263 701 et
3316 660 3382 702 os

137 750 248 792 non
275 735 431 791 laetus
454 745 558 801 est,
594 737 693 791 sed
726 736 994 805 sapientia
1051 737 1316 808 gaudens,
1365 748 1421 794 et
1471 738 1621 793 visus
1656 745 1712 794 et

136 841 309 897 purus
356 833 412 882 et
450 826 705 883 mundus.
763 827 866 884 Ubl
908 836 1087 884 autem
1127 828 1465 886 conscicntia
1518 829 1706 899 tuerit,

135 916 516 984 circumspicit
546 918 735 974 oculus
787 931 855 974 ne
889 919 1012 990 quis
1053 920 1233 977 vidit:
1282 921 1401 977 sitit
1431 908 1551 988 cor,
1580 938 1710 994 pro·

136 1015 260 1076 pter
308 1004 422 1077 (95)
471 1019 539 1062 ea
589 1020 711 1076 quae
750 1007 1082 1077 suspicatur,
1121 1020 1178 1066 et
1224 1012 1278 1066 in
1327 1010 1578 1083 plurimis
1619 1023 1708 1069 tn·-

137 1097 244 1154 tela
284 1097 397 1171 (94)
429 1109 540 1164 est,
590 1107 647 1154 et
691 1113 802 1155 non
855 1113 940 1157 est
988 1103 1093 1159 iste
1148 1105 1440 1160 suavitatis
1487 1117 1704 1175 guastus.

135 1187 279 1256 Quid
307 1190 455 1244 enim
483 1203 649 1246 suave
677 1200 764 1247 est
790 1190 845 1248 in
870 1192 949 1248 ira
979 1194 1004 1249 i
1045 1206 1102 1249 et
1136 1207 1286 1253 certe
1323 1197 1708 1255 contendimus

135 1290 196 1337 et
224 1281 320 1337 irae
356 1282 640 1339 adversum
665 1298 769 1341 nos
793 1287 1021 1344 donare.
1056 1286 1200 1356 Quid
1231 1304 1399 1346 suave
1428 1298 1514 1347 est
1546 1292 1600 1346 in
1629 1292 1707 1347 in-

135 1373 281 1429 vidia
316 1373 807 1445 (95)?'1'abescunt
856 1378 1000 1434 enim
1041 1391 1096 1436 et
1144 1395 1292 1447 ossa,
1342 1392 1399 1437 et
1437 1398 1610 1450 mens,
1649 1392 1707 1438 et

134 1464 371 1520 medulla
412 1467 793 1525 invidentium.
824 1468 933 1526 Sed
971 1471 1019 1527 si
1061 1483 1392 1544 apparerent
1420 1476 1704 1546 passiones

132 1571 258 1614 cum
293 1558 506 1628 tierent,
537 1577 644 1618 non
671 1570 858 1620 essent
887 1566 1194 1634 passiones.
1226 1566 1550 1625 sicutenim
1597 1572 1702 1625 do-

133 1651 255 1707 lens
290 1652 478 1709 oculus
508 1669 614 1710 non
651 1653 815 1722 videt,
857 1667 914 1712 et
947 1658 1001 1714 in
1035 1667 1300 1730 quantum
1351 1660 1521 1728 dolet,
1580 1670 1703 1716 tan·

132 1757 249 1802 tum
276 1757 331 1803 et
364 1762 395 1803 a
420 1747 628 1805 visione
659 1748 992 1820 impediturz
1024 1750 1100 1807 lta
1127 1759 1185 1807 et
1212 1751 1395 1807 anima
1425 1765 1548 1824 quac
1582 1766 1705 1821 pas·

131 1839 317 1895 siones
360 1839 614 1906 incurrit,
661 1854 770 1896 non
799 1842 1044 1897 intuetur
1088 1843 1441 1913 ignominiam
1492 1857 1700 1899 suam:

128 1931 405 2003 siquidem
441 1947 540 1990 nec
563 1930 746 1990 ebrius
774 1934 941 1990 sentit
966 1948 1089 1990 cum
1125 1935 1405 1992 irridetur.
1440 1934 1704 2007 Evigilate

130 2023 302 2094 igitur
349 2031 404 2078 et
456 2023 800 2093 resipiscite:
843 2023 1240 2081 confundimini
1291 2025 1414 2095 quia
1463 2026 1532 2082 ab
1579 2025 1702 2082 aliis

130 2113 396 2170 ediscitis.
435 2114 753 2185 Quicunque
777 2115 924 2172 enim
958 2123 1084 2185 post
1114 2116 1426 2186 passionem
1470 2131 1698 2187 percus·

129 2215 325 2262 serunt
357 2221 450 2263 cor
471 2209 823 2279 poenitentes,
851 2208 1066 2264 liberati
1095 2220 1246 2266 sunt.
1288 2209 1346 2266 Si
1377 2219 1559 2265 autem
1593 2224 1699 2264 non

131 2307 540 2366 percusserunt.
587 2299 814 2355 necdum
867 2300 1084 2356 liberati
1130 2303 1200 2357 ab
1251 2300 1519 2356 ebrietate
1549 2309 1698 2357 sunt.

129 2388 244 2444 Sed
267 2388 521 2445 illicimur
549 2390 666 2445 visu
693 2390 757 2444 ad
793 2391 1247 2462 pulchritudinem
1268 2392 1536 2448 vultuum.
1560 2389 1701 2459 Quid

129 2480 274 2538 coelo
302 2491 389 2537 est
416 2480 631 2549 melius,
657 2483 830 2554 quid?
875 2482 1070 2541 Melius
1097 2493 1182 2541 est
1208 2486 1436 2541 credere
1472 2484 1582 2540 Deo
1615 2484 1700 2540 di·

127 2573 278 2630 eenti
312 2590 330 2628 ε
361 2572 612 2645 Respicite
645 2576 700 2630 t‘n
727 2575 893 2631 altum
917 2576 1089 2632 Deum
1119 2577 1290 2634 oculis
1313 2579 1516 2643 vestris,
1544 2587 1595 2632 et
1626 2577 1701 2632 vi·

125 2664 252 2721 dcte
275 2665 395 2735 qais
427 2666 664 2721 condidit
698 2670 878 2722 omnia
908 2668 1013 2723 ista
1042 2668 1110 2721 ⁸¹.
1137 2666 1277 2737 Quid
1310 2668 1380 2723 ita
1414 2668 1700 2740 pulchrum

124 2756 187 2812 in
215 2756 372 2813 oculo
391 2767 477 2812 est
507 2758 768 2823 mulieris,
798 2770 1061 2830 quantum
1090 2760 1169 2816 sol
1200 2760 1365 2817 habet
1390 2761 1444 2815 in
1478 2758 1700 2830 fulgori·

125 2849 369 2906 hussitis
391 2850 417 2904 i
448 2849 585 2919 Quid
621 2852 693 2906 ita
731 2851 888 2909 floret
913 2854 965 2908 in
994 2852 1178 2910 fronte
1228 2853 1468 2918 mortali,
1525 2868 1699 2923 qnan-

126 2951 252 2997 tum
293 2943 347 2997 in
387 2943 532 2998 omni
579 2943 718 2998 coelo
752 2943 998 3013 splendet
1034 2944 1180 3014 qnod
1208 2945 1458 2998 videtur?
1488 2945 1614 3013 quia
1645 2952 1703 3000 et

128 3032 261 3088 aliis
289 3032 528 3088 varietas
558 3033 843 3102 vestigium
889 3033 1047 3089 illicit
1097 3042 1156 3087 ut
1186 3032 1376 3087 stellae.
1427 3031 1533 3087 Sed
1560 3031 1700 3089 sorte

1813 734 2069 802 aperiens
2113 749 2293 801 suum,
2337 735 2565 792 immisit
2616 734 2876 792 fructum.
2932 735 3145 794 Utinam
3193 747 3377 793 autem

1813 826 2144 882 suissetvist
2185 827 2268 882 vis
2316 829 2460 883 enim
2516 844 2624 886 non
2670 837 2928 902 procurat
2974 839 3227 899 mortem,
3278 830 3376 884 sed

1812 921 1908 975 dat
1939 932 1997 977 ut
2022 922 2353 992 ignoscatur.
2386 922 2493 980 Sed
2523 923 2976 994 quemadmodum
3005 923 3264 995 scriptum
3294 929 3378 977 est

1808 1012 2107 1082 videamus,
2166 1023 2227 1070 ut
2288 1016 2505 1072 edoceri
2565 1017 2837 1087 possimus
2882 1000 3145 1086 quantum
3198 1023 3377 1086 potest

1809 1105 2072 1164 diabolus.
2097 1107 2405 1165 Amicitiam
2434 1107 2609 1173 finxit,
2634 1109 2875 1166 ostendit
2896 1108 3374 1180 pulchritudinem,

1806 1198 1995 1264 suasit,
2023 1200 2291 1269 promisit,
2325 1200 2445 1256 ideo
2477 1200 2603 1270 quia
2631 1201 2739 1256 vim
2766 1201 2949 1257 iacere
2983 1215 3092 1257 non
3139 1197 3372 1255 valebat.

1805 1286 1876 1340 Et
1904 1302 2046 1342 nunc
2073 1288 2226 1344 multi
2263 1291 2494 1346 suadent
2516 1289 2643 1355 sibi,
2675 1290 2803 1361 quia
2857 1281 3157 1345 tr'ahuntur
3182 1304 3213 1346 a
3247 1288 3371 1357 qui-

1805 1378 2051 1434 busdam.
2088 1379 2168 1434 illi
2197 1380 2341 1435 enim
2369 1383 2461 1453 qui
2487 1380 2623 1438 roris
2645 1391 2796 1447 sunt,
2844 1380 2983 1439 sorte
3033 1390 3211 1437 autem
3265 1381 3369 1435 ali·

1806 1471 1898 1541 qui
1931 1478 1987 1526 et
2016 1486 2082 1526 ex
2116 1472 2201 1526 his
2226 1472 2318 1541 qui
2352 1473 2497 1529 intus
2520 1482 2668 1542 sunt,
2694 1483 2885 1542 putant
2905 1490 2965 1531 se
3009 1490 3039 1527 a
3084 1474 3257 1531 stellis
3290 1484 3372 1530 at-

1805 1559 1974 1628 trahi,
1998 1560 2198 1616 malum
2223 1559 2367 1616 malo
2391 1568 2645 1617 curantes
2668 1577 2684 1627 3
2711 1571 2903 1618 etcum
2931 1564 3191 1621 deberent
3214 1578 3367 1620 suam

1806 1653 2067 1709 malitiam
2094 1653 2367 1720 coniitcri,
2401 1653 2553 1711 aliud
2586 1655 2762 1727 majus
2808 1654 3008 1710 malum
3040 1656 3366 1725 praecedeuti

1806 1745 1952 1800 malo
1980 1757 2375 1817 supraponunt.
2399 1746 2722 1804 creaturam
2754 1747 2952 1819 quippe
2990 1748 3226 1818 propriis
3256 1761 3375 1803 ma·

1802 1835 1870 1890 lis
1897 1837 2353 1903 contaminantes,
2377 1836 2524 1893 aliud
2560 1848 2743 1894 autem
2771 1851 2894 1894 curn
2922 1837 3162 1907 superati
3186 1851 3217 1892 a
3243 1850 3372 1892 con·

1803 1912 2153 1997 otrpiscentiis
2184 1927 2410 1995 fuerint,
2441 1928 2757 1985 remiserint
2783 1941 2964 1986 autem
3000 1928 3181 1985 lenum
3217 1930 3365 1999 eogi-

1805 2027 1950 2076 tatus
1972 2019 2081 2086 sni,
2108 2028 2301 2090 {tutant
2327 2019 2648 2077 infirmitate
2673 2018 2992 2090 frequenter
3018 2036 3078 2078 se
3108 2022 3273 2088 vinci,
3316 2032 3375 2080 et

1803 2128 1909 2167 non
1949 2127 2048 2168 suo
2098 2112 2374 2183 proposito
2424 2112 2746 2185 negligenti.
2795 2111 3005 2183 Siquis
3033 2122 3213 2167 autem
3249 2113 3367 2170 vult

1803 2211 2051 2257 naturam
2078 2216 2392 2273 agnoscere,
2428 2218 2532 2258 non
2568 2202 2654 2259 bis
2684 2217 2806 2274 quae
2838 2203 3146 2275 praescribit
3198 2222 3367 2277 agno-

1803 2302 1959 2361 scat;
2001 2294 2125 2363 quia
2162 2309 2261 2351 nec
2289 2293 2450 2351 debet
2499 2296 2738 2350 accusari
2773 2296 2969 2368 regalis
3005 2311 3257 2354 nummus
3296 2299 3368 2354 ab

1801 2386 2067 2444 adultero.
2120 2386 2273 2444 illam
2314 2386 2689 2444 fortitudinem
2724 2397 2933 2445 naturae
2969 2397 3023 2446 et
3064 2390 3360 2461 cogitatum

1801 2478 2006 2545 videat,
2039 2494 2164 2535 cum
2207 2479 2652 2552 concupiscentia
2704 2479 2977 2550 hortatur,
3022 2497 3146 2538 cum
3201 2483 3365 2538 libido

1803 2583 1978 2642 rogat,
2012 2580 2066 2626 et
2099 2586 2207 2629 nox
2236 2572 2581 2628 occasionem
2604 2572 2853 2643 praebet:
2900 2574 3171 2644 quomodo
3211 2574 3360 2644 cogi-

1802 2673 1951 2719 tatus
1982 2678 2012 2720 e
2037 2673 2225 2719 contra
2250 2664 2519 2720 obstruit:
2550 2662 2678 2734 quia
2702 2664 2829 2720 etin
2859 2664 3197 2735 passionibus
3225 2682 3364 2721 mar·

1804 2765 2006 2828 tyrum,
2039 2770 2232 2821 manus
2252 2755 2469 2826 quidem
2504 2755 2729 2821 radunt,
2764 2756 2908 2812 oculi
2936 2765 3118 2813 autem
3150 2758 3361 2812 minan-

1802 2855 1908 2915 tur,
1941 2856 1998 2902 et
2028 2847 2219 2904 dentes
2247 2847 2374 2903 dum
2405 2847 2641 2904 strident
2685 2857 2909 2916 terrent,
2949 2858 3007 2906 et
3051 2851 3285 2923 tyranni,
3315 2866 3362 2907 et

1798 2939 1984 3012 gladii,
2011 2948 2067 2996 et
2099 2941 2257 3011 ignis,
2281 2948 2336 2996 et
2362 2939 2511 2996 mille
2534 2943 2746 3012 species
2771 2943 2966 2999 mortis
3000 2954 3361 3014 apponuntur.

1800 3041 1858 3088 et
1880 3030 2152 3101 cogitatus
2175 3046 2281 3087 non
2321 3030 2581 3090 flectitur.
2609 3032 2716 3090 Sed
2742 3033 2881 3091 alius
2917 3035 3095 3091 victus
3120 3046 3204 3092 est
3230 3055 3246 3093 ε
3272 3039 3362 3091 sed

123 3124 180 3182 ti
204 3131 396 3180 essem
424 3123 478 3179 in
505 3123 704 3190 medlo,
729 3132 788 3178 ut
815 3123 881 3177 ad
912 3122 1370 3192 comparationem
1409 3120 1551 3189 dico,
1602 3122 1702 3177 ali·
1727 3144 1770 3205 c
1804 3137 1911 3178 non
1944 3139 1974 3178 a
2006 3123 2166 3180 victis
2202 3123 2399 3180 debent
2432 3125 2647 3193 agmina
2681 3124 2941 3181 militaria
2975 3126 3231 3197 judicari.
3276 3128 3366 3184 lile

122 3215 335 3273 mutiiae
357 3215 619 3282 divers-'25
647 3226 702 3271 et
734 3214 781 3270 si
817 3213 1074 3284 possibile
1100 3223 1245 3269 esset
1271 3221 1324 3269 et
1359 3215 1555 3268 artium
1582 3214 1701 3283 pul-

120 3305 475 3364 chritudines
502 3307 653 3376 poni,
681 3306 1049 3361 adunarentur
1075 3314 1254 3360 autem
1283 3314 1339 3360 et
1365 3304 1547 3361 omnia
1579 3307 1699 3360 ani·

120 3397 324 3463 maiia,
352 3406 406 3454 et
433 3408 824 3469 proponeretur
855 3396 1017 3453 lectio
1043 3394 1156 3468 (96)
1184 3414 1202 3454 t
1237 3397 1422 3453 statim
1449 3398 1599 3468 porci
1632 3397 1701 3453 ad

116 3500 348 3549 stercus
373 3499 676 3555 currerent,
704 3504 891 3545 mures
916 3488 982 3544 ad
1007 3486 1111 3543 alia
1142 3487 1445 3543 istiusmodi
1498 3502 1700 3544 conve·

117 3582 344 3642 aientia
371 3582 470 3640 sibi
499 3592 555 3639 et
578 3584 752 3639 andca
784 3598 801 3637 t
831 3581 969 3638 asini
1017 3589 1222 3648 autem,
1255 3590 1311 3636 et
1340 3580 1446 3635 alia
1478 3596 1598 3649 qnae
1625 3581 1699 3636 ita

116 3683 267 3735 nunt
293 3674 443 3731 tarda
475 3675 752 3740 animalia,
806 3673 897 3730 illa
944 3675 1163 3744 quidem
1207 3671 1391 3726 senum
1432 3680 1699 3741 peterent,

112 3767 241 3825 alia
267 3767 337 3822 ad
368 3781 434 3825 ea
467 3781 589 3838 quae
625 3774 952 3822 consuerunt
983 3762 1371 3835 sejungerent.
1401 3760 1573 3819 ilomo
1602 3779 1699 3817 au-

110 3870 245 3919 tem
278 3857 591 3930 dignitatem
632 3858 870 3915 hominis
894 3857 1113 3914 salvans
1144 3854 1214 3911 ad
1239 3866 1386 3912 artes
1430 3865 1698 3920 curreret,

110 3962 187 4010 et
211 3952 286 4008 ad
313 3948 621 4020 spectacula
647 3949 845 4003 artium
871 3956 1209 4018 properaret.
1261 3943 1320 4002 Si
1370 3946 1490 4017 quis
1516 3956 1699 4000 autern

112 4052 284 4103 emet
324 4045 489 4101 homo
527 4056 656 4098 vere
702 4049 757 4097 et
803 4042 1042 4097 hominis
1065 4040 1285 4096 salvans
1314 4054 1531 4096 sensum
1557 4058 1572 4106 ;
1602 4041 1698 4094 de-

114 4134 372 4211 spiciens
400 4146 455 4190 et
477 4135 733 4191 deridens
767 4133 1099 4204 relinqueret
1135 4133 1324 4204 utique
1373 4130 1696 4186 sollicitudi-

114 4240 258 4287 ιοω
287 4227 652 4297 propositam
686 4223 985 4292 respiceret
1021 4231 1205 4277 autem
1234 4235 1452 4275 sursum
1488 4219 1555 4274 ad
1580 4233 1698 4274 coe-

120 4318 270 4381 m.
293 4325 351 4372 et
377 4314 583 4370 videret
608 4328 728 4383 quie
757 4314 812 4368 in
839 4310 985 4369 coelo
1022 4320 1078 4368 et
1126 4311 1382 4380 superius
1418 4311 1560 4367 coelo
1602 4310 1698 4364 ha-

20 4398 37 4415 *
118 4406 354 4471 beatur,
407 4421 517 4461 non
565 4404 737 4460 oculis
778 4403 873 4458 sed
925 4413 1128 4469 mente,
1172 4411 1229 4457 et
1269 4415 1374 4456 non
1423 4410 1698 4469 pateretur

124 4500 390 4559 &onum
445 4498 499 4553 in
542 4509 702 4552 coeno
747 4493 1002 4551 volutari.
1038 4493 1146 4550 Sed
1197 4492 1325 4563 qnid
1383 4493 1643 4547 iaciemus
1673 4491 1698 4544 i
1728 4476 1774 4533 1)

62 4578 79 4589 a

30 4634 97 4671 -ἰ

124 4594 277 4653 betta
305 4591 553 4661 superins
577 4588 717 4644 coelo
741 4598 825 4643 est
867 4596 922 4642 et
969 4582 1190 4655 ubique.
1225 4583 1472 4641 Mortalia
1519 4594 1698 4638 autem

82 4676 277 4747 “‚eim
309 4683 455 4738 latus
483 4679 738 4746 illiciunt,
769 4689 826 4734 et
852 4691 1026 4748 neque
1057 4680 1322 4740 diceutes,
1376 4688 1550 4744 neque
1601 4688 1698 4726 au·

54 4712 352 4897 'pantes
394 4771 699 4830 excitamur
740 4786 771 4826 a
815 4783 1006 4826 somno
1047 4785 1065 4835 3
1116 4768 1214 4823 sed
1255 4766 1394 4821 sicut
1443 4780 1564 4822 cera
1609 4773 1705 4818 aut

19 4838 416 4941 *plumbum
445 4864 680 4921 inlusum
708 4864 930 4918 auribus
967 4861 1167 4917 nostris
1190 4857 1408 4914 obturat
1433 4858 1704 4913 sermonis

20 4931 468 5039 Tingi-essum,
489 4965 546 5012 et
572 4955 874 5012 clamamus
910 4953 1031 5008 sine
1063 4965 1225 5008 causa
1254 4967 1270 5004 t
1303 4949 1524 5005 trahunt
1555 4949 1699 5002 enirn

20 5054 23 5060 '
78 5064 255 5127 quo
285 5053 573 5106 attrahunt
599 5063 704 5104 non
735 5061 858 5102 cunt
889 5046 961 5110 vi,
994 5044 1260 5113 siquidem
1316 5055 1415 5096 nec
1469 5042 1644 5110 pisces
1670 5055 1700 5092 a

20 5132 39 5151 ²
66 5136 353 5221 laqueis
393 5155 517 5197 cum
551 5140 601 5195 vi
635 5139 931 5194 trahuntur
978 5135 1217 5207 quandiu
1264 5143 1319 5187 et
1362 5133 1652 5201 capiuntur
1682 5148 1698 5185 t

20 5226 311 5309 ’Μαι
337 5231 585 5289 diabolus
616 5237 722 5287 vim
753 5233 883 5285 lacit
911 5226 1242 5292 horninibus,
1279 5223 1372 5279 sed
1429 5224 1696 5277 hortatur.

28 5312 251 5387 Ro·
273 5326 424 5384 enirn
448 5325 710 5393 scriptum
742 5332 847 5386 est,
895 5324 1019 5388 quia
1052 5318 1260 5385 accepit
1296 5313 1538 5370 diabolus
1578 5327 1698 5367 nta-

194 5442 253 5481 ⁸⁸
280 5440 384 5503 h.
407 5460 499 5510 ιι,
523 5444 612 5498 26.
688 5441 733 5474 ⁸⁸
759 5443 861 5497 isa.
887 5456 942 5506 v,
975 5440 1029 5494 t.
1107 5437 1152 5469 ⁸⁸
1178 5433 1307 5490 ibid.

200 5534 469 5611 mus„
505 5536 627 5590 salit
648 5553 738 5591 cor
771 5546 998 5605 propter.

202 5606 322 5677 (94)
351 5605 558 5662 Tutela.
584 5605 763 5670 Forte,
794 5604 1015 5657 turbela.

206 5676 324 5752 (95)
351 5674 479 5739 tts„
506 5677 631 5740 quid
658 5692 814 5729 suave
839 5685 912 5728 est
937 5675 992 5727 in
1018 5669 1209 5724 invidis
1232 5668 1256 5720 .’

462 5771 730 5830 l'arnot..
780 5769 895 5828 Gn.
950 5763 1171 5828 ΧΧΙΥ.

1803 3216 1949 3270 enim
1983 3215 2074 3285 qui
2107 3215 2282 3271 victus
2311 3225 2413 3282 est,
2441 3216 2649 3273 ordinis
2672 3219 2845 3274 aciem
2895 3218 3141 3285 dimisit3
3185 3221 3252 3276 ab
3281 3221 3367 3276 his

1803 3318 1985 3362 autem
2014 3306 2106 3375 qui
2145 3315 2420 3376 superant,
2453 3305 2649 3363 debent
2691 3308 2913 3378 agnosci
2948 3312 3188 3380 agmines
3220 3311 3363 3367 mii.-

1805 3407 1967 3453 tares.
1995 3398 2128 3467 Quia
2162 3412 2336 3469 neque
2360 3414 2391 3455 a
2424 3399 2584 3456 caecis
2610 3399 2803 3457 oculus
2836 3400 3143 3473 judicatur,
3191 3419 3364 3476 neque

1802 3502 1834 3542 a
1864 3488 2045 3544 surdis
2077 3489 2249 3556 auris,
2277 3505 2454 3564 neque
2484 3491 2553 3547 ab
2576 3493 2968 3564 :egrotantibus
3013 3502 3229 3562 natura,
3265 3514 3363 3552 nec

1802 3580 1873 3636 ab
1898 3580 2255 3639 infructuosis
2296 3583 2583 3640 arboribus
2623 3583 2780 3656 culpa
2812 3595 3020 3642 naturae
3065 3587 3226 3644 debet
3270 3605 3359 3644 as-

1801 3671 1936 3727 cribi
1966 3689 1983 3728 t
2015 3674 2142 3743 quia
2177 3687 2279 3729 nec
2308 3675 2506 3729 mortui
2535 3674 2779 3733 homines
2803 3676 3052 3734 homines
3077 3687 3230 3743 sunt,
3264 3694 3361 3733 nec

1803 3762 1856 3818 in
1894 3763 2030 3820 vivis
2059 3765 2344 3836 irreligiosi
2372 3776 2429 3822 et
2455 3767 2624 3837 impii,
2652 3783 2829 3840 neque
2864 3780 3146 3842 assumpta
3212 3769 3360 3827 dele·

1802 3855 1968 3912 ctatio
2011 3855 2315 3915 libidinosis
2359 3868 2662 3930 reputatur.
2712 3857 2838 3917 Haec
2876 3861 3020 3916 enim
3071 3871 3158 3919 est
3197 3877 3358 3919 noxa.

1800 3946 1869 4003 Et
1898 3948 2101 4004 utinam
2123 3950 2401 4020 expediret
2427 3951 2626 4022 aliquid
2650 3965 2849 4018 sermo,
2884 3962 3016 4008 utet
3049 3953 3243 4010 iterum
3264 3955 3362 4011 lle·

1800 4049 1903 4096 ret.
1957 4038 2097 4108 Quia
2146 4041 2291 4097 enim
2346 4056 2731 4113 nonnunquam
2777 4052 3038 4114 putantur
3088 4059 3364 4102 sermones

1801 4132 2105 4188 contrarios
2159 4132 2229 4188 ob
2287 4134 2678 4203 spectationem
2725 4133 2840 4207 (97)
2890 4135 3096 4192 fructus
3142 4136 3363 4201 afferre.

1802 4223 1942 4278 sicut
1988 4223 2131 4280 Deus
2171 4223 2337 4280 lsrael
2362 4223 2583 4295 culpans
2620 4223 2790 4281 dicit:
2824 4224 3066 4283 Sustinui
3087 4235 3145 4281 ut
3171 4227 3363 4298 faceret

1800 4329 1977 4381 nvom,
2033 4314 2155 4383 [ecit
2200 4323 2377 4370 cutem
2409 4316 2588 4386 spinas
2628 4315 2715 4382 ⁸’;
2755 4319 3063 4373 exhortatio
3118 4321 3361 4389 quaedarn

1800 4405 2037 4462 efficitur
2076 4406 2143 4460 ad
2200 4406 2524 4473 docendum,
2574 4420 2639 4463 eo
2687 4409 2833 4478 quod
2887 4424 2992 4464 non
3036 4409 3363 4466 fructificant

1803 4498 1988 4553 verba.
2021 4495 2300 4567 Siquidem
2319 4507 2375 4553 et
2401 4497 2509 4553 illic
2534 4499 2663 4554 dicit
2691 4500 2833 4554 Deus
2858 4515 2875 4555 t
2902 4499 3094 4554 Omnia
3119 4517 3363 4571 quoecttrr-

1802 4603 1903 4658 que
1930 4588 2082 4642 debui
2104 4587 2274 4656 facere
2301 4589 2403 4658 [eci
2436 4589 2599 4643 sincoe
2630 4604 2759 4643 meoe
2788 4587 2855 4644 ⁸⁸.
2890 4588 3023 4656 Quia
3062 4590 3207 4644 enim
3234 4607 3365 4645 con-

1805 4680 2001 4735 trarios
2027 4680 2416 4749 exspectationi
2446 4681 2623 4736 attulit
2650 4681 2879 4746 fructus,
2908 4682 3006 4746 ait,
3052 4681 3361 4737 Subducatn

1803 4770 2029 4826 imbrem
2060 4771 2127 4825 ab
2142 4784 2207 4827 ea
2232 4788 2249 4826 t
2280 4770 2464 4840 utquid
2494 4770 2637 4844 enim
2656 4770 2865 4841 pluvias
2893 4771 2943 4826 ei
2969 4771 3137 4826 vineae
3176 4772 3229 4826 in
3256 4787 3362 4842 qua

1806 4877 1914 4916 non
1944 4870 2243 4932 exsurgunt
2264 4860 2509 4917 fructus?
2539 4860 2607 4916 Et
2629 4860 2757 4926 alia,
2788 4862 2983 4933 inquit,
3011 4864 3192 4917 omnia
3222 4879 3363 4933 qute-

1805 4965 2018 5021 cunque
2047 4949 2147 5006 ieci
2178 4953 2245 5007 ad
2272 4949 2743 5007 fructificationem
2774 4951 2910 5019 cius,
2942 4954 3189 5024 quaedam
3236 4956 3358 5024 qui-

1806 5044 1927 5098 detn
1963 5040 2226 5108 auferam,
2256 5041 2500 5112 qnaedam
2532 5051 2713 5097 autent
2746 5051 3007 5106 evertam,
3041 5053 3099 5097 ut
3138 5059 3240 5097 non
3266 5059 3355 5097 cu·

1805 5129 2020 5186 stoditae
2064 5132 2231 5201 spinae
2272 5141 2328 5187 et
2370 5131 2539 5187 imbre
2570 5131 2757 5202 rigata
2805 5129 3089 5187 florescant
3126 5149 3141 5187 z
3173 5143 3266 5187 aut
3293 5145 3363 5187 ex

1806 5222 2043 5293 negotiis
2071 5234 2162 5277 aut
2188 5237 2257 5278 ex
2287 5221 2584 5291 Scripturis
2630 5222 3009 5278 condiscamus
3042 5222 3360 5293 religiosita-

1807 5324 1936 5369 tem.
1971 5313 2017 5368 A
2058 5315 2288 5385 negotiis
2318 5315 2534 5384 quidem
2560 5315 2836 5370 videamus
2857 5315 3102 5370 mortalia
3136 5325 3192 5370 ut
3222 5328 3366 5369 rnor-

1876 5518 1990 5588 (96)
2021 5516 2210 5571 Lento.
2277 5517 2437 5573 Forte
2462 5518 2667 5572 electio.

1878 5588 1992 5656 (ΣΠ)
2047 5587 2233 5641 Gra-ce
2280 5587 2443 5642 fuisse
2510 5591 2739 5653 v'tdetur,
2801 5584 2950 5657 παρὰ
3013 5585 3405 5656 :posim-zm„

1806 5667 1992 5730 proetet·
2015 5667 2470 5726 exspertnttortettt.

2969 5748 3051 5808 38
