3692 6134
221 315 371 374 {073

1324 313 1416 369 nt:
1449 312 2054 372 RESURRECTIONE.
2084 347 2152 361 —-
2188 317 2318 372 un.
2354 319 2396 374 l.

3319 313 3463 378 ton

222 438 330 492 tus.
355 440 412 486 et
437 443 468 483 a
497 427 693 500 plantis
715 435 768 483 et
789 429 857 483 ab
882 426 1187 492 arboribus,
1219 440 1248 481 a
1274 425 1560 498 lapidibus,
1588 440 1618 482 a
1645 427 1782 483 mari
1813 430 1863 489 Α
1889 438 1993 480 non
2016 425 2292 496 pertinet?
2327 427 2773 499 quemadmodum
2813 435 2993 486 autem
3027 427 3283 501 pertiaet,
3303 430 3352 488 si
3380 432 3456 490 si·

218 532 276 583 at
311 537 342 576 a
372 508 519 575 terra
550 538 565 576 :
601 518 833 588 undique
874 517 1018 572 enim
1061 517 1386 574 constitutus
1419 526 1506 572 est
1538 515 1701 572 veluti
1732 516 1786 570 in

215 627 335 669 ano
359 625 584 682 corpore
607 610 837 664 mundus
864 609 1185 676 coniunctus
1214 607 1338 665 sibi.
1370 608 1439 663 Et
1458 607 1789 679 unumquod-

223 717 328 776 que
360 704 572 772 quidem
601 710 738 770 quod
768 699 967 755 facttum
997 709 1102 766 est,
1138 700 1410 770 propriam
1442 699 1602 754 babet
1627 707 1787 753 natu-

216 809 339 853 ram
374 805 429 849 et
472 794 737 860 salutem;
770 791 997 859 plurima
1032 801 1210 845 autem
1249 805 1474 861 quaeque
1505 789 1559 844 in
1590 804 1649 844 se
1694 802 1790 843 ne·

214 887 457 944 cessaria
488 886 742 941 continet.
773 880 1011 953 Denique
1040 888 1120 938 sot
1151 884 1357 952 positus
1381 882 1596 953 quidem
1629 882 1786 938 estin

212 991 325 1034 ouo
349 975 486 1036 loro.
524 976 683 1030 babet
716 983 891 1028 autem
938 973 1209 1041 propriam
1255 972 1699 1038 magnitudinem,
1734 981 1790 1027 et

215 1067 464 1142 possidet
496 1077 773 1135 acceptum
803 1080 956 1120 sumn
1002 1063 1284 1135 fulgorem,
1317 1072 1372 1119 et
1420 1063 1687 1119 illuminat
1724 1078 1788 1118 ea

217 1173 347 1230 quae
392 1160 445 1214 in
480 1166 619 1212 terra
662 1157 944 1218 habentur,
974 1152 1112 1209 fovet
1145 1162 1200 1209 et
1229 1152 1494 1210 calefacit.
1543 1153 1609 1208 Et
1653 1169 1792 1210 nunc

218 1251 443 1320 quidem
469 1247 674 1320 longius
710 1248 1025 1312 abscedens,
1056 1246 1202 1303 cedit
1221 1245 1545 1302 confectioni
1576 1248 1790 1314 hiemis,

221 1346 285 1393 ut
312 1347 570 1392 statutum
601 1345 717 1401 est;
759 1349 900 1389 nuuc
951 1345 1130 1390 mitem
1175 1335 1364 1390 iterum
1402 1345 1705 1401 revocatus,
1739 1345 1794 1392 et

221 1428 295 1484 ad
313 1440 590 1481 mensuras
615 1426 898 1491 accedens,
925 1439 1031 1480 non
1059 1425 1234 1480 subito
1261 1434 1453 1493 nocet;
1497 1427 1795 1484 exussisset

223 1518 373 1572 enim
412 1517 614 1581 omnia,
664 1517 710 1570 si
741 1516 917 1571 subito
943 1514 1010 1569 ad
1046 1529 1108 1569 ea
1151 1515 1323 1585 spatia
1363 1531 1485 1587 quae
1519 1516 1795 1571 dimiserat

224 1607 583 1673 recurrisset;
619 1620 791 1676 neque
811 1607 1002 1660 iteruin
1024 1621 1128 1661 non
1152 1604 1460 1662 illuminaus
1484 1606 1792 1671 intermisit,

222 1709 290 1756 ut
329 1699 536 1756 fructus
567 1713 671 1753 non
704 1708 1094 1769 coquerentur3
1115 1711 1288 1768 neque
1311 1697 1564 1752 advenire
1600 1698 1666 1752 ad
1698 1696 1797 1752 iin-

1891 515 2093 570 militer
2120 518 2350 575 moritur
2365 519 2572 589 iustus,
2588 527 2643 574 et
2662 517 2891 590 impius?
2915 519 2968 576 ls
2991 519 3135 581 enim
3161 522 3254 592 qui
3280 521 3456 579 aliena

1890 606 2053 677 rapit,
2077 606 2274 665 fruitus
2296 620 2381 665 est
2413 610 2782 682 quae-diripuit
2813 609 2925 683 (¹5)
2956 626 2972 666 ε
2998 611 3090 682 qui
3130 621 3309 670 autem
3359 629 3457 671 sua

1891 696 2095 761 amisit,
2127 697 2259 754 abiit
2277 713 2498 771 gemens
2527 715 2632 757 non
2658 701 2861 758 babens
2896 717 3048 772 spem
3065 703 3092 759 ἲ
3118 704 3223 761 Sed
3247 721 3354 763 non
3374 717 3457 764 est

1891 787 2155 860 iniquitas
2180 794 2321 861 apud
2351 793 2537 849 Deum.
2569 792 2626 849 Si
2659 792 2804 851 enlm
2825 809 2930 850 non
2963 806 3047 851 est
3070 812 3195 868 spes
3214 812 3458 855 resurre-

1891 879 2104 945 ctionis,
2142 888 2197 937 et
2227 880 2475 937 solatium
2502 883 2607 939 illis
2634 884 2722 953 qui
2750 884 2872 941 istic
2905 896 3190 950 nocentur,
3221 895 3279 957 et
3316 903 3446 944 men

1890 985 1984 1027 ces
2013 971 2099 1027 bis
2129 973 2220 1042 qui
2244 987 2339 1028 sua
2376 973 2501 1030 istic
2525 983 2805 1046 spargunt,
2856 990 3048 1048 magns
3091 978 3351 1049 iniquitas
3377 985 3458 1037 est

1893 1063 2032 1132 apud
2051 1062 2277 1134 iustum.
2322 1062 2380 1120 Si
2406 1065 2548 1121 enirn
2575 1080 2724 1137 aequa
2750 1069 3050 1124 redduntur
3081 1070 3352 1138 omnibus,
3373 1071 3456 1143 ie·

1885 1151 2095 1222 junanti
2129 1163 2184 1211 et
2213 1156 2447 1221 ebrioso,
2494 1156 2778 1215 libidinoso
2816 1169 2871 1216 et
2891 1162 3108 1232 pudico,
3144 1163 3378 1234 rapienti
3403 1175 3456 1219 et

1893 1243 2136 1311 donanti,
2178 1247 2443 1303 occidenti
2489 1257 2546 1305 et
2597 1250 2647 1306 ei
2688 1251 2778 1320 qui
2824 1252 3111 1316 occiditur,
3165 1263 3221 1309 et
3270 1254 3319 1309 ei
3362 1254 3458 1325 qui

1894 1333 2209 1402 martyrium
2238 1335 2379 1390 tollit
2399 1335 2536 1407 (to),
2568 1337 2659 1394 ubl
2686 1340 2858 1396 virtus
2889 1349 2972 1397 est
2995 1343 3382 1414 providentias?
3404 1344 3458 1401 lo

1894 1424 2179 1494 praecipuis
2204 1426 2347 1480 enim
2386 1427 2435 1482 si
2464 1427 2717 1496 desuerit,
2745 1445 2852 1487 tuoe
2885 1434 2992 1489 erit
3017 1434 3163 1490 utilis
3195 1449 3370 1505 neque
3403 1436 3458 1492 in

1897 1515 2157 1571 minimis.
2189 1514 2294 1572 Sed
2327 1531 2435 1573 tton
2474 1518 2549 1574 sit
2592 1521 2956 1592 sacrilegium·
2978 1523 3141 1579 istud»
3174 1525 3458 1582 admittere

1892 1620 2263 1678 quemquam:
2298 1606 2413 1664 sive
2449 1609 2594 1665 enim
2635 1611 2863 1683 gentiles
2905 1622 3030 1668 sunt
3072 1612 3166 1684 qai
3202 1614 3478 1671 adversus·

1896 1698 2354 1754 resurrectionem
2392 1710 2592 1768 augent
2621 1704 2778 1758 nobis
2818 1702 3118 1768 rationem,
3148 1702 3462 1773 qui-volunt

224 1796 413 1859 petum
443 1787 620 1841 subito
650 1786 853 1841 currit:
888 1793 1228 1841 at-meusurae
1250 1794 1306 1841 et
1328 1785 1598 1842 recedenti
1624 1798 1680 1840 et
1710 1799 1785 1840 re-
1825 1765 1871 1822 Β
1897 1788 2110 1843 ratione
2164 1803 2225 1844 se
2260 1802 2419 1859 agere
2457 1802 2677 1854 cuncta,
2724 1791 2817 1862 qui
2849 1801 2977 1849 sunt
3020 1792 3457 1851 irrationabiles-s

224 1878 469 1932 curt-enti
500 1886 624 1932 sunt
647 1876 802 1931 datae.
831 1875 945 1931 Non
977 1875 1374 1948 conjunguntur
1399 1876 1515 1933 dies
1545 1876 1791 1933 noctibus

224 1968 496 2027 habentes
532 1962 730 2030 solem:
776 1982 820 2022 si
848 1966 989 2021 enim
1017 1966 1131 2021 hacc
1172 1966 1244 2019 ita
1282 1974 1484 2031 esseut,
1532 1965 1798 2020 arsissent

224 2061 437 2120 omnia.
470 2060 575 2116 Sed
607 2058 687 2114 sol
717 2057 931 2128 quidem
966 2072 1063 2127 per
1088 2057 1226 2112 diem
1273 2054 1437 2124 nivet,
1469 2068 1561 2112 ros
1614 2064 1793 2110 autem

224 2163 553 2225 nocturnum
583 2149 890 2217 consolatur
911 2149 1178 2205 ardorem.
1206 2147 1274 2202 Et
1298 2161 1548 2203 mensura
1590 2160 1620 2202 a
1650 2156 1794 2202 terra

223 2245 311 2300 sol
346 2244 530 2306 distat,
550 2251 609 2297 ut
636 2255 807 2311 neque
827 2240 1190 2312 propinquans
1221 2246 1456 2303 noceret,
1489 2253 1661 2309 neque
1687 2237 1797 2292 lon·

223 2334 354 2404 gius
375 2333 585 2387 distans
608 2330 795 2401 frigori
819 2330 1054 2386 cederet.
1087 2328 1349 2385 Mensurae
1378 2328 1536 2400 igitur
1565 2330 1648 2384 liis
1678 2342 1799 2399 quae

227 2427 286 2479 in
312 2425 452 2480 coetn
484 2425 698 2480 suntad
726 2438 787 2478 ea
812 2438 936 2493 quae
967 2422 1020 2476 in
1051 2432 1191 2477 terra
1228 2421 1530 2487 liabentur;
1563 2435 1664 2475 nec
1690 2434 1798 2475 non

220 2527 285 2573 et
309 2531 430 2587 quie
480 2517 534 2571 in
587 2515 720 2570 mari
765 2513 832 2569 ad
876 2522 1099 2579 terram,
1140 2521 1196 2568 et
1227 2512 1334 2568 diei
1364 2511 1431 2567 ad
1458 2521 1708 2576 noctem,
1746 2520 1802 2566 et

226 2609 395 2665 hiemi
433 2609 498 2663 ad
541 2618 805 2663 aestatem.
864 2607 929 2661 Et
981 2621 1085 2661 non
1127 2613 1273 2660 tauta
1315 2603 1496 2674 eloqui
1555 2612 1799 2676 possunt,

224 2708 429 2770 quanta
476 2701 722 2754 universa
769 2709 958 2754 natura
998 2698 1314 2768 proclamat.
1373 2695 1503 2753 Coeti
1553 2707 1803 2754 ennarrans

222 2793 454 2864 gloriam
495 2790 614 2858 Dei,
661 2808 818 2859 opera
856 2803 1029 2847 autem
1062 2807 1312 2847 manuum
1356 2789 1471 2861 ejus
1521 2791 1799 2845 annuntiat

224 2886 622 2956 firmamemum
654 2886 721 2950 ⁸⁰,
749 2885 879 2939 dicit
901 2883 1188 2955 Propheta.
1224 2883 1278 2937 ln
1310 2881 1416 2936 alio
1448 2890 1629 2936 autem
1660 2881 1803 2951 psal·-

226 2990 328 3033 mo
357 2990 387 3029 a
413 2990 625 3031 sursum
668 2991 837 3042 usque
870 2977 1119 3030 deorsum
1157 2974 1334 3029 omnis
1361 2982 1611 3028 ereatura
1636 2962 1801 3027 'diuuss

232 3078 503 3124 moratur.
546 3066 616 3125 Et
644 3080 791 3125 ceste
834 3070 1033 3138 et‘ipse
1060 3066 1155 3139 qui
1188 3064 1351 3130 dicit,
1398 3061 1531 3120 coti
1550 3073 1803 3119 enarrant

1895 1880 2342 1947 quemadmodum
2386 1879 2497 1935 Deo
2523 1881 2732 1947 iustitia
2771 1882 3108 1940 salvabitur?
3155 1885 3278 1941 istic
3317 1886 3463 1943 euim

1896 1968 2141 2024 videmus
2169 1983 2549 2040 nonnunquam
2580 1987 2833 2041 perverse
2857 1975 3069 2044 negotia
3098 1977 3234 2047 geri,
3257 1984 3320 2033 ιιι
3345 1976 3483 2036 tttoe

1895 2060 2116 2132 quidem
2146 2060 2237 2132 qui
2261 2069 2483 2116 cautant
2503 2073 2750 2130 putemus
2775 2064 2912 2119 bene
2934 2063 3137 2121 babere
3156 2067 3210 2123 in
3229 2068 3431 2125 mundo
3443 2089 3477 2125 a·

1896 2151 2032 2208 alios
2058 2160 2261 2218 autem,
2287 2151 2377 2220 qui
2409 2149 2669 2220 diripiunt
2697 2161 2754 2207 et
2783 2151 3043 2218 ditantur,
3083 2153 3254 2213 laetarl
3289 2165 3345 2213 et
3372 2172 3472 2216 sa·

1897 2257 1998 2299 uos
2027 2256 2151 2298 esse
2167 2256 2414 2312 corpore,
2454 2242 2593 2298 forte
2620 2241 2790 2315 magis
2826 2243 3040 2316 iniquos
3063 2259 3227 2316 quam
3262 2247 3465 2315 justos,

1898 2343 1955 2390 et
2006 2348 2383 2405 nonnunquam
2430 2334 2622 2402 melius
2675 2350 2872 2407 corpus
2928 2335 3128 2397 babere
3147 2377 3165 2402 ,
3219 2348 3276 2394 et
3327 2339 3467 2396 lilios

1900 2425 2265 2498 quamplures,
2291 2435 2347 2482 et
2365 2425 2466 2482 lios
2491 2422 3166 2517 incolumes‚5thtulieres
3190 2442 3313 2485 eum
3336 2431 3468 2486 viris

1900 2517 2075 2574 laetam
2112 2518 2308 2589 degere
2350 2516 2539 2581 vitam,
2567 2525 2621 2573 et
2646 2532 2765 2574 serv
2870 2532 2924 2574 m
2963 2519 3356 2576 multitudinem
3387 2521 3468 2577 eis

1901 2623 2046 2673 esse,
2079 2616 2135 2664 et
2164 2620 2325 2678 opum
2374 2615 2432 2663 et
2466 2608 2734 2680 possessio
2811 2624 2888 2676 m,
2939 2618 2997 2666 et
3045 2611 3259 2667 condita
3296 2610 3467 2668 muita

1900 2700 2203 2758 substantia
2234 2700 2404 2769 larga,
2443 2716 2604 2787 quam
2643 2708 2701 2759 es
2745 2703 3117 2759 transmittunt
3175 2704 3241 2759 ad
3285 2703 3462 2762 iiiios:

1895 2788 2025 2858 justi
2056 2799 2235 2843 autem
2264 2800 2508 2862 ‘mn-nt,
2527 2782 2722 2849 etcum
2747 2806 2981 2850 moerore
3014 2794 3212 2865 degunt
3237 2795 3291 2850 in
3316 2809 3469 2850 mun·

1904 2882 2088 2939 doses
2117 2880 2208 2939 ubi
2232 2891 2316 2938 est
2348 2881 2555 2954 justitia
2576 2897 2698 2956 quae
2727 2899 2758 2938 a
2785 2883 2895 2941 Deo
2929 2886 3054 2942 est?
3083 2886 3152 2942 Et
3176 2887 3224 2943 si
3251 2887 3467 2958 quidem

1901 2971 1969 3026 ad
2005 2968 2217 3028 ludaeos
2247 2972 2321 3027 sit
2344 2987 2523 3031 sermo
2543 3011 2562 3040 ,
2601 2974 2731 3046 quid
2757 2974 2957 3045 proruit
2981 2978 3230 3045 Abrabae,
3256 2986 3316 3035 ut
3343 2994 3470 3050 pro·

1905 3062 2217 3119 missionem
2237 3064 2456 3135 quidem
2476 3064 2768 3137 acciperet,
2797 3067 2864 3122 ad
2885 3068 3269 3138 promissiones
3289 3081 3468 3129 autem

232 3161 466 3232 glorian
502 3160 617 3222 Dei,
652 3177 755 3216 non
797 3159 1123 3229 loquentiam
1164 3156 1387 3213 audivit.
1420 3155 1511 3211 Ait
1530 3154 1673 3211 euim
1703 3172 1804 3210 ιιοιι
1829 3134 1875 3194 c
1906 3171 2013 3211 non
2041 3157 2346 3227 perveniret
2376 3173 2392 3212 ι
2425 3158 2626 3230 quique
2655 3167 2864 3229 patrem
2905 3158 3122 3230 quidem
3159 3160 3473 3216 amantisair

240 3262 360 3302 esse
386 3249 629 3315 loquelus,
676 3264 839 3317 neque
883 3263 1144 3303 sermones
1164 3246 1210 3278 ’¹
1242 3262 1258 3300 ι
1293 3244 1584 3301 tacentium
1628 3253 1807 3300 autem

240 3352 436 3395 eorum
457 3340 508 3392 in
536 3355 749 3394 omnem
774 3339 1027 3394 umndum
1052 3338 1247 3395 exiisse
1275 3352 1467 3395 mount
1492 3350 1679 3393 eorttrn
1709 3336 1806 3391 ait.

239 3427 387 3495 Quia
444 3427 601 3499 igitur
653 3444 746 3498 per
794 3437 944 3483 tanta
989 3442 1107 3497 quas
1137 3427 1369 3483 diximus
1427 3437 1482 3482 et
1519 3426 1807 3490 tacuimus,

240 3520 364 3588 ipsa
394 3534 568 3574 rerum
600 3524 808 3592 negotia
844 3521 1096 3585 clamant,
1124 3529 1178 3575 et
1206 3518 1593 3590 providentiam
1617 3517 1811 3590 praedi-

230 3620 376 3666 <aut
423 3610 552 3678 Dei;
587 3613 808 3665 rationis
857 3627 959 3666 nou
995 3621 1075 3665 est
1107 3611 1176 3665 ad
1200 3625 1295 3666 eos
1329 3609 1420 3679 qui
1466 3607 1813 3679 praescribere

240 3714 495 3759 naturam
525 3705 730 3770 volunt,
752 3713 805 3758 et
835 3703 1063 3758 visibilia
1093 3715 1198 3756 nou
1220 3703 1424 3765 videre,
1456 3699 1813 3770 nosmetipsos

240 3796 583 3868 protendere.
642 3796 749 3849 Sed
787 3795 856 3850 ab
890 3794 1098 3851 iliorum
1145 3793 1361 3865 quidem
1419 3790 1813 3861 irreligiositate

244 3888 481 3943 transire
506 3888 620 3957 jam
654 3898 863 3956 tempus
896 3902 993 3943 nos
1024 3887 1297 3951 admonet,
1322 3896 1612 3956 properare
1632 3889 1812 3937 autem

241 3981 317 4033 ad
343 3979 528 4044 aliam,
559 3993 626 4034 ne
665 3982 943 4034 videantur
986 3989 1042 4033 et
1076 3977 1435 4049 contaminari
1468 3974 1815 4045 inspicientes

238 4081 368 4132 eos,
411 4068 501 4137 qui
550 4083 652 4124 uon
688 4069 888 4123 vident.
934 4066 1163 4122 'ratitum
1196 4074 1375 4122 autem
1429 4064 1549 4119 addi
1582 4072 1811 4136 oportet,

243 4160 382 4230 quia
412 4159 653 4214 confessa
683 4157 1018 4229 providentia
1043 4169 1377 4226 consequens
1399 4162 1484 4210 est
1514 4154 1704 4209 adesse
1731 4167 1817 4208 re·

240 4250 668 4312 surrectionem,
704 4247 1153 4318 quemadmodum
1181 4260 1517 4318 consequeus
1546 4253 1604 4302 et
1631 4258 1818 4301 neces-

244 4343 402 4401 saria
442 4353 524 4399 est
566 4343 906 4399 resurrectio.
956 4342 1086 4398 Sine
1138 4357 1300 4398 causa
1356 4341 1621 4413 justitiam
1689 4339 1818 4397 colit

240 4436 468 4509 justus?
494 4436 611 4491 siue
638 4449 798 4490 causa
833 4435 1138 4505 pudicitiam
1172 4443 1319 4489 amat
1343 4433 1603 4503 pudicus!
1640 4441 1697 4488 et
1723 4432 1814 4503 qui

249 4526 506 4598 pnuvidet
524 4527 611 4580 bis
635 4540 751 4594 quae
770 4527 887 4581 sine
904 4525 1078 4579 anima
1109 4534 1255 4591 suut,
1276 4524 1560 4580 arboribus
1581 4534 1634 4578 et
1665 4523 1817 4591 pian-

253 4619 355 4681 tis,
387 4615 545 4682 Deus,
576 4618 847 4672 invenitur
883 4615 1225 4672 rationabiles
1259 4617 1468 4670 animas
1504 4611 1816 4684 negligens!

248 4720 316 4766 et
344 4710 437 4778 qui
467 4710 855 4778 providentiam
900 4723 1051 4763 suam
1081 4706 1318 4761 formicis
1347 4705 1604 4776 impertit,
1644 4712 1700 4758 et
1723 4717 1816 4758 os·

254 4803 547 4857 tenditeas
567 4816 684 4870 quae
713 4815 818 4855 nou
850 4801 1047 4855 liabent
1075 4797 1440 4853 rationabilem
1473 4811 1710 4860 sensum,
1740 4795 1818 4850 si·

256 4893 436 4946 bimet
455 4891 781 4954 consentire,
813 4899 868 4942 et
887 4887 1242 4943 imitationem
1264 4886 1565 4942 concordia
1584 4885 1783 4941 babere
1800 4899 1826 4951 ι

254 4984 306 5040 si
340 4990 520 5035 tainen
564 4991 618 5035 et
653 4990 898 5050 oporteat
931 4981 1034 5033 dici
1070 4979 1373 5034 consentire
1416 4978 1519 5034 sibi
1563 4992 1652 5042 ea,
1702 4992 1823 5047 quae

256 5088 372 5131 non
400 5075 598 5126 babent
626 5085 876 5135 sensum,
904 5071 1027 5140 quia
1057 5069 1218 5140 igitur
1238 5081 1296 5124 et
1321 5066 1563 5123 toi-inicis
1579 5067 1826 5138 providet

256 5167 428 5231 neus.
456 5174 511 5220 et
533 5165 680 5220 dedit
724 5164 802 5219 cis
847 5174 901 5219 et
939 5161 1272 5230 receptacula
1319 5171 1476 5218 terrae
1515 5170 1571 5216 et
1598 5175 1822 5216 concor-

156 5246 165 5255 ’
256 5261 434 5320 diam,
465 5257 702 5311 omnium
742 5256 862 5311 lieet
905 5256 1011 5309 siut
1042 5263 1229 5308 natura
1268 5250 1610 5313 infirmiores.
1645 5261 1821 5307 tamen

255 5351 367 5413 eis,
394 5364 512 5418 quae
537 5349 798 5413 videmus,
825 5347 1038 5403 donavit
1066 5363 1084 5405 ι
1119 5349 1186 5402 de
1211 5346 1381 5401 bobus
1414 5354 1592 5398 autem
1629 5358 1823 5399 securt-

258 5441 391 5498 dum
423 5439 733 5511 Apostolum
766 5441 997 5511 pertinet
1025 5440 1091 5492 ad
1123 5439 1284 5492 neuin
1302 5437 1371 5503 ⁹⁸,
1395 5446 1451 5490 et
1485 5436 1550 5489 de
1591 5436 1745 5491 nobis
1772 5436 1824 5491 ei

333 5533 385 5570 ⁸·
418 5533 559 5589 Psal.
597 5548 750 5600 svnt,
786 5535 839 5589 l.
932 5533 976 5566 ’¹
1016 5534 1144 5589 ibid.
1167 5531 1223 5587 ὃ.
1264 5525 1494 5586 ’‘leur.
1527 5543 1604 5593 ts,
1631 5529 1685 5586 9.

335 5647 386 5718 (l
398 5646 455 5715 5)
484 5647 581 5703 Ms.
616 5645 868 5702 Fremitus
891 5657 962 5700 est
988 5662 1104 5715 quoe
1126 5643 1364 5711 diripuit.

336 5719 456 5790 (itt)
486 5717 581 5773 als.
612 5717 677 5772 12·ae
705 5720 752 5772 ei
774 5719 860 5785 qui
893 5717 1196 5783 martyrium
1230 5714 1371 5769 coiit.

1908 3263 2077 3315 mum,
2114 3257 2342 3304 matrem
2368 3249 2584 3319 quidem
2614 3249 2887 3315 dilectam,
2916 3224 3142 3320 patriam
3179 3249 3234 3304 in
3253 3265 3361 3320 qua
3388 3261 3474 3307 est

1906 3340 2167 3397 educatus
2198 3339 2418 3412 reliquit
2441 3350 2662 3412 propter
2684 3351 3013 3413 preceptum
3030 3341 3057 3395 l
3100 3339 3267 3397 Scitis
3292 3350 3492 3397 autem.

1906 3444 1964 3489 et
1993 3447 2089 3490 vos
2122 3441 2321 3502 quanta
2353 3433 2623 3503 pernicies
2667 3432 2739 3488 sit
2775 3431 3173 3488 consuetudinis
3209 3432 3477 3488 sustinere

1910 3536 2205 3579 recessum.
2231 3521 2541 3578 Adveniens
2565 3531 2742 3578 autem
2778 3524 2847 3577 ad
2874 3532 3072 3579 terram
3104 3523 3479 3593 repromissio-

1910 3612 2020 3677 nis,
2049 3611 2374 3667 circumibat
2400 3620 2458 3665 ut
2480 3610 2796 3682 peregrinus
2823 3621 2878 3669 et
2911 3613 3135 3679 advena,
3161 3614 3477 3670 desiderans

1911 3702 2099 3758 satiari
2140 3717 2304 3774 aqua,
2340 3702 2496 3772 cuius
2535 3703 2649 3775 ipse
2677 3703 2816 3770 sons,
2850 3713 3041 3774 puteus
3075 3711 3193 3761 erat
3217 3705 3478 3762 adiuven-

1913 3802 2017 3861 tor,
2057 3794 2148 3865 qui
2179 3793 2229 3848 ei
2258 3793 2468 3850 fructus
2505 3808 2571 3849 ex
2616 3794 2972 3863 promissione
3013 3794 3297 3865 provenit?
3339 3792 3479 3849 Tor-

1914 3895 2150 3942 mentum
2189 3885 2332 3941 euim
2364 3885 2415 3941 ei
2440 3896 2557 3942 erat
2580 3887 2747 3957 ipsius
2774 3887 3147 3957 promissionis
3180 3887 3473 3944 adventus:

1912 3979 2097 4034 videre
2124 3979 2266 4034 enim
2305 3978 2736 4049 promissionem,
2764 3994 2870 4034 non
2894 3980 3128 4048 permitti
3171 3989 3346 4035 autem
3386 3994 3481 4034 ea·

1915 4069 2035 4123 dein
2063 4067 2191 4134 frui,
2215 4068 2387 4140 magis
2418 4069 2483 4121 ad
2506 4067 2890 4138 blasphemiam
2918 4068 3241 4135 adducebat,
3258 4071 3350 4125 sed
3372 4083 3476 4125 non

1915 4159 2208 4215 Abraham.
2243 4158 2515 4213 Abrabam
2552 4158 2696 4214 euim
2723 4160 2928 4216 addens
2967 4169 3023 4216 et
3056 4175 3162 4215 non
3196 4160 3479 4231 perfruens

1916 4258 1976 4302 ut
2002 4262 2184 4302 mensa
2214 4246 2479 4318 apposita,
2505 4255 2560 4301 et
2585 4247 2887 4317 prohibitus
2911 4246 3199 4319 degustare
3224 4247 3385 4302 etiam
3409 4261 3504 4305 ex.

1920 4338 2005 4393 liis
2028 4353 2145 4408 quae
2164 4347 2641 4407 exsuperaverant,
2664 4338 2737 4394 ita
2759 4338 3012 4394 dimissus
3035 4338 3238 4408 gratias
3264 4339 3478 4408 agebat.
3501 4387 3511 4395 .

1845 4470 1894 4531 D
1918 4429 2055 4498 Quid
2081 4443 2213 4500 ergo
2239 4427 2439 4499 profuit
2469 4429 2587 4485 itti!
2610 4429 2716 4486 Sed
2741 4430 2865 4500 quia
2919 4430 3088 4485 lilium
3114 4428 3336 4493 babuit;
3363 4437 3484 4495 post

1918 4528 2114 4592 quauta
2174 4530 2460 4590 tormenta,
2512 4530 2632 4592 post
2685 4530 2915 4591 quantas
2964 4519 3270 4577 orationes?
3325 4518 3516 4574 Servi-

1920 4612 2189 4667 Abrabam
2216 4612 2507 4681 habebant,
2528 4623 2586 4670 et
2612 4613 2883 4670 Abrabam
2910 4612 3222 4670 desiderans
3255 4627 3360 4667 nou
3384 4611 3480 4666 ba·

1921 4705 2083 4761 bebat
2112 4722 2127 4759 :
2156 4706 2249 4761 sed
2276 4705 2557 4779 conjugem
2602 4706 2854 4773 babebat,
2886 4715 2943 4761 et
2984 4704 3143 4760 ἰιιιιιι
3180 4705 3480 4768 honestam,

1926 4812 2150 4869 quaeque
2179 4799 2248 4855 ab
2271 4813 2337 4855 eo
2359 4799 2531 4855 ablata
2564 4807 2665 4864 est,
2698 4806 2751 4851 et
2778 4796 2934 4852 vaide
2957 4809 3166 4858 amare,
3187 4808 3292 4849 non
3319 4794 3486 4848 inter·

1928 4887 2138 4954 ticieus,
2171 4897 2227 4943 et
2249 4898 2465 4944 mutans
2491 4888 2664 4944 locum
2700 4882 2813 4958 (Π)
2846 4895 2903 4940 et
2942 4885 3137 4950 locutu,
3172 4897 3485 4955 persevera-

1928 4979 2026 5033 vit.
2053 4979 2241 5035 Dicant
2285 4993 2417 5051 ergo
2442 4976 2611 5034 ludaei
2644 4992 2764 5047 qua
2797 4976 3142 5048 provenerint
3163 4974 3391 5030 Abrabae
3419 4987 3482 5027 ex

1930 5072 2288 5141 pruinissione
2337 5072 2389 5125 iu
2434 5070 2683 5140 praesenti
2730 5069 2831 5124 bac
2876 5069 3009 5133 vita,
3057 5077 3117 5122 ut
3149 5066 3487 5121 abscidamus

1927 5176 2115 5219 eorum
2180 5177 2326 5234 spetn
2398 5162 2829 5219 resurrectionis.
2882 5161 2990 5216 Sed
3045 5157 3232 5215 babuit
3294 5156 3484 5212 tilium.

1927 5252 2196 5320 Quando?
2220 5256 2373 5312 Circa
2399 5256 2749 5311 centesimum
2794 5268 2991 5309 aunum
3042 5253 3197 5307 datus
3221 5259 3302 5304 est
3337 5249 3386 5303 ei
3425 5249 3490 5302 fl-

1932 5345 2056 5411 lius,
2092 5354 2476 5402 tormentorum
2500 5349 2674 5418 potius
2698 5345 2815 5414 eius
2833 5353 2890 5400 et
2904 5357 3144 5414 precum.
3174 5339 3309 5409 Quia
3336 5339 3486 5395 enim

1931 5437 2120 5492 babuit
2163 5447 2220 5494 et
2262 5437 2460 5494 bonum
2497 5438 2684 5505 illium,
2727 5446 2784 5493 et
2822 5436 3030 5492 laetatus
3082 5432 3135 5488 iu
3186 5431 3329 5488 dono
3379 5439 3510 5501 est„

2010 5638 2124 5714 (Π)
2151 5639 2364 5697 Locum
2394 5639 2568 5697 Τόπον
2589 5643 2654 5695 ἐκ
2681 5638 2842 5695 τόπου
2864 5635 3126 5710 disemum.
