<?xml version="1.0" encoding="UTF-8"?>
<!DOCTYPE html PUBLIC "-//W3C//DTD XHTML 1.0 Transitional//EN"
    "http://www.w3.org/TR/xhtml1/DTD/xhtml1-transitional.dtd">
<html xmlns="http://www.w3.org/1999/xhtml" xml:lang="en" lang="en">
 <head>
  <title>
</title>
<meta http-equiv="Content-Type" content="text/html;charset=utf-8" />
  <meta name='ocr-system' content='tesseract 3.04.00' />
  <meta name='ocr-capabilities' content='ocr_page ocr_carea ocr_par ocr_line ocrx_word'/>
</head>
<body>
  <div class='ocr_page' id='page_1' title='image "./patrologicursus112migngoog_0639.png"; bbox 0 0 3692 6134; ppageno 0'>
   <div class='ocr_carea' id='block_1_1' title="bbox 945 352 2229 414">
    <p class='ocr_par' dir='ltr' id='par_1_1' title="bbox 945 352 2229 414">
     <span class='ocr_line' id='line_1_1' title="bbox 945 352 2229 414; baseline 0.001 -3"><span class='ocrx_word' id='word_1_1' title='bbox 945 353 1034 411; x_wconf 68' lang='lat' dir='ltr'>nt:</span> <span class='ocrx_word' id='word_1_2' title='bbox 1065 352 1528 413; x_wconf 70' lang='lat' dir='ltr'>inconponAu</span> <span class='ocrx_word' id='word_1_3' title='bbox 1566 352 1655 409; x_wconf 72' lang='grc' dir='ltr'>ΕΤ</span> <span class='ocrx_word' id='word_1_4' title='bbox 1689 353 2034 411; x_wconf 63' lang='lat' dir='ltr'>nivisium</span> <span class='ocrx_word' id='word_1_5' title='bbox 2074 353 2229 414; x_wconf 75' lang='lat' dir='ltr'>nm.</span> 
     </span>
    </p>
   </div>
   <div class='ocr_carea' id='block_1_2' title="bbox 3107 358 3248 415">
    <p class='ocr_par' dir='ltr' id='par_1_2' title="bbox 3107 358 3248 415">
     <span class='ocr_line' id='line_1_2' title="bbox 3107 358 3248 415; baseline 0 0"><span class='ocrx_word' id='word_1_6' title='bbox 3107 358 3248 415; x_wconf 75' lang='lat'>¹¹26</span> 
     </span>
    </p>
   </div>
   <div class='ocr_carea' id='block_1_3' title="bbox 319 473 3245 546">
    <p class='ocr_par' dir='ltr' id='par_1_3' title="bbox 319 473 3245 546">
     <span class='ocr_line' id='line_1_3' title="bbox 319 473 3245 546; baseline 0 -13"><span class='ocrx_word' id='word_1_7' title='bbox 319 492 344 533; x_wconf 89' lang='lat' dir='ltr'>s</span> <span class='ocrx_word' id='word_1_8' title='bbox 400 477 470 534; x_wconf 87' lang='lat' dir='ltr'>de</span> <span class='ocrx_word' id='word_1_9' title='bbox 497 474 753 533; x_wconf 81' lang='lat' dir='ltr'>invisibili</span> <span class='ocrx_word' id='word_1_10' title='bbox 805 475 937 532; x_wconf 86' lang='lat' dir='ltr'>Deo.</span> <span class='ocrx_word' id='word_1_11' title='bbox 962 476 1095 531; x_wconf 91' lang='lat' dir='ltr'>Cum</span> <span class='ocrx_word' id='word_1_12' title='bbox 1123 485 1301 531; x_wconf 91' lang='lat' dir='ltr'>autem</span> <span class='ocrx_word' id='word_1_13' title='bbox 1331 473 1454 546; x_wconf 84' lang='lat' dir='ltr'>quis</span> <span class='ocrx_word' id='word_1_14' title='bbox 1480 481 1573 528; x_wconf 85' lang='lat' dir='ltr'>aut</span> <span class='ocrx_word' id='word_1_15' title='bbox 1602 478 1648 536; x_wconf 77' lang='grc' dir='ltr'><strong>Α</strong></span> <span class='ocrx_word' id='word_1_16' title='bbox 1675 474 1943 530; x_wconf 77' lang='lat' dir='ltr'>intertecta</span> <span class='ocrx_word' id='word_1_17' title='bbox 1974 476 2370 544; x_wconf 74' lang='lat' dir='ltr'>conspiciuntur</span> <span class='ocrx_word' id='word_1_18' title='bbox 2384 474 2450 530; x_wconf 75' lang='lat'>⁸⁸.</span> <span class='ocrx_word' id='word_1_19' title='bbox 2497 473 2636 543; x_wconf 85' lang='lat' dir='ltr'>Quid</span> <span class='ocrx_word' id='word_1_20' title='bbox 2673 484 2781 541; x_wconf 82' lang='lat' dir='ltr'>est,</span> <span class='ocrx_word' id='word_1_21' title='bbox 2811 475 3083 533; x_wconf 85' lang='lat' dir='ltr'>intellecta</span> <span class='ocrx_word' id='word_1_22' title='bbox 3109 492 3245 534; x_wconf 90' lang='lat' dir='ltr'>con·</span> 
     </span>
    </p>
   </div>
   <div class='ocr_carea' id='block_1_4' title="bbox 319 568 1569 640">
    <p class='ocr_par' dir='ltr' id='par_1_4' title="bbox 319 568 1569 640">
     <span class='ocr_line' id='line_1_4' title="bbox 319 568 1569 640; baseline -0.006 -11"><span class='ocrx_word' id='word_1_23' title='bbox 319 615 323 629; x_wconf 88' lang='lat'>.</span> <span class='ocrx_word' id='word_1_24' title='bbox 352 581 448 627; x_wconf 93' lang='lat' dir='ltr'>aut</span> <span class='ocrx_word' id='word_1_25' title='bbox 502 570 689 626; x_wconf 86' lang='lat' dir='ltr'>audire</span> <span class='ocrx_word' id='word_1_26' title='bbox 744 568 999 635; x_wconf 89' lang='lat' dir='ltr'>noluerit,</span> <span class='ocrx_word' id='word_1_27' title='bbox 1027 578 1120 624; x_wconf 86' lang='lat' dir='ltr'>aut</span> <span class='ocrx_word' id='word_1_28' title='bbox 1141 568 1441 640; x_wconf 83' lang='lat' dir='ltr'>intelligere</span> <span class='ocrx_word' id='word_1_29' title='bbox 1465 569 1569 623; x_wconf 88' lang='lat' dir='ltr'>mi-</span> 
     </span>
    </p>
   </div>
   <div class='ocr_carea' id='block_1_5' title="bbox 319 660 1562 733">
    <p class='ocr_par' dir='ltr' id='par_1_5' title="bbox 319 660 1562 733">
     <span class='ocr_line' id='line_1_5' title="bbox 319 660 1562 733; baseline -0.003 -14"><span class='ocrx_word' id='word_1_30' title='bbox 319 664 399 728; x_wconf 81' lang='lat' dir='ltr'>rit,</span> <span class='ocrx_word' id='word_1_31' title='bbox 428 662 557 733; x_wconf 85' lang='lat' dir='ltr'>quid</span> <span class='ocrx_word' id='word_1_32' title='bbox 601 671 758 733; x_wconf 87' lang='lat' dir='ltr'>putas</span> <span class='ocrx_word' id='word_1_33' title='bbox 783 661 929 717; x_wconf 77' lang='lat' dir='ltr'>erit?</span> <span class='ocrx_word' id='word_1_34' title='bbox 978 660 1096 717; x_wconf 83' lang='lat' dir='ltr'>Noli</span> <span class='ocrx_word' id='word_1_35' title='bbox 1130 670 1317 717; x_wconf 87' lang='lat' dir='ltr'>errare</span> <span class='ocrx_word' id='word_1_36' title='bbox 1353 676 1384 715; x_wconf 91' lang='lat' dir='ltr'>a</span> <span class='ocrx_word' id='word_1_37' title='bbox 1433 661 1562 716; x_wconf 89' lang='lat' dir='ltr'>Deo.</span> 
     </span>
    </p>
   </div>
   <div class='ocr_carea' id='block_1_6' title="bbox 1667 565 3249 729">
    <p class='ocr_par' dir='ltr' id='par_1_6' title="bbox 1667 565 3249 729">
     <span class='ocr_line' id='line_1_6' title="bbox 1667 565 3249 658; baseline 0.002 -37"><span class='ocrx_word' id='word_1_38' title='bbox 1667 565 2011 658; x_wconf 71' lang='lat' dir='ltr'>spiciuntur?</span> <span class='ocrx_word' id='word_1_39' title='bbox 2042 566 2206 632; x_wconf 84' lang='lat' dir='ltr'>Deus,</span> <span class='ocrx_word' id='word_1_40' title='bbox 2255 566 2455 636; x_wconf 86' lang='lat' dir='ltr'>inquit,</span> <span class='ocrx_word' id='word_1_41' title='bbox 2512 565 2782 623; x_wconf 86' lang='lat' dir='ltr'>intellecta</span> <span class='ocrx_word' id='word_1_42' title='bbox 2820 568 3074 625; x_wconf 87' lang='lat' dir='ltr'>visibilis.</span> <span class='ocrx_word' id='word_1_43' title='bbox 3103 567 3249 634; x_wconf 70' lang='lat' dir='ltr'>Visi-</span> 
     </span>
     <span class='ocr_line' id='line_1_7' title="bbox 1667 656 3245 729; baseline 0.003 -17"><span class='ocrx_word' id='word_1_44' title='bbox 1667 656 1792 713; x_wconf 86' lang='lat' dir='ltr'>bilis</span> <span class='ocrx_word' id='word_1_45' title='bbox 1848 666 2027 713; x_wconf 88' lang='lat' dir='ltr'>autem</span> <span class='ocrx_word' id='word_1_46' title='bbox 2074 657 2273 714; x_wconf 86' lang='lat' dir='ltr'>dicitur</span> <span class='ocrx_word' id='word_1_47' title='bbox 2313 657 2387 713; x_wconf 90' lang='lat' dir='ltr'>ita</span> <span class='ocrx_word' id='word_1_48' title='bbox 2428 656 2854 729; x_wconf 86' lang='lat' dir='ltr'>sicutscriptum</span> <span class='ocrx_word' id='word_1_49' title='bbox 2888 669 2993 729; x_wconf 86' lang='lat' dir='ltr'>est,</span> <span class='ocrx_word' id='word_1_50' title='bbox 3041 658 3110 716; x_wconf 87' lang='lat' dir='ltr'>Et</span> <span class='ocrx_word' id='word_1_51' title='bbox 3136 662 3245 717; x_wconf 78' lang='lat' dir='ltr'>vidi</span> 
     </span>
    </p>
   </div>
   <div class='ocr_carea' id='block_1_7' title="bbox 319 747 3241 827">
    <p class='ocr_par' dir='ltr' id='par_1_7' title="bbox 319 747 3241 827">
     <span class='ocr_line' id='line_1_8' title="bbox 319 747 3241 827; baseline -0.001 -16"><span class='ocrx_word' id='word_1_52' title='bbox 319 756 502 827; x_wconf 77' lang='lat' dir='ltr'>ignitio</span> <span class='ocrx_word' id='word_1_53' title='bbox 527 765 611 810; x_wconf 91' lang='lat' dir='ltr'>est</span> <span class='ocrx_word' id='word_1_54' title='bbox 644 753 760 811; x_wconf 87' lang='lat' dir='ltr'>Dei.</span> <span class='ocrx_word' id='word_1_55' title='bbox 790 753 1098 811; x_wconf 84' lang='lat' dir='ltr'>Secundum</span> <span class='ocrx_word' id='word_1_56' title='bbox 1136 754 1281 823; x_wconf 86' lang='lat' dir='ltr'>quod</span> <span class='ocrx_word' id='word_1_57' title='bbox 1303 760 1388 809; x_wconf 87' lang='lat' dir='ltr'>est</span> <span class='ocrx_word' id='word_1_58' title='bbox 1410 753 1567 810; x_wconf 80' lang='lat' dir='ltr'>nobis</span> <span class='ocrx_word' id='word_1_59' title='bbox 1667 747 1929 804; x_wconf 76' lang='lat' dir='ltr'>visionem</span> <span class='ocrx_word' id='word_1_60' title='bbox 1960 748 2053 806; x_wconf 88' lang='lat' dir='ltr'>Dei</span> <span class='ocrx_word' id='word_1_61' title='bbox 2089 767 2104 805; x_wconf 74' lang='grc' dir='ltr'>ε</span> <span class='ocrx_word' id='word_1_62' title='bbox 2140 748 2438 815; x_wconf 87' lang='lat' dir='ltr'>intellecta,</span> <span class='ocrx_word' id='word_1_63' title='bbox 2466 758 2655 821; x_wconf 90' lang='lat' dir='ltr'>utpote</span> <span class='ocrx_word' id='word_1_64' title='bbox 2682 762 3010 823; x_wconf 85' lang='lat' dir='ltr'>suggerente</span> <span class='ocrx_word' id='word_1_65' title='bbox 3044 751 3241 819; x_wconf 85' lang='lat' dir='ltr'>oculis,</span> 
     </span>
    </p>
   </div>
   <div class='ocr_carea' id='block_1_8' title="bbox 318 843 1564 3118">
    <p class='ocr_par' dir='ltr' id='par_1_8' title="bbox 318 843 1564 3118">
     <span class='ocr_line' id='line_1_9' title="bbox 319 843 1563 903; baseline -0.002 -1"><span class='ocrx_word' id='word_1_66' title='bbox 319 846 540 903; x_wconf 73' lang='lat' dir='ltr'>scedere</span> <span class='ocrx_word' id='word_1_67' title='bbox 586 861 617 901; x_wconf 90' lang='lat' dir='ltr'>a</span> <span class='ocrx_word' id='word_1_68' title='bbox 672 843 1092 902; x_wconf 86' lang='lat' dir='ltr'>consuetudine.</span> <span class='ocrx_word' id='word_1_69' title='bbox 1135 843 1253 900; x_wconf 84' lang='lat' dir='ltr'>Non</span> <span class='ocrx_word' id='word_1_70' title='bbox 1287 843 1563 901; x_wconf 82' lang='lat' dir='ltr'>bominem</span> 
     </span>
     <span class='ocr_line' id='line_1_10' title="bbox 324 936 1564 1010; baseline -0.002 -16"><span class='ocrx_word' id='word_1_71' title='bbox 324 940 538 1010; x_wconf 87' lang='lat' dir='ltr'>aperias</span> <span class='ocrx_word' id='word_1_72' title='bbox 583 937 634 994; x_wconf 88' lang='lat' dir='ltr'>ei</span> <span class='ocrx_word' id='word_1_73' title='bbox 684 936 868 993; x_wconf 86' lang='lat' dir='ltr'>oculos</span> <span class='ocrx_word' id='word_1_74' title='bbox 892 936 1007 1009; x_wconf 85' lang='grc'><strong>(15)</strong></span> <span class='ocrx_word' id='word_1_75' title='bbox 1029 944 1085 992; x_wconf 90' lang='grc' dir='ltr'>ει</span> <span class='ocrx_word' id='word_1_76' title='bbox 1124 951 1305 1000; x_wconf 88' lang='lat' dir='ltr'>aures,</span> <span class='ocrx_word' id='word_1_77' title='bbox 1336 947 1393 992; x_wconf 92' lang='lat' dir='ltr'>et</span> <span class='ocrx_word' id='word_1_78' title='bbox 1423 951 1485 992; x_wconf 89' lang='lat' dir='ltr'>os</span> <span class='ocrx_word' id='word_1_79' title='bbox 1508 943 1564 992; x_wconf 91' lang='lat' dir='ltr'>et</span> 
     </span>
     <span class='ocr_line' id='line_1_11' title="bbox 319 1028 1562 1100; baseline -0.002 -15"><span class='ocrx_word' id='word_1_80' title='bbox 319 1043 354 1086; x_wconf 72' lang='lat' dir='ltr'>et</span> <span class='ocrx_word' id='word_1_81' title='bbox 386 1045 603 1095; x_wconf 86' lang='lat' dir='ltr'>manus,</span> <span class='ocrx_word' id='word_1_82' title='bbox 639 1037 692 1085; x_wconf 90' lang='lat' dir='ltr'>et</span> <span class='ocrx_word' id='word_1_83' title='bbox 718 1038 926 1100; x_wconf 89' lang='lat' dir='ltr'>pectus,</span> <span class='ocrx_word' id='word_1_84' title='bbox 956 1038 1012 1084; x_wconf 90' lang='lat' dir='ltr'>et</span> <span class='ocrx_word' id='word_1_85' title='bbox 1057 1028 1244 1098; x_wconf 89' lang='lat' dir='ltr'>pedes,</span> <span class='ocrx_word' id='word_1_86' title='bbox 1277 1035 1334 1083; x_wconf 90' lang='lat' dir='ltr'>et</span> <span class='ocrx_word' id='word_1_87' title='bbox 1391 1042 1562 1097; x_wconf 83' lang='lat' dir='ltr'>ponas</span> 
     </span>
     <span class='ocr_line' id='line_1_12' title="bbox 319 1117 1562 1192; baseline 0 -17"><span class='ocrx_word' id='word_1_88' title='bbox 319 1139 380 1177; x_wconf 67' lang='lat' dir='ltr'>em</span> <span class='ocrx_word' id='word_1_89' title='bbox 403 1163 420 1190; x_wconf 94' lang='lat'>,</span> <span class='ocrx_word' id='word_1_90' title='bbox 452 1133 509 1176; x_wconf 88' lang='lat' dir='ltr'>et</span> <span class='ocrx_word' id='word_1_91' title='bbox 538 1121 799 1192; x_wconf 71' lang='lat' dir='ltr'><strong>subjicias</strong></span> <span class='ocrx_word' id='word_1_92' title='bbox 827 1117 1143 1182; x_wconf 82' lang='lat' dir='ltr'>scabellum,</span> <span class='ocrx_word' id='word_1_93' title='bbox 1172 1129 1229 1174; x_wconf 95' lang='lat' dir='ltr'>et</span> <span class='ocrx_word' id='word_1_94' title='bbox 1287 1133 1562 1190; x_wconf 87' lang='lat' dir='ltr'>supponas</span> 
     </span>
     <span class='ocr_line' id='line_1_13' title="bbox 319 1209 1561 1280; baseline -0.004 -9"><span class='ocrx_word' id='word_1_95' title='bbox 319 1232 381 1272; x_wconf 86' lang='lat' dir='ltr'>on</span> <span class='ocrx_word' id='word_1_96' title='bbox 434 1221 519 1269; x_wconf 86' lang='lat' dir='ltr'>est</span> <span class='ocrx_word' id='word_1_97' title='bbox 566 1229 633 1268; x_wconf 83' lang='lat' dir='ltr'>ex</span> <span class='ocrx_word' id='word_1_98' title='bbox 687 1211 843 1268; x_wconf 87' lang='lat' dir='ltr'>nobis</span> <span class='ocrx_word' id='word_1_99' title='bbox 873 1209 1159 1276; x_wconf 87' lang='lat' dir='ltr'>Dominus,</span> <span class='ocrx_word' id='word_1_100' title='bbox 1190 1211 1286 1267; x_wconf 86' lang='lat' dir='ltr'>sed</span> <span class='ocrx_word' id='word_1_101' title='bbox 1331 1226 1431 1267; x_wconf 86' lang='lat' dir='ltr'>nos</span> <span class='ocrx_word' id='word_1_102' title='bbox 1464 1226 1561 1280; x_wconf 83' lang='lat' dir='ltr'>per</span> 
     </span>
     <span class='ocr_line' id='line_1_14' title="bbox 326 1303 1556 1373; baseline -0.002 -11"><span class='ocrx_word' id='word_1_103' title='bbox 326 1323 408 1362; x_wconf 90' lang='lat' dir='ltr'>us.</span> <span class='ocrx_word' id='word_1_104' title='bbox 437 1307 531 1362; x_wconf 82' lang='lat' dir='ltr'>Vis</span> <span class='ocrx_word' id='word_1_105' title='bbox 569 1315 750 1360; x_wconf 90' lang='lat' dir='ltr'>autem</span> <span class='ocrx_word' id='word_1_106' title='bbox 798 1303 1042 1360; x_wconf 73' lang='lat' dir='ltr'>ediscere</span> <span class='ocrx_word' id='word_1_107' title='bbox 1065 1303 1190 1373; x_wconf 87' lang='lat' dir='ltr'>quia</span> <span class='ocrx_word' id='word_1_108' title='bbox 1237 1318 1342 1358; x_wconf 93' lang='lat' dir='ltr'>non</span> <span class='ocrx_word' id='word_1_109' title='bbox 1379 1312 1463 1359; x_wconf 93' lang='lat' dir='ltr'>est</span> <span class='ocrx_word' id='word_1_110' title='bbox 1491 1318 1556 1359; x_wconf 83' lang='lat' dir='ltr'>es</span> 
     </span>
     <span class='ocr_line' id='line_1_15' title="bbox 319 1392 1558 1467; baseline -0.006 -11"><span class='ocrx_word' id='word_1_111' title='bbox 319 1399 447 1456; x_wconf 78' lang='lat' dir='ltr'>Filio</span> <span class='ocrx_word' id='word_1_112' title='bbox 475 1398 592 1467; x_wconf 83' lang='lat' dir='ltr'>ejus</span> <span class='ocrx_word' id='word_1_113' title='bbox 612 1412 736 1452; x_wconf 84' lang='lat' dir='ltr'>cuin</span> <span class='ocrx_word' id='word_1_114' title='bbox 771 1396 974 1452; x_wconf 85' lang='lat' dir='ltr'>dictum</span> <span class='ocrx_word' id='word_1_115' title='bbox 999 1405 1172 1460; x_wconf 86' lang='lat' dir='ltr'>esset,</span> <span class='ocrx_word' id='word_1_116' title='bbox 1220 1392 1558 1462; x_wconf 77' lang='lat' dir='ltr'><strong><em>Emmanuel,</em></strong></span> 
     </span>
     <span class='ocr_line' id='line_1_16' title="bbox 319 1485 1560 1557; baseline -0.003 -13"><span class='ocrx_word' id='word_1_117' title='bbox 319 1489 541 1556; x_wconf 66' lang='lat' dir='ltr'>Deus⁶⁸;</span> <span class='ocrx_word' id='word_1_118' title='bbox 593 1503 699 1543; x_wconf 92' lang='lat' dir='ltr'>non</span> <span class='ocrx_word' id='word_1_119' title='bbox 766 1485 1085 1557; x_wconf 85' lang='lat' dir='ltr'>simpliciter</span> <span class='ocrx_word' id='word_1_120' title='bbox 1139 1485 1417 1541; x_wconf 87' lang='lat' dir='ltr'>nobiscum</span> <span class='ocrx_word' id='word_1_121' title='bbox 1474 1494 1560 1541; x_wconf 92' lang='lat' dir='ltr'>est</span> 
     </span>
     <span class='ocr_line' id='line_1_17' title="bbox 318 1577 1558 1650; baseline -0.002 -13"><span class='ocrx_word' id='word_1_122' title='bbox 318 1582 486 1637; x_wconf 86' lang='lat' dir='ltr'>icum</span> <span class='ocrx_word' id='word_1_123' title='bbox 528 1580 581 1635; x_wconf 91' lang='lat' dir='ltr'>in</span> <span class='ocrx_word' id='word_1_124' title='bbox 636 1594 868 1650; x_wconf 85' lang='lat' dir='ltr'>corpore</span> <span class='ocrx_word' id='word_1_125' title='bbox 914 1579 1059 1633; x_wconf 81' lang='lat' dir='ltr'>venit</span> <span class='ocrx_word' id='word_1_126' title='bbox 1106 1577 1394 1643; x_wconf 87' lang='lat' dir='ltr'>Dominus,</span> <span class='ocrx_word' id='word_1_127' title='bbox 1431 1587 1558 1635; x_wconf 83' lang='lat' dir='ltr'>tunc</span> 
     </span>
     <span class='ocr_line' id='line_1_18' title="bbox 331 1672 1558 1746; baseline -0.003 -16"><span class='ocrx_word' id='word_1_128' title='bbox 331 1690 454 1730; x_wconf 87' lang='lat' dir='ltr'>cum</span> <span class='ocrx_word' id='word_1_129' title='bbox 480 1672 643 1746; x_wconf 84' lang='lat' dir='ltr'>Virgo</span> <span class='ocrx_word' id='word_1_130' title='bbox 668 1673 722 1728; x_wconf 93' lang='lat' dir='ltr'>in</span> <span class='ocrx_word' id='word_1_131' title='bbox 755 1681 909 1727; x_wconf 77' lang='lat' dir='ltr'>utero</span> <span class='ocrx_word' id='word_1_132' title='bbox 959 1672 1210 1742; x_wconf 78' lang='lat' dir='ltr'>concepit</span> <span class='ocrx_word' id='word_1_133' title='bbox 1242 1712 1259 1739; x_wconf 94' lang='lat'>,</span> <span class='ocrx_word' id='word_1_134' title='bbox 1288 1679 1415 1726; x_wconf 92' lang='lat' dir='ltr'>tunc</span> <span class='ocrx_word' id='word_1_135' title='bbox 1460 1686 1558 1727; x_wconf 90' lang='lat' dir='ltr'>no·</span> 
     </span>
     <span class='ocr_line' id='line_1_19' title="bbox 323 1765 1555 1837; baseline -0.001 -15"><span class='ocrx_word' id='word_1_136' title='bbox 323 1783 407 1824; x_wconf 89' lang='lat' dir='ltr'>ns.</span> <span class='ocrx_word' id='word_1_137' title='bbox 445 1769 585 1823; x_wconf 77' lang='lat' dir='ltr'>Ante</span> <span class='ocrx_word' id='word_1_138' title='bbox 630 1768 789 1824; x_wconf 88' lang='lat' dir='ltr'>istam</span> <span class='ocrx_word' id='word_1_139' title='bbox 846 1775 1027 1821; x_wconf 88' lang='lat' dir='ltr'>antem</span> <span class='ocrx_word' id='word_1_140' title='bbox 1073 1765 1555 1837; x_wconf 86' lang='lat' dir='ltr'>dispensationem,</span> 
     </span>
     <span class='ocr_line' id='line_1_20' title="bbox 334 1854 1557 1931; baseline -0.002 -15"><span class='ocrx_word' id='word_1_141' title='bbox 334 1872 481 1916; x_wconf 84' lang='lat' dir='ltr'>esset</span> <span class='ocrx_word' id='word_1_142' title='bbox 509 1875 764 1931; x_wconf 84' lang='lat' dir='ltr'>praesens,</span> <span class='ocrx_word' id='word_1_143' title='bbox 818 1874 925 1913; x_wconf 88' lang='lat' dir='ltr'>uon</span> <span class='ocrx_word' id='word_1_144' title='bbox 973 1867 1092 1912; x_wconf 89' lang='lat' dir='ltr'>erat</span> <span class='ocrx_word' id='word_1_145' title='bbox 1141 1858 1445 1915; x_wconf 89' lang='lat' dir='ltr'>nobiscum.</span> <span class='ocrx_word' id='word_1_146' title='bbox 1499 1854 1557 1913; x_wconf 88' lang='lat' dir='ltr'>Si</span> 
     </span>
     <span class='ocr_line' id='line_1_21' title="bbox 324 1947 1555 2020; baseline -0.002 -15"><span class='ocrx_word' id='word_1_147' title='bbox 324 1964 350 2005; x_wconf 87' lang='lat' dir='ltr'>s</span> <span class='ocrx_word' id='word_1_148' title='bbox 384 1949 579 2006; x_wconf 87' lang='lat' dir='ltr'>seceris</span> <span class='ocrx_word' id='word_1_149' title='bbox 611 1951 817 2015; x_wconf 90' lang='lat' dir='ltr'>Deum,</span> <span class='ocrx_word' id='word_1_150' title='bbox 839 1958 895 2003; x_wconf 81' lang='lat' dir='ltr'>et</span> <span class='ocrx_word' id='word_1_151' title='bbox 922 1963 1118 2018; x_wconf 87' lang='lat' dir='ltr'>corpus</span> <span class='ocrx_word' id='word_1_152' title='bbox 1160 1947 1555 2020; x_wconf 74' lang='lat' dir='ltr'>plenitudinem</span> 
     </span>
     <span class='ocr_line' id='line_1_22' title="bbox 319 2042 1560 2114; baseline -0.001 -15"><span class='ocrx_word' id='word_1_153' title='bbox 319 2058 403 2108; x_wconf 81' lang='lat' dir='ltr'>rae,</span> <span class='ocrx_word' id='word_1_154' title='bbox 435 2051 529 2098; x_wconf 90' lang='lat' dir='ltr'>aut</span> <span class='ocrx_word' id='word_1_155' title='bbox 558 2042 705 2114; x_wconf 86' lang='lat' dir='ltr'>quod</span> <span class='ocrx_word' id='word_1_156' title='bbox 740 2051 964 2112; x_wconf 86' lang='lat' dir='ltr'>superat</span> <span class='ocrx_word' id='word_1_157' title='bbox 989 2056 1152 2113; x_wconf 89' lang='lat' dir='ltr'>supra</span> <span class='ocrx_word' id='word_1_158' title='bbox 1176 2042 1322 2109; x_wconf 80' lang='lat' dir='ltr'>liaec;</span> <span class='ocrx_word' id='word_1_159' title='bbox 1351 2042 1404 2097; x_wconf 91' lang='lat' dir='ltr'>in</span> <span class='ocrx_word' id='word_1_160' title='bbox 1439 2042 1560 2113; x_wconf 89' lang='lat' dir='ltr'>ipso</span> 
     </span>
     <span class='ocr_line' id='line_1_23' title="bbox 323 2132 1555 2204; baseline 0.002 -15"><span class='ocrx_word' id='word_1_161' title='bbox 323 2149 396 2203; x_wconf 86' lang='lat' dir='ltr'>m,</span> <span class='ocrx_word' id='word_1_162' title='bbox 421 2143 476 2189; x_wconf 92' lang='lat' dir='ltr'>et</span> <span class='ocrx_word' id='word_1_163' title='bbox 505 2141 665 2190; x_wconf 85' lang='lat' dir='ltr'>terrae</span> <span class='ocrx_word' id='word_1_164' title='bbox 689 2132 920 2204; x_wconf 79' lang='lat' dir='ltr'>lapides,</span> <span class='ocrx_word' id='word_1_165' title='bbox 945 2141 1002 2190; x_wconf 90' lang='grc' dir='ltr'>ει</span> <span class='ocrx_word' id='word_1_166' title='bbox 1042 2136 1223 2190; x_wconf 88' lang='lat' dir='ltr'>omnia</span> <span class='ocrx_word' id='word_1_167' title='bbox 1257 2148 1378 2204; x_wconf 79' lang='lat' dir='ltr'>quae</span> <span class='ocrx_word' id='word_1_168' title='bbox 1409 2143 1555 2191; x_wconf 89' lang='lat' dir='ltr'>suut.</span> 
     </span>
     <span class='ocr_line' id='line_1_24' title="bbox 319 2223 1558 2296; baseline -0.001 -14"><span class='ocrx_word' id='word_1_169' title='bbox 319 2240 507 2295; x_wconf 80' lang='lat' dir='ltr'>corpus</span> <span class='ocrx_word' id='word_1_170' title='bbox 528 2232 879 2281; x_wconf 84' lang='lat' dir='ltr'>coextensum</span> <span class='ocrx_word' id='word_1_171' title='bbox 908 2234 992 2280; x_wconf 81' lang='lat' dir='ltr'>est</span> <span class='ocrx_word' id='word_1_172' title='bbox 1012 2223 1358 2294; x_wconf 75' lang='lat' dir='ltr'>corporibus,</span> <span class='ocrx_word' id='word_1_173' title='bbox 1381 2224 1558 2296; x_wconf 89' lang='lat' dir='ltr'>primo</span> 
     </span>
     <span class='ocr_line' id='line_1_25' title="bbox 319 2316 1556 2383; baseline 0 -10"><span class='ocrx_word' id='word_1_174' title='bbox 319 2320 472 2374; x_wconf 82' lang='lat' dir='ltr'>trahe</span> <span class='ocrx_word' id='word_1_175' title='bbox 509 2317 691 2374; x_wconf 92' lang='lat' dir='ltr'>omnia</span> <span class='ocrx_word' id='word_1_176' title='bbox 717 2357 735 2383; x_wconf 89' lang='lat'>,</span> <span class='ocrx_word' id='word_1_177' title='bbox 775 2327 834 2373; x_wconf 93' lang='lat' dir='ltr'>ut</span> <span class='ocrx_word' id='word_1_178' title='bbox 861 2316 1039 2374; x_wconf 87' lang='lat' dir='ltr'>locum</span> <span class='ocrx_word' id='word_1_179' title='bbox 1068 2316 1266 2373; x_wconf 75' lang='lat' dir='ltr'>lrabeat</span> <span class='ocrx_word' id='word_1_180' title='bbox 1296 2317 1461 2374; x_wconf 86' lang='lat' dir='ltr'>Deus.</span> <span class='ocrx_word' id='word_1_181' title='bbox 1497 2316 1556 2374; x_wconf 87' lang='lat' dir='ltr'>Si</span> 
     </span>
     <span class='ocr_line' id='line_1_26' title="bbox 320 2406 1558 2480; baseline 0.001 -17"><span class='ocrx_word' id='word_1_182' title='bbox 320 2425 368 2466; x_wconf 83' lang='lat' dir='ltr'>is</span> <span class='ocrx_word' id='word_1_183' title='bbox 405 2418 490 2464; x_wconf 87' lang='lat' dir='ltr'>est</span> <span class='ocrx_word' id='word_1_184' title='bbox 516 2423 767 2480; x_wconf 84' lang='lat' dir='ltr'>magnum</span> <span class='ocrx_word' id='word_1_185' title='bbox 797 2426 812 2464; x_wconf 71' lang='grc' dir='ltr'>ε</span> <span class='ocrx_word' id='word_1_186' title='bbox 843 2416 1139 2478; x_wconf 71' lang='lat' dir='ltr'>egestatem</span> <span class='ocrx_word' id='word_1_187' title='bbox 1193 2406 1316 2463; x_wconf 91' lang='lat' dir='ltr'>dico</span> <span class='ocrx_word' id='word_1_188' title='bbox 1354 2421 1558 2478; x_wconf 85' lang='lat' dir='ltr'>paupe-</span> 
     </span>
     <span class='ocr_line' id='line_1_27' title="bbox 319 2498 1554 2572; baseline 0 -17"><span class='ocrx_word' id='word_1_189' title='bbox 319 2502 484 2572; x_wconf 82' lang='lat' dir='ltr'>mplet</span> <span class='ocrx_word' id='word_1_190' title='bbox 503 2501 682 2556; x_wconf 87' lang='lat' dir='ltr'>omnia</span> <span class='ocrx_word' id='word_1_191' title='bbox 717 2515 732 2551; x_wconf 71' lang='grc' dir='ltr'>ε</span> <span class='ocrx_word' id='word_1_192' title='bbox 759 2498 940 2554; x_wconf 84' lang='lat' dir='ltr'>nuilus</span> <span class='ocrx_word' id='word_1_193' title='bbox 962 2499 1101 2554; x_wconf 85' lang='lat' dir='ltr'>alius</span> <span class='ocrx_word' id='word_1_194' title='bbox 1127 2498 1325 2554; x_wconf 84' lang='lat' dir='ltr'>habeat</span> <span class='ocrx_word' id='word_1_195' title='bbox 1352 2500 1554 2555; x_wconf 87' lang='lat' dir='ltr'>lucum.</span> 
     </span>
     <span class='ocr_line' id='line_1_28' title="bbox 321 2587 1553 2663; baseline 0 -16"><span class='ocrx_word' id='word_1_196' title='bbox 321 2609 355 2647; x_wconf 90' lang='lat' dir='ltr'>n</span> <span class='ocrx_word' id='word_1_197' title='bbox 383 2591 643 2663; x_wconf 79' lang='lat' dir='ltr'>praevenit</span> <span class='ocrx_word' id='word_1_198' title='bbox 675 2587 839 2648; x_wconf 88' lang='lat' dir='ltr'>Deus.</span> <span class='ocrx_word' id='word_1_199' title='bbox 871 2589 937 2645; x_wconf 86' lang='lat' dir='ltr'>Et</span> <span class='ocrx_word' id='word_1_200' title='bbox 969 2589 1113 2645; x_wconf 90' lang='lat' dir='ltr'>sicut</span> <span class='ocrx_word' id='word_1_201' title='bbox 1146 2589 1413 2660; x_wconf 87' lang='lat' dir='ltr'>repletum</span> <span class='ocrx_word' id='word_1_202' title='bbox 1458 2606 1553 2647; x_wconf 82' lang='lat' dir='ltr'>vas</span> 
     </span>
     <span class='ocr_line' id='line_1_29' title="bbox 320 2681 1557 2754; baseline 0.001 -16"><span class='ocrx_word' id='word_1_203' title='bbox 320 2685 377 2754; x_wconf 74' lang='lat' dir='ltr'>jui</span> <span class='ocrx_word' id='word_1_204' title='bbox 408 2689 761 2754; x_wconf 71' lang='lat' dir='ltr'>praecesserat</span> <span class='ocrx_word' id='word_1_205' title='bbox 800 2681 1062 2751; x_wconf 87' lang='lat' dir='ltr'>replente,</span> <span class='ocrx_word' id='word_1_206' title='bbox 1105 2697 1212 2738; x_wconf 91' lang='lat' dir='ltr'>non</span> <span class='ocrx_word' id='word_1_207' title='bbox 1263 2690 1347 2737; x_wconf 90' lang='lat' dir='ltr'>est</span> <span class='ocrx_word' id='word_1_208' title='bbox 1405 2682 1557 2740; x_wconf 88' lang='lat' dir='ltr'>locus</span> 
     </span>
     <span class='ocr_line' id='line_1_30' title="bbox 319 2773 1556 2845; baseline 0.002 -16"><span class='ocrx_word' id='word_1_209' title='bbox 319 2786 475 2830; x_wconf 80' lang='lat' dir='ltr'>‚tatur</span> <span class='ocrx_word' id='word_1_210' title='bbox 513 2773 712 2845; x_wconf 88' lang='lat' dir='ltr'>aliquid</span> <span class='ocrx_word' id='word_1_211' title='bbox 760 2773 906 2829; x_wconf 85' lang='lat' dir='ltr'>aliud</span> <span class='ocrx_word' id='word_1_212' title='bbox 937 2791 952 2829; x_wconf 71' lang='grc' dir='ltr'>ι</span> <span class='ocrx_word' id='word_1_213' title='bbox 986 2774 1057 2828; x_wconf 88' lang='lat' dir='ltr'>ita</span> <span class='ocrx_word' id='word_1_214' title='bbox 1103 2775 1149 2829; x_wconf 89' lang='lat' dir='ltr'>si</span> <span class='ocrx_word' id='word_1_215' title='bbox 1182 2773 1327 2830; x_wconf 83' lang='lat' dir='ltr'>Deus</span> <span class='ocrx_word' id='word_1_216' title='bbox 1359 2790 1556 2845; x_wconf 84' lang='lat' dir='ltr'>corpus</span> 
     </span>
     <span class='ocr_line' id='line_1_31' title="bbox 319 2866 1555 2944; baseline 0.001 -23"><span class='ocrx_word' id='word_1_217' title='bbox 319 2868 399 2924; x_wconf 65' lang='lat' dir='ltr'>isit</span> <span class='ocrx_word' id='word_1_218' title='bbox 457 2877 637 2922; x_wconf 90' lang='lat' dir='ltr'>autem</span> <span class='ocrx_word' id='word_1_219' title='bbox 692 2866 916 2934; x_wconf 85' lang='lat' dir='ltr'>omnia,</span> <span class='ocrx_word' id='word_1_220' title='bbox 954 2881 1061 2921; x_wconf 92' lang='lat' dir='ltr'>non</span> <span class='ocrx_word' id='word_1_221' title='bbox 1108 2866 1304 2944; x_wconf 78' lang='lat' dir='ltr'>habeat</span> <span class='ocrx_word' id='word_1_222' title='bbox 1357 2867 1555 2940; x_wconf 74' lang='lat' dir='ltr'>coelum</span> 
     </span>
     <span class='ocr_line' id='line_1_32' title="bbox 319 2943 1556 3031; baseline -0.001 -14"><span class='ocrx_word' id='word_1_223' title='bbox 319 2961 503 3028; x_wconf 73' lang='lat' dir='ltr'>iaciat,</span> <span class='ocrx_word' id='word_1_224' title='bbox 566 2972 742 3031; x_wconf 89' lang='lat' dir='ltr'>neque</span> <span class='ocrx_word' id='word_1_225' title='bbox 784 2967 943 3015; x_wconf 58' lang='lat' dir='ltr'>Antra</span> <span class='ocrx_word' id='word_1_226' title='bbox 998 2943 1245 3026; x_wconf 45' lang='lat' dir='ltr'>locumss&#39;</span> <span class='ocrx_word' id='word_1_227' title='bbox 1278 2962 1556 3030; x_wconf 64' lang='lat' dir='ltr'>praecessit</span> 
     </span>
     <span class='ocr_line' id='line_1_33' title="bbox 341 3035 1552 3118; baseline -0.002 -8"><span class='ocrx_word' id='word_1_228' title='bbox 341 3053 398 3110; x_wconf 86' lang='lat' dir='ltr'>Si</span> <span class='ocrx_word' id='word_1_229' title='bbox 437 3035 731 3109; x_wconf 54' lang='lat' dir='ltr'>autens‘est</span> <span class='ocrx_word' id='word_1_230' title='bbox 756 3050 950 3105; x_wconf 89' lang='lat' dir='ltr'>coelum</span> <span class='ocrx_word' id='word_1_231' title='bbox 979 3061 1036 3106; x_wconf 90' lang='lat' dir='ltr'>et</span> <span class='ocrx_word' id='word_1_232' title='bbox 1059 3059 1228 3115; x_wconf 85' lang='lat' dir='ltr'>terra,</span> <span class='ocrx_word' id='word_1_233' title='bbox 1269 3060 1324 3107; x_wconf 89' lang='grc' dir='ltr'>ει</span> <span class='ocrx_word' id='word_1_234' title='bbox 1359 3066 1511 3107; x_wconf 89' lang='lat' dir='ltr'>mare</span> <span class='ocrx_word' id='word_1_235' title='bbox 1535 3092 1552 3118; x_wconf 96' lang='lat'>,</span> 
     </span>
    </p>
   </div>
   <div class='ocr_carea' id='block_1_9' title="bbox 319 3145 1623 3223">
    <p class='ocr_par' dir='ltr' id='par_1_9' title="bbox 319 3145 1623 3223">
     <span class='ocr_line' id='line_1_34' title="bbox 319 3145 1623 3223; baseline -0.002 -24"><span class='ocrx_word' id='word_1_236' title='bbox 319 3145 586 3201; x_wconf 74' lang='lat' dir='ltr'>ilus-locus</span> <span class='ocrx_word' id='word_1_237' title='bbox 623 3155 709 3201; x_wconf 88' lang='lat' dir='ltr'>est</span> <span class='ocrx_word' id='word_1_238' title='bbox 736 3156 975 3199; x_wconf 78' lang='lat' dir='ltr'>vacuus:</span> <span class='ocrx_word' id='word_1_239' title='bbox 1020 3156 1196 3214; x_wconf 89' lang='lat' dir='ltr'>neque</span> <span class='ocrx_word' id='word_1_240' title='bbox 1244 3157 1312 3199; x_wconf 82' lang='lat' dir='ltr'>ex</span> <span class='ocrx_word' id='word_1_241' title='bbox 1360 3155 1551 3198; x_wconf 88' lang='lat' dir='ltr'>natura</span> <span class='ocrx_word' id='word_1_242' title='bbox 1578 3163 1623 3223; x_wconf 75' lang='lat' dir='ltr'>C</span> 
     </span>
    </p>
   </div>
   <div class='ocr_carea' id='block_1_10' title="bbox 318 3235 1554 4499">
    <p class='ocr_par' dir='ltr' id='par_1_10' title="bbox 318 3235 1554 4499">
     <span class='ocr_line' id='line_1_35' title="bbox 322 3235 1553 3307; baseline -0.002 -15"><span class='ocrx_word' id='word_1_243' title='bbox 322 3251 511 3306; x_wconf 88' lang='lat' dir='ltr'>porum</span> <span class='ocrx_word' id='word_1_244' title='bbox 568 3251 690 3307; x_wconf 81' lang='lat' dir='ltr'>quae</span> <span class='ocrx_word' id='word_1_245' title='bbox 734 3235 937 3302; x_wconf 85' lang='lat' dir='ltr'>insunt,</span> <span class='ocrx_word' id='word_1_246' title='bbox 971 3247 1149 3303; x_wconf 87' lang='lat' dir='ltr'>neque</span> <span class='ocrx_word' id='word_1_247' title='bbox 1168 3248 1237 3290; x_wconf 81' lang='lat' dir='ltr'>ex</span> <span class='ocrx_word' id='word_1_248' title='bbox 1266 3237 1553 3307; x_wconf 71' lang='lat' dir='ltr'>praesentia</span> 
     </span>
     <span class='ocr_line' id='line_1_36' title="bbox 318 3326 1554 3400; baseline 0.001 -18"><span class='ocrx_word' id='word_1_249' title='bbox 318 3344 413 3396; x_wconf 87' lang='lat' dir='ltr'>per</span> <span class='ocrx_word' id='word_1_250' title='bbox 439 3341 664 3398; x_wconf 88' lang='lat' dir='ltr'>corpora</span> <span class='ocrx_word' id='word_1_251' title='bbox 690 3336 983 3400; x_wconf 89' lang='lat' dir='ltr'>penetrans</span> <span class='ocrx_word' id='word_1_252' title='bbox 1005 3326 1181 3393; x_wconf 82' lang='lat' dir='ltr'>adest,</span> <span class='ocrx_word' id='word_1_253' title='bbox 1217 3340 1323 3381; x_wconf 89' lang='lat' dir='ltr'>non</span> <span class='ocrx_word' id='word_1_254' title='bbox 1352 3341 1554 3399; x_wconf 82' lang='lat' dir='ltr'>corpus</span> 
     </span>
     <span class='ocr_line' id='line_1_37' title="bbox 320 3421 1550 3491; baseline 0 -15"><span class='ocrx_word' id='word_1_255' title='bbox 320 3422 532 3491; x_wconf 86' lang='lat' dir='ltr'>quidem</span> <span class='ocrx_word' id='word_1_256' title='bbox 562 3436 661 3477; x_wconf 89' lang='lat' dir='ltr'>nec</span> <span class='ocrx_word' id='word_1_257' title='bbox 706 3421 755 3477; x_wconf 88' lang='lat' dir='ltr'>si</span> <span class='ocrx_word' id='word_1_258' title='bbox 778 3421 956 3476; x_wconf 83' lang='lat' dir='ltr'>anima</span> <span class='ocrx_word' id='word_1_259' title='bbox 1002 3429 1183 3476; x_wconf 84' lang='lat' dir='ltr'>nostra</span> <span class='ocrx_word' id='word_1_260' title='bbox 1233 3430 1382 3477; x_wconf 89' lang='lat' dir='ltr'>esset</span> <span class='ocrx_word' id='word_1_261' title='bbox 1427 3435 1550 3478; x_wconf 86' lang='lat' dir='ltr'>cur-</span> 
     </span>
     <span class='ocr_line' id='line_1_38' title="bbox 328 3514 1551 3587; baseline 0.001 -17"><span class='ocrx_word' id='word_1_262' title='bbox 328 3525 348 3570; x_wconf 95' lang='lat' dir='ltr'>t</span> <span class='ocrx_word' id='word_1_263' title='bbox 380 3530 500 3570; x_wconf 88' lang='lat' dir='ltr'>esse</span> <span class='ocrx_word' id='word_1_264' title='bbox 525 3514 579 3570; x_wconf 90' lang='lat' dir='ltr'>in</span> <span class='ocrx_word' id='word_1_265' title='bbox 608 3529 857 3587; x_wconf 87' lang='lat' dir='ltr'>corpore.</span> <span class='ocrx_word' id='word_1_266' title='bbox 876 3514 1033 3572; x_wconf 87' lang='lat' dir='ltr'>Sicut</span> <span class='ocrx_word' id='word_1_267' title='bbox 1061 3515 1208 3571; x_wconf 90' lang='lat' dir='ltr'>euim</span> <span class='ocrx_word' id='word_1_268' title='bbox 1244 3515 1551 3586; x_wconf 85' lang='lat' dir='ltr'>suscipiens</span> 
     </span>
     <span class='ocr_line' id='line_1_39' title="bbox 340 3607 1552 3680; baseline 0.002 -17"><span class='ocrx_word' id='word_1_269' title='bbox 340 3617 520 3664; x_wconf 92' lang='lat' dir='ltr'>manet</span> <span class='ocrx_word' id='word_1_270' title='bbox 551 3617 810 3680; x_wconf 90' lang='lat' dir='ltr'>quantum</span> <span class='ocrx_word' id='word_1_271' title='bbox 835 3617 977 3672; x_wconf 87' lang='lat' dir='ltr'>erat,</span> <span class='ocrx_word' id='word_1_272' title='bbox 1008 3607 1101 3663; x_wconf 87' lang='lat' dir='ltr'>sed</span> <span class='ocrx_word' id='word_1_273' title='bbox 1127 3607 1552 3667; x_wconf 85' lang='lat' dir='ltr'>additamentum</span> 
     </span>
     <span class='ocr_line' id='line_1_40' title="bbox 319 3698 1548 3770; baseline 0.001 -18"><span class='ocrx_word' id='word_1_274' title='bbox 319 3698 605 3754; x_wconf 83' lang='lat' dir='ltr'>1titudinem</span> <span class='ocrx_word' id='word_1_275' title='bbox 638 3712 905 3755; x_wconf 81' lang='lat' dir='ltr'>mensurae</span> <span class='ocrx_word' id='word_1_276' title='bbox 931 3714 946 3751; x_wconf 77' lang='lat' dir='ltr'>z</span> <span class='ocrx_word' id='word_1_277' title='bbox 976 3698 1049 3754; x_wconf 86' lang='lat' dir='ltr'>ita</span> <span class='ocrx_word' id='word_1_278' title='bbox 1100 3713 1296 3770; x_wconf 82' lang='lat' dir='ltr'>corpus</span> <span class='ocrx_word' id='word_1_279' title='bbox 1329 3698 1548 3769; x_wconf 85' lang='lat' dir='ltr'>corpori</span> 
     </span>
     <span class='ocr_line' id='line_1_41' title="bbox 319 3790 1553 3858; baseline 0.002 -14"><span class='ocrx_word' id='word_1_280' title='bbox 319 3809 360 3847; x_wconf 88' lang='grc' dir='ltr'>ι.</span> <span class='ocrx_word' id='word_1_281' title='bbox 387 3790 456 3847; x_wconf 81' lang='lat' dir='ltr'>Et</span> <span class='ocrx_word' id='word_1_282' title='bbox 487 3792 623 3847; x_wconf 90' lang='lat' dir='ltr'>sicut</span> <span class='ocrx_word' id='word_1_283' title='bbox 666 3790 934 3858; x_wconf 72' lang='lat' dir='ltr'>aedificiis,</span> <span class='ocrx_word' id='word_1_284' title='bbox 963 3800 1015 3847; x_wconf 89' lang='lat' dir='ltr'>et</span> <span class='ocrx_word' id='word_1_285' title='bbox 1047 3791 1297 3855; x_wconf 81' lang='lat' dir='ltr'>navibus.</span> <span class='ocrx_word' id='word_1_286' title='bbox 1326 3801 1383 3846; x_wconf 93' lang='lat' dir='ltr'>et</span> <span class='ocrx_word' id='word_1_287' title='bbox 1420 3791 1553 3847; x_wconf 82' lang='lat' dir='ltr'>clio-</span> 
     </span>
     <span class='ocr_line' id='line_1_42' title="bbox 323 3878 1550 3952; baseline -0.002 -16"><span class='ocrx_word' id='word_1_288' title='bbox 323 3882 429 3947; x_wconf 85' lang='lat' dir='ltr'>ilis,</span> <span class='ocrx_word' id='word_1_289' title='bbox 453 3890 508 3937; x_wconf 94' lang='lat' dir='ltr'>et</span> <span class='ocrx_word' id='word_1_290' title='bbox 526 3880 854 3947; x_wconf 78' lang='lat' dir='ltr'>civitatibuS,</span> <span class='ocrx_word' id='word_1_291' title='bbox 878 3888 933 3936; x_wconf 85' lang='lat' dir='ltr'>et</span> <span class='ocrx_word' id='word_1_292' title='bbox 975 3880 1142 3952; x_wconf 83' lang='lat' dir='ltr'>agris,</span> <span class='ocrx_word' id='word_1_293' title='bbox 1168 3888 1222 3935; x_wconf 89' lang='lat' dir='ltr'>et</span> <span class='ocrx_word' id='word_1_294' title='bbox 1248 3878 1550 3944; x_wconf 85' lang='lat' dir='ltr'>arboribus,</span> 
     </span>
     <span class='ocr_line' id='line_1_43' title="bbox 319 3970 1549 4043; baseline -0.003 -16"><span class='ocrx_word' id='word_1_295' title='bbox 319 3972 520 4029; x_wconf 87' lang='lat' dir='ltr'>dditum</span> <span class='ocrx_word' id='word_1_296' title='bbox 564 3981 726 4043; x_wconf 87' lang='lat' dir='ltr'>auget</span> <span class='ocrx_word' id='word_1_297' title='bbox 761 3970 1230 4042; x_wconf 74' lang='lat' dir='ltr'>magnitudinem:</span> <span class='ocrx_word' id='word_1_298' title='bbox 1279 3970 1324 4025; x_wconf 88' lang='lat' dir='ltr'>si</span> <span class='ocrx_word' id='word_1_299' title='bbox 1369 3980 1549 4024; x_wconf 92' lang='lat' dir='ltr'>autem</span> 
     </span>
     <span class='ocr_line' id='line_1_44' title="bbox 319 4062 1543 4131; baseline -0.004 -14"><span class='ocrx_word' id='word_1_300' title='bbox 319 4063 436 4119; x_wconf 81' lang='lat' dir='ltr'>ierit</span> <span class='ocrx_word' id='word_1_301' title='bbox 466 4062 634 4128; x_wconf 89' lang='lat' dir='ltr'>locus,</span> <span class='ocrx_word' id='word_1_302' title='bbox 666 4074 788 4131; x_wconf 65' lang='lat' dir='ltr'>quae</span> <span class='ocrx_word' id='word_1_303' title='bbox 829 4068 1261 4130; x_wconf 84' lang='lat' dir='ltr'>praecesserunt,</span> <span class='ocrx_word' id='word_1_304' title='bbox 1291 4073 1413 4129; x_wconf 77' lang='lat' dir='ltr'>qnae</span> <span class='ocrx_word' id='word_1_305' title='bbox 1448 4072 1543 4113; x_wconf 90' lang='lat' dir='ltr'>au·</span> 
     </span>
     <span class='ocr_line' id='line_1_45' title="bbox 328 4150 1548 4220; baseline -0.002 -10"><span class='ocrx_word' id='word_1_306' title='bbox 328 4155 696 4220; x_wconf 88' lang='lat' dir='ltr'>roducuntur,</span> <span class='ocrx_word' id='word_1_307' title='bbox 759 4169 863 4208; x_wconf 90' lang='lat' dir='ltr'>uon</span> <span class='ocrx_word' id='word_1_308' title='bbox 910 4152 1184 4208; x_wconf 83' lang='lat' dir='ltr'>habebunt</span> <span class='ocrx_word' id='word_1_309' title='bbox 1247 4150 1448 4207; x_wconf 88' lang='lat' dir='ltr'>locum.</span> <span class='ocrx_word' id='word_1_310' title='bbox 1489 4151 1548 4207; x_wconf 85' lang='lat' dir='ltr'>Si</span> 
     </span>
     <span class='ocr_line' id='line_1_46' title="bbox 320 4242 1547 4313; baseline 0.001 -15"><span class='ocrx_word' id='word_1_311' title='bbox 320 4258 418 4298; x_wconf 74' lang='lat' dir='ltr'>vora</span> <span class='ocrx_word' id='word_1_312' title='bbox 478 4243 753 4297; x_wconf 86' lang='lat' dir='ltr'>adduntur</span> <span class='ocrx_word' id='word_1_313' title='bbox 805 4243 1020 4313; x_wconf 89' lang='lat' dir='ltr'>corpori</span> <span class='ocrx_word' id='word_1_314' title='bbox 1069 4243 1365 4298; x_wconf 83' lang='lat' dir='ltr'>constituto</span> <span class='ocrx_word' id='word_1_315' title='bbox 1415 4242 1547 4311; x_wconf 76' lang='lat' dir='ltr'>neo,</span> 
     </span>
     <span class='ocr_line' id='line_1_47' title="bbox 318 4333 1547 4407; baseline -0.001 -17"><span class='ocrx_word' id='word_1_316' title='bbox 318 4336 480 4398; x_wconf 77' lang='lat' dir='ltr'>Deus,</span> <span class='ocrx_word' id='word_1_317' title='bbox 510 4343 668 4405; x_wconf 87' lang='lat' dir='ltr'>putas</span> <span class='ocrx_word' id='word_1_318' title='bbox 691 4349 795 4392; x_wconf 92' lang='lat' dir='ltr'>nou</span> <span class='ocrx_word' id='word_1_319' title='bbox 817 4344 938 4390; x_wconf 87' lang='lat' dir='ltr'>erat</span> <span class='ocrx_word' id='word_1_320' title='bbox 962 4333 1236 4405; x_wconf 80' lang='lat' dir='ltr'>perfectus</span> <span class='ocrx_word' id='word_1_321' title='bbox 1255 4344 1547 4407; x_wconf 87' lang='lat' dir='ltr'>antequam</span> 
     </span>
     <span class='ocr_line' id='line_1_48' title="bbox 320 4425 1549 4499; baseline -0.001 -14"><span class='ocrx_word' id='word_1_322' title='bbox 320 4427 526 4485; x_wconf 69' lang='lat' dir='ltr'>mlum?</span> <span class='ocrx_word' id='word_1_323' title='bbox 559 4425 617 4483; x_wconf 85' lang='lat' dir='ltr'>Si</span> <span class='ocrx_word' id='word_1_324' title='bbox 646 4435 828 4482; x_wconf 85' lang='lat' dir='ltr'>autem</span> <span class='ocrx_word' id='word_1_325' title='bbox 868 4426 987 4497; x_wconf 89' lang='lat' dir='ltr'>ipse</span> <span class='ocrx_word' id='word_1_326' title='bbox 1013 4437 1131 4483; x_wconf 89' lang='lat' dir='ltr'>erat</span> <span class='ocrx_word' id='word_1_327' title='bbox 1163 4428 1438 4499; x_wconf 80' lang='lat' dir='ltr'>perfectus</span> <span class='ocrx_word' id='word_1_328' title='bbox 1492 4438 1549 4484; x_wconf 84' lang='lat' dir='ltr'>et</span> 
     </span>
    </p>
   </div>
   <div class='ocr_carea' id='block_1_11' title="bbox 1650 839 3243 4229">
    <p class='ocr_par' dir='ltr' id='par_1_11' title="bbox 1650 839 3243 4229">
     <span class='ocr_line' id='line_1_49' title="bbox 1664 839 3243 913; baseline 0.004 -21"><span class='ocrx_word' id='word_1_329' title='bbox 1664 853 1784 909; x_wconf 81' lang='lat' dir='ltr'>quae</span> <span class='ocrx_word' id='word_1_330' title='bbox 1804 839 1935 894; x_wconf 86' lang='lat' dir='ltr'>vidit</span> <span class='ocrx_word' id='word_1_331' title='bbox 1958 854 2081 896; x_wconf 88' lang='lat' dir='ltr'>esse</span> <span class='ocrx_word' id='word_1_332' title='bbox 2107 840 2366 911; x_wconf 86' lang='lat' dir='ltr'>inscripta</span> <span class='ocrx_word' id='word_1_333' title='bbox 2392 840 2443 895; x_wconf 91' lang='lat' dir='ltr'>in</span> <span class='ocrx_word' id='word_1_334' title='bbox 2470 842 2731 913; x_wconf 84' lang='lat' dir='ltr'>operibus</span> <span class='ocrx_word' id='word_1_335' title='bbox 2758 840 2896 912; x_wconf 81' lang='lat' dir='ltr'>ejus.</span> <span class='ocrx_word' id='word_1_336' title='bbox 2930 842 3061 911; x_wconf 79' lang='lat' dir='ltr'>Quae</span> <span class='ocrx_word' id='word_1_337' title='bbox 3097 844 3243 899; x_wconf 90' lang='lat' dir='ltr'>enim</span> 
     </span>
     <span class='ocr_line' id='line_1_50' title="bbox 1665 928 3242 998; baseline 0.004 -15"><span class='ocrx_word' id='word_1_338' title='bbox 1665 928 1928 998; x_wconf 83' lang='lat' dir='ltr'>inscripta</span> <span class='ocrx_word' id='word_1_339' title='bbox 1954 942 2103 997; x_wconf 89' lang='lat' dir='ltr'>sunt,</span> <span class='ocrx_word' id='word_1_340' title='bbox 2146 930 2301 986; x_wconf 84' lang='lat' dir='ltr'>nobis</span> <span class='ocrx_word' id='word_1_341' title='bbox 2344 931 2651 987; x_wconf 88' lang='lat' dir='ltr'>necessaria</span> <span class='ocrx_word' id='word_1_342' title='bbox 2686 932 2958 989; x_wconf 78' lang='lat' dir='ltr'>videntur.</span> <span class='ocrx_word' id='word_1_343' title='bbox 2991 934 3102 989; x_wconf 89' lang='lat' dir='ltr'>Cur</span> <span class='ocrx_word' id='word_1_344' title='bbox 3142 949 3242 990; x_wconf 91' lang='lat' dir='ltr'>au-</span> 
     </span>
     <span class='ocr_line' id='line_1_51' title="bbox 1662 1019 3241 1091; baseline 0.006 -18"><span class='ocrx_word' id='word_1_345' title='bbox 1662 1027 1771 1074; x_wconf 89' lang='lat' dir='ltr'>tem</span> <span class='ocrx_word' id='word_1_346' title='bbox 1799 1019 1893 1075; x_wconf 88' lang='lat' dir='ltr'>ilia</span> <span class='ocrx_word' id='word_1_347' title='bbox 1918 1020 2076 1076; x_wconf 88' lang='lat' dir='ltr'>audis</span> <span class='ocrx_word' id='word_1_348' title='bbox 2100 1035 2221 1091; x_wconf 79' lang='lat' dir='ltr'>quae</span> <span class='ocrx_word' id='word_1_349' title='bbox 2249 1021 2537 1078; x_wconf 81' lang='lat' dir='ltr'>visibiliter</span> <span class='ocrx_word' id='word_1_350' title='bbox 2558 1023 2703 1078; x_wconf 88' lang='lat' dir='ltr'>dicta</span> <span class='ocrx_word' id='word_1_351' title='bbox 2748 1032 2895 1090; x_wconf 87' lang='lat' dir='ltr'>sunt,</span> <span class='ocrx_word' id='word_1_352' title='bbox 2921 1036 3112 1081; x_wconf 89' lang='lat' dir='ltr'>natura</span> <span class='ocrx_word' id='word_1_353' title='bbox 3143 1041 3241 1082; x_wconf 86' lang='lat' dir='ltr'>au·</span> 
     </span>
     <span class='ocr_line' id='line_1_52' title="bbox 1666 1114 3239 1185; baseline 0.004 -17"><span class='ocrx_word' id='word_1_354' title='bbox 1666 1122 1771 1168; x_wconf 85' lang='lat' dir='ltr'>tem</span> <span class='ocrx_word' id='word_1_355' title='bbox 1820 1127 1952 1169; x_wconf 82' lang='lat' dir='ltr'>vere</span> <span class='ocrx_word' id='word_1_356' title='bbox 1982 1123 2038 1168; x_wconf 85' lang='lat' dir='ltr'>et</span> <span class='ocrx_word' id='word_1_357' title='bbox 2070 1114 2446 1185; x_wconf 88' lang='lat' dir='ltr'>principaliter</span> <span class='ocrx_word' id='word_1_358' title='bbox 2491 1129 2599 1171; x_wconf 88' lang='lat' dir='ltr'>non</span> <span class='ocrx_word' id='word_1_359' title='bbox 2637 1115 2915 1171; x_wconf 73' lang='lat' dir='ltr'>admittis?</span> <span class='ocrx_word' id='word_1_360' title='bbox 2958 1116 3076 1173; x_wconf 84' lang='lat' dir='ltr'>Vidi</span> <span class='ocrx_word' id='word_1_361' title='bbox 3131 1118 3239 1173; x_wconf 86' lang='lat' dir='ltr'>Do-</span> 
     </span>
     <span class='ocr_line' id='line_1_53' title="bbox 1662 1205 3238 1274; baseline 0.003 -15"><span class='ocrx_word' id='word_1_362' title='bbox 1662 1206 1892 1273; x_wconf 89' lang='lat' dir='ltr'>minum,</span> <span class='ocrx_word' id='word_1_363' title='bbox 1923 1206 2122 1262; x_wconf 89' lang='lat' dir='ltr'>audisti</span> <span class='ocrx_word' id='word_1_364' title='bbox 2155 1221 2171 1259; x_wconf 77' lang='lat' dir='ltr'><strong><em>z</em></strong></span> <span class='ocrx_word' id='word_1_365' title='bbox 2210 1205 2503 1262; x_wconf 80' lang='lat' dir='ltr'>invisibilia</span> <span class='ocrx_word' id='word_1_366' title='bbox 2527 1206 2644 1274; x_wconf 71' lang='lat' dir='ltr'>eius</span> <span class='ocrx_word' id='word_1_367' title='bbox 2665 1221 2772 1262; x_wconf 89' lang='lat' dir='ltr'>non</span> <span class='ocrx_word' id='word_1_368' title='bbox 2806 1207 3043 1263; x_wconf 68' lang='lat' dir='ltr'>audisti?</span> <span class='ocrx_word' id='word_1_369' title='bbox 3068 1207 3238 1263; x_wconf 79' lang='lat' dir='ltr'>Audi-</span> 
     </span>
     <span class='ocr_line' id='line_1_54' title="bbox 1660 1298 3241 1371; baseline 0.005 -18"><span class='ocrx_word' id='word_1_370' title='bbox 1660 1298 1728 1354; x_wconf 88' lang='lat' dir='ltr'>sti</span> <span class='ocrx_word' id='word_1_371' title='bbox 1755 1299 1885 1370; x_wconf 85' lang='lat' dir='ltr'>quia</span> <span class='ocrx_word' id='word_1_372' title='bbox 1915 1300 2007 1356; x_wconf 89' lang='lat' dir='ltr'>ille</span> <span class='ocrx_word' id='word_1_373' title='bbox 2034 1299 2223 1357; x_wconf 89' lang='lat' dir='ltr'>nescio</span> <span class='ocrx_word' id='word_1_374' title='bbox 2254 1301 2346 1371; x_wconf 85' lang='lat' dir='ltr'>qui</span> <span class='ocrx_word' id='word_1_375' title='bbox 2369 1301 2507 1356; x_wconf 82' lang='lat' dir='ltr'>vidit</span> <span class='ocrx_word' id='word_1_376' title='bbox 2540 1301 2853 1370; x_wconf 86' lang='lat' dir='ltr'>Dominum,</span> <span class='ocrx_word' id='word_1_377' title='bbox 2889 1302 3060 1359; x_wconf 86' lang='lat' dir='ltr'>Deum</span> <span class='ocrx_word' id='word_1_378' title='bbox 3083 1319 3241 1361; x_wconf 88' lang='lat' dir='ltr'>nemo</span> 
     </span>
     <span class='ocr_line' id='line_1_55' title="bbox 1659 1390 3238 1464; baseline 0.004 -20"><span class='ocrx_word' id='word_1_379' title='bbox 1659 1390 1794 1446; x_wconf 80' lang='lat' dir='ltr'>vidit</span> <span class='ocrx_word' id='word_1_380' title='bbox 1830 1407 2068 1460; x_wconf 86' lang='lat' dir='ltr'>unquam</span> <span class='ocrx_word' id='word_1_381' title='bbox 2100 1409 2205 1450; x_wconf 93' lang='lat' dir='ltr'>non</span> <span class='ocrx_word' id='word_1_382' title='bbox 2233 1394 2476 1450; x_wconf 69' lang='lat' dir='ltr'>audisti?</span> <span class='ocrx_word' id='word_1_383' title='bbox 2503 1393 2718 1450; x_wconf 77' lang='lat' dir='ltr'>Audisti</span> <span class='ocrx_word' id='word_1_384' title='bbox 2750 1396 2878 1464; x_wconf 85' lang='lat' dir='ltr'>quia</span> <span class='ocrx_word' id='word_1_385' title='bbox 2920 1397 3012 1453; x_wconf 90' lang='lat' dir='ltr'>ille</span> <span class='ocrx_word' id='word_1_386' title='bbox 3065 1397 3238 1463; x_wconf 81' lang='lat' dir='ltr'>novit,</span> 
     </span>
     <span class='ocr_line' id='line_1_56' title="bbox 1660 1483 3242 1558; baseline 0.004 -21"><span class='ocrx_word' id='word_1_387' title='bbox 1660 1496 1836 1553; x_wconf 87' lang='lat' dir='ltr'>neque</span> <span class='ocrx_word' id='word_1_388' title='bbox 1871 1483 2025 1550; x_wconf 81' lang='lat' dir='ltr'>vidit,</span> <span class='ocrx_word' id='word_1_389' title='bbox 2052 1500 2235 1555; x_wconf 86' lang='lat' dir='ltr'>neque</span> <span class='ocrx_word' id='word_1_390' title='bbox 2262 1486 2450 1541; x_wconf 81' lang='lat' dir='ltr'>videre</span> <span class='ocrx_word' id='word_1_391' title='bbox 2476 1488 2678 1557; x_wconf 88' lang='lat' dir='ltr'>poterit</span> <span class='ocrx_word' id='word_1_392' title='bbox 2704 1504 2719 1541; x_wconf 72' lang='grc' dir='ltr'><strong>ε</strong></span> <span class='ocrx_word' id='word_1_393' title='bbox 2754 1504 2860 1543; x_wconf 87' lang='lat' dir='ltr'>nou</span> <span class='ocrx_word' id='word_1_394' title='bbox 2896 1489 3116 1558; x_wconf 87' lang='lat' dir='ltr'>audisti,</span> <span class='ocrx_word' id='word_1_395' title='bbox 3143 1489 3242 1545; x_wconf 88' lang='lat' dir='ltr'>sed</span> 
     </span>
     <span class='ocr_line' id='line_1_57' title="bbox 1659 1576 3239 1653; baseline 0.005 -24"><span class='ocrx_word' id='word_1_396' title='bbox 1659 1576 1867 1631; x_wconf 85' lang='lat' dir='ltr'>audivit</span> <span class='ocrx_word' id='word_1_397' title='bbox 1902 1591 2024 1632; x_wconf 88' lang='lat' dir='ltr'>eum</span> <span class='ocrx_word' id='word_1_398' title='bbox 2049 1576 2219 1634; x_wconf 81' lang='lat' dir='ltr'>Filius</span> <span class='ocrx_word' id='word_1_399' title='bbox 2242 1592 2379 1634; x_wconf 86' lang='lat' dir='ltr'>suus</span> <span class='ocrx_word' id='word_1_400' title='bbox 2407 1580 2579 1650; x_wconf 86' lang='lat' dir='ltr'>magis</span> <span class='ocrx_word' id='word_1_401' title='bbox 2599 1580 2625 1634; x_wconf 80' lang='lat'><strong>?</strong></span> <span class='ocrx_word' id='word_1_402' title='bbox 2664 1592 2927 1651; x_wconf 89' lang='lat' dir='ltr'>quantum</span> <span class='ocrx_word' id='word_1_403' title='bbox 2953 1583 3069 1653; x_wconf 81' lang='lat' dir='ltr'>ipse</span> <span class='ocrx_word' id='word_1_404' title='bbox 3091 1581 3239 1638; x_wconf 78' lang='lat' dir='ltr'>enim</span> 
     </span>
     <span class='ocr_line' id='line_1_58' title="bbox 1660 1667 3243 1744; baseline 0.004 -20"><span class='ocrx_word' id='word_1_405' title='bbox 1660 1668 1811 1724; x_wconf 81' lang='lat' dir='ltr'>novit</span> <span class='ocrx_word' id='word_1_406' title='bbox 1853 1667 2070 1724; x_wconf 81' lang='lat' dir='ltr'>Patrem</span> <span class='ocrx_word' id='word_1_407' title='bbox 2110 1685 2271 1727; x_wconf 88' lang='lat' dir='ltr'>suum</span> <span class='ocrx_word' id='word_1_408' title='bbox 2320 1672 2412 1743; x_wconf 89' lang='lat' dir='ltr'>qui</span> <span class='ocrx_word' id='word_1_409' title='bbox 2446 1672 2523 1727; x_wconf 85' lang='lat' dir='ltr'>ait</span> <span class='ocrx_word' id='word_1_410' title='bbox 2552 1692 2567 1729; x_wconf 89' lang='lat'>:</span> <span class='ocrx_word' id='word_1_411' title='bbox 2602 1671 2788 1743; x_wconf 80' lang='lat' dir='ltr'>Neque</span> <span class='ocrx_word' id='word_1_412' title='bbox 2808 1690 2980 1728; x_wconf 76' lang='lat' dir='ltr'>uocem</span> <span class='ocrx_word' id='word_1_413' title='bbox 3008 1674 3123 1744; x_wconf 78' lang='lat' dir='ltr'>ejus</span> <span class='ocrx_word' id='word_1_414' title='bbox 3147 1690 3243 1730; x_wconf 76' lang='lat' dir='ltr'>irn-</span> 
     </span>
     <span class='ocr_line' id='line_1_59' title="bbox 1659 1762 3243 1836; baseline 0.004 -22"><span class='ocrx_word' id='word_1_415' title='bbox 1659 1778 1814 1832; x_wconf 81' lang='lat' dir='ltr'>quam</span> <span class='ocrx_word' id='word_1_416' title='bbox 1836 1762 2086 1829; x_wconf 78' lang='lat' dir='ltr'>audistis,</span> <span class='ocrx_word' id='word_1_417' title='bbox 2114 1780 2278 1835; x_wconf 80' lang='lat' dir='ltr'>neque</span> <span class='ocrx_word' id='word_1_418' title='bbox 2320 1764 2513 1835; x_wconf 76' lang='lat' dir='ltr'>[aciem</span> <span class='ocrx_word' id='word_1_419' title='bbox 2535 1763 2650 1836; x_wconf 80' lang='lat' dir='ltr'>ejus</span> <span class='ocrx_word' id='word_1_420' title='bbox 2688 1766 2889 1821; x_wconf 79' lang='lat' dir='ltr'>vidistis</span> <span class='ocrx_word' id='word_1_421' title='bbox 2915 1765 2985 1821; x_wconf 76' lang='lat'>⁸⁸.</span> <span class='ocrx_word' id='word_1_422' title='bbox 3041 1764 3098 1821; x_wconf 90' lang='lat' dir='ltr'>Si</span> <span class='ocrx_word' id='word_1_423' title='bbox 3142 1778 3243 1820; x_wconf 84' lang='lat' dir='ltr'>au-</span> 
     </span>
     <span class='ocr_line' id='line_1_60' title="bbox 1663 1854 3240 1929; baseline 0.003 -19"><span class='ocrx_word' id='word_1_424' title='bbox 1663 1864 1771 1910; x_wconf 89' lang='lat' dir='ltr'>tem</span> <span class='ocrx_word' id='word_1_425' title='bbox 1795 1854 2033 1911; x_wconf 82' lang='lat' dir='ltr'>volueris</span> <span class='ocrx_word' id='word_1_426' title='bbox 2059 1870 2128 1911; x_wconf 80' lang='lat' dir='ltr'>ex</span> <span class='ocrx_word' id='word_1_427' title='bbox 2156 1858 2263 1913; x_wconf 90' lang='lat' dir='ltr'>tuis</span> <span class='ocrx_word' id='word_1_428' title='bbox 2290 1872 2587 1929; x_wconf 73' lang='lat' dir='ltr'>agnoscere</span> <span class='ocrx_word' id='word_1_429' title='bbox 2618 1857 2809 1924; x_wconf 88' lang='lat' dir='ltr'>Deum,</span> <span class='ocrx_word' id='word_1_430' title='bbox 2831 1869 2889 1916; x_wconf 87' lang='lat' dir='ltr'>et</span> <span class='ocrx_word' id='word_1_431' title='bbox 2911 1870 2962 1914; x_wconf 91' lang='lat' dir='ltr'>te</span> <span class='ocrx_word' id='word_1_432' title='bbox 2988 1867 3044 1914; x_wconf 91' lang='lat' dir='ltr'>et</span> <span class='ocrx_word' id='word_1_433' title='bbox 3067 1859 3240 1916; x_wconf 86' lang='lat' dir='ltr'>Deum</span> 
     </span>
     <span class='ocr_line' id='line_1_61' title="bbox 1661 1944 3235 2018; baseline 0.006 -19"><span class='ocrx_word' id='word_1_434' title='bbox 1661 1946 1935 2018; x_wconf 77' lang='lat' dir='ltr'>ignorabis</span> <span class='ocrx_word' id='word_1_435' title='bbox 1967 1962 1981 1999; x_wconf 77' lang='lat' dir='ltr'><strong><em>z</em></strong></span> <span class='ocrx_word' id='word_1_436' title='bbox 2016 1944 2115 2002; x_wconf 88' lang='lat' dir='ltr'>sed</span> <span class='ocrx_word' id='word_1_437' title='bbox 2153 1961 2381 2017; x_wconf 83' lang='lat' dir='ltr'>sequere</span> <span class='ocrx_word' id='word_1_438' title='bbox 2414 1949 2657 2017; x_wconf 82' lang='lat' dir='ltr'>humilis,</span> <span class='ocrx_word' id='word_1_439' title='bbox 2683 1953 2967 2008; x_wconf 85' lang='lat' dir='ltr'>considera</span> <span class='ocrx_word' id='word_1_440' title='bbox 3004 1950 3100 2007; x_wconf 87' lang='lat' dir='ltr'>ubi</span> <span class='ocrx_word' id='word_1_441' title='bbox 3135 1951 3235 2008; x_wconf 90' lang='lat' dir='ltr'>sis.</span> 
     </span>
     <span class='ocr_line' id='line_1_62' title="bbox 1660 2037 3237 2111; baseline 0.002 -16"><span class='ocrx_word' id='word_1_442' title='bbox 1660 2037 1705 2095; x_wconf 92' lang='lat'>0</span> <span class='ocrx_word' id='word_1_443' title='bbox 1742 2048 2004 2108; x_wconf 82' lang='lat' dir='ltr'>quantum</span> <span class='ocrx_word' id='word_1_444' title='bbox 2043 2039 2188 2094; x_wconf 92' lang='lat' dir='ltr'>inter</span> <span class='ocrx_word' id='word_1_445' title='bbox 2242 2049 2296 2096; x_wconf 88' lang='lat' dir='ltr'>te</span> <span class='ocrx_word' id='word_1_446' title='bbox 2352 2048 2408 2096; x_wconf 85' lang='lat' dir='ltr'>et</span> <span class='ocrx_word' id='word_1_447' title='bbox 2444 2042 2644 2098; x_wconf 82' lang='lat' dir='ltr'>coelum</span> <span class='ocrx_word' id='word_1_448' title='bbox 2699 2043 2960 2099; x_wconf 84' lang='lat' dir='ltr'>interest!</span> <span class='ocrx_word' id='word_1_449' title='bbox 3002 2041 3237 2111; x_wconf 87' lang='lat' dir='ltr'>amplius</span> 
     </span>
     <span class='ocr_line' id='line_1_63' title="bbox 1659 2130 3233 2205; baseline 0.004 -21"><span class='ocrx_word' id='word_1_450' title='bbox 1659 2138 1841 2185; x_wconf 87' lang='lat' dir='ltr'>autem</span> <span class='ocrx_word' id='word_1_451' title='bbox 1868 2130 2266 2202; x_wconf 85' lang='lat' dir='ltr'>derelinquitur</span> <span class='ocrx_word' id='word_1_452' title='bbox 2293 2132 2489 2187; x_wconf 86' lang='lat' dir='ltr'>coelum</span> <span class='ocrx_word' id='word_1_453' title='bbox 2513 2147 2543 2186; x_wconf 95' lang='lat' dir='ltr'>a</span> <span class='ocrx_word' id='word_1_454' title='bbox 2564 2131 2693 2189; x_wconf 82' lang='lat' dir='ltr'>Deo.</span> <span class='ocrx_word' id='word_1_455' title='bbox 2714 2133 2828 2189; x_wconf 79' lang='lat' dir='ltr'>Non</span> <span class='ocrx_word' id='word_1_456' title='bbox 2860 2134 3050 2205; x_wconf 89' lang='lat' dir='ltr'>spatiis</span> <span class='ocrx_word' id='word_1_457' title='bbox 3073 2134 3233 2190; x_wconf 84' lang='lat' dir='ltr'>dico:</span> 
     </span>
     <span class='ocr_line' id='line_1_64' title="bbox 1660 2220 3232 2280; baseline 0.001 -4"><span class='ocrx_word' id='word_1_458' title='bbox 1660 2220 1793 2276; x_wconf 82' lang='lat' dir='ltr'>nibil</span> <span class='ocrx_word' id='word_1_459' title='bbox 1823 2222 1972 2276; x_wconf 87' lang='lat' dir='ltr'>enim</span> <span class='ocrx_word' id='word_1_460' title='bbox 2002 2222 2277 2278; x_wconf 87' lang='lat' dir='ltr'>desertum</span> <span class='ocrx_word' id='word_1_461' title='bbox 2306 2221 2417 2278; x_wconf 83' lang='lat' dir='ltr'>Deo</span> <span class='ocrx_word' id='word_1_462' title='bbox 2444 2231 2528 2278; x_wconf 78' lang='lat' dir='ltr'>est</span> <span class='ocrx_word' id='word_1_463' title='bbox 2563 2242 2576 2277; x_wconf 87' lang='lat'>:</span> <span class='ocrx_word' id='word_1_464' title='bbox 2608 2222 2660 2277; x_wconf 91' lang='lat' dir='ltr'>in</span> <span class='ocrx_word' id='word_1_465' title='bbox 2701 2221 2849 2278; x_wconf 88' lang='lat' dir='ltr'>nullo</span> <span class='ocrx_word' id='word_1_466' title='bbox 2880 2233 3063 2280; x_wconf 87' lang='lat' dir='ltr'>antem</span> <span class='ocrx_word' id='word_1_467' title='bbox 3098 2225 3232 2279; x_wconf 89' lang='lat' dir='ltr'>reti·-</span> 
     </span>
     <span class='ocr_line' id='line_1_65' title="bbox 1658 2310 3233 2386; baseline 0.003 -21"><span class='ocrx_word' id='word_1_468' title='bbox 1658 2319 1818 2367; x_wconf 88' lang='lat' dir='ltr'>netur</span> <span class='ocrx_word' id='word_1_469' title='bbox 1841 2310 2203 2368; x_wconf 81' lang='lat' dir='ltr'>Deus.·Forte</span> <span class='ocrx_word' id='word_1_470' title='bbox 2238 2312 2328 2368; x_wconf 86' lang='lat' dir='ltr'>isti</span> <span class='ocrx_word' id='word_1_471' title='bbox 2356 2326 2639 2369; x_wconf 83' lang='lat' dir='ltr'>sermones</span> <span class='ocrx_word' id='word_1_472' title='bbox 2677 2313 2838 2368; x_wconf 87' lang='lat' dir='ltr'>aliam</span> <span class='ocrx_word' id='word_1_473' title='bbox 2872 2313 3110 2386; x_wconf 88' lang='lat' dir='ltr'>linguam</span> <span class='ocrx_word' id='word_1_474' title='bbox 3135 2330 3233 2370; x_wconf 91' lang='lat' dir='ltr'>ne-</span> 
     </span>
     <span class='ocr_line' id='line_1_66' title="bbox 1657 2402 3231 2472; baseline 0.003 -15"><span class='ocrx_word' id='word_1_475' title='bbox 1657 2402 1949 2458; x_wconf 87' lang='lat' dir='ltr'>cessariam</span> <span class='ocrx_word' id='word_1_476' title='bbox 1985 2402 2210 2470; x_wconf 85' lang='lat' dir='ltr'>habeut,</span> <span class='ocrx_word' id='word_1_477' title='bbox 2230 2404 2357 2472; x_wconf 87' lang='lat' dir='ltr'>quia</span> <span class='ocrx_word' id='word_1_478' title='bbox 2403 2404 2543 2462; x_wconf 90' lang='lat' dir='ltr'>etde</span> <span class='ocrx_word' id='word_1_479' title='bbox 2567 2405 2673 2459; x_wconf 87' lang='lat' dir='ltr'>alia</span> <span class='ocrx_word' id='word_1_480' title='bbox 2710 2415 2901 2461; x_wconf 87' lang='lat' dir='ltr'>natura</span> <span class='ocrx_word' id='word_1_481' title='bbox 2961 2405 3231 2462; x_wconf 88' lang='lat' dir='ltr'>dicuutur.</span> 
     </span>
     <span class='ocr_line' id='line_1_67' title="bbox 1655 2492 3232 2565; baseline 0.001 -16"><span class='ocrx_word' id='word_1_482' title='bbox 1655 2492 1789 2549; x_wconf 86' lang='lat' dir='ltr'>Cum</span> <span class='ocrx_word' id='word_1_483' title='bbox 1844 2494 2009 2565; x_wconf 85' lang='lat' dir='ltr'>igitur</span> <span class='ocrx_word' id='word_1_484' title='bbox 2056 2508 2337 2551; x_wconf 82' lang='lat' dir='ltr'>sermones</span> <span class='ocrx_word' id='word_1_485' title='bbox 2402 2496 2530 2551; x_wconf 89' lang='lat' dir='ltr'>moti</span> <span class='ocrx_word' id='word_1_486' title='bbox 2610 2496 2812 2552; x_wconf 87' lang='lat' dir='ltr'>luerint</span> <span class='ocrx_word' id='word_1_487' title='bbox 2866 2496 2919 2550; x_wconf 92' lang='lat' dir='ltr'>in</span> <span class='ocrx_word' id='word_1_488' title='bbox 2979 2495 3232 2562; x_wconf 75' lang='lat' dir='ltr'>ecclesia,</span> 
     </span>
     <span class='ocr_line' id='line_1_68' title="bbox 1656 2584 3236 2658; baseline 0.003 -18"><span class='ocrx_word' id='word_1_489' title='bbox 1656 2584 1922 2655; x_wconf 84' lang='lat' dir='ltr'>siquidem</span> <span class='ocrx_word' id='word_1_490' title='bbox 1948 2584 2014 2641; x_wconf 91' lang='lat' dir='ltr'>de</span> <span class='ocrx_word' id='word_1_491' title='bbox 2043 2585 2295 2641; x_wconf 86' lang='lat' dir='ltr'>humanis</span> <span class='ocrx_word' id='word_1_492' title='bbox 2325 2587 2556 2657; x_wconf 82' lang='lat' dir='ltr'>negotiis</span> <span class='ocrx_word' id='word_1_493' title='bbox 2581 2627 2598 2650; x_wconf 70' lang='lat'><em>0</em></span> <span class='ocrx_word' id='word_1_494' title='bbox 2642 2588 3012 2658; x_wconf 86' lang='lat' dir='ltr'>unusquisque</span> <span class='ocrx_word' id='word_1_495' title='bbox 3039 2597 3236 2645; x_wconf 80' lang='lat' dir='ltr'>acutus</span> 
     </span>
     <span class='ocr_line' id='line_1_69' title="bbox 1655 2676 3233 2750; baseline 0.004 -18"><span class='ocrx_word' id='word_1_496' title='bbox 1655 2685 1712 2733; x_wconf 90' lang='grc' dir='ltr'>ει</span> <span class='ocrx_word' id='word_1_497' title='bbox 1734 2691 1861 2732; x_wconf 89' lang='lat' dir='ltr'>acer</span> <span class='ocrx_word' id='word_1_498' title='bbox 1887 2676 2121 2742; x_wconf 81' lang='lat' dir='ltr'>auditor,</span> <span class='ocrx_word' id='word_1_499' title='bbox 2151 2687 2206 2733; x_wconf 91' lang='lat' dir='ltr'>et</span> <span class='ocrx_word' id='word_1_500' title='bbox 2232 2694 2301 2734; x_wconf 85' lang='lat' dir='ltr'>ex</span> <span class='ocrx_word' id='word_1_501' title='bbox 2345 2680 2546 2749; x_wconf 85' lang='lat' dir='ltr'>quibus</span> <span class='ocrx_word' id='word_1_502' title='bbox 2576 2680 2807 2750; x_wconf 86' lang='lat' dir='ltr'>patitur,</span> <span class='ocrx_word' id='word_1_503' title='bbox 2849 2692 2905 2735; x_wconf 92' lang='lat' dir='ltr'>et</span> <span class='ocrx_word' id='word_1_504' title='bbox 2939 2694 3008 2735; x_wconf 77' lang='lat' dir='ltr'>ex</span> <span class='ocrx_word' id='word_1_505' title='bbox 3036 2683 3233 2750; x_wconf 86' lang='lat' dir='ltr'>quibus</span> 
     </span>
     <span class='ocr_line' id='line_1_70' title="bbox 1655 2768 3231 2844; baseline 0.005 -23"><span class='ocrx_word' id='word_1_506' title='bbox 1655 2768 1890 2822; x_wconf 83' lang='lat' dir='ltr'>admittit</span> <span class='ocrx_word' id='word_1_507' title='bbox 1921 2771 2215 2837; x_wconf 85' lang='lat' dir='ltr'>respiciens</span> <span class='ocrx_word' id='word_1_508' title='bbox 2243 2772 2312 2826; x_wconf 87' lang='lat' dir='ltr'>ad</span> <span class='ocrx_word' id='word_1_509' title='bbox 2343 2771 2641 2836; x_wconf 85' lang='lat' dir='ltr'>dicentem,</span> <span class='ocrx_word' id='word_1_510' title='bbox 2669 2781 2726 2827; x_wconf 95' lang='lat' dir='ltr'>et</span> <span class='ocrx_word' id='word_1_511' title='bbox 2763 2786 3086 2843; x_wconf 88' lang='lat' dir='ltr'>comparans</span> <span class='ocrx_word' id='word_1_512' title='bbox 3109 2788 3231 2844; x_wconf 77' lang='lat' dir='ltr'>quae</span> 
     </span>
     <span class='ocr_line' id='line_1_71' title="bbox 1655 2855 3235 2938; baseline 0.007 -27"><span class='ocrx_word' id='word_1_513' title='bbox 1655 2855 2019 2930; x_wconf 71' lang='lat' dir='ltr'>dicantur-‘Tris</span> <span class='ocrx_word' id='word_1_514' title='bbox 2048 2876 2169 2931; x_wconf 80' lang='lat' dir='ltr'>quae</span> <span class='ocrx_word' id='word_1_515' title='bbox 2204 2865 2341 2933; x_wconf 91' lang='lat' dir='ltr'>agit,</span> <span class='ocrx_word' id='word_1_516' title='bbox 2368 2871 2425 2919; x_wconf 90' lang='lat' dir='ltr'>et</span> <span class='ocrx_word' id='word_1_517' title='bbox 2449 2880 2569 2934; x_wconf 82' lang='lat' dir='ltr'>quae</span> <span class='ocrx_word' id='word_1_518' title='bbox 2593 2864 2946 2936; x_wconf 78' lang='lat' dir='ltr'>proferuntur</span> <span class='ocrx_word' id='word_1_519' title='bbox 2993 2867 3077 2922; x_wconf 85' lang='lat' dir='ltr'>his</span> <span class='ocrx_word' id='word_1_520' title='bbox 3113 2882 3235 2938; x_wconf 68' lang='lat' dir='ltr'>qum</span> 
     </span>
     <span class='ocr_line' id='line_1_72' title="bbox 1654 2952 3231 3029; baseline 0.006 -24"><span class='ocrx_word' id='word_1_521' title='bbox 1654 2952 1891 3022; x_wconf 83' lang='lat' dir='ltr'>patitur;</span> <span class='ocrx_word' id='word_1_522' title='bbox 1918 2954 2100 3009; x_wconf 79' lang='lat' dir='ltr'>statim</span> <span class='ocrx_word' id='word_1_523' title='bbox 2150 2957 2387 3025; x_wconf 88' lang='lat' dir='ltr'>prudeus</span> <span class='ocrx_word' id='word_1_524' title='bbox 2429 2967 2485 3011; x_wconf 90' lang='lat' dir='ltr'>et</span> <span class='ocrx_word' id='word_1_525' title='bbox 2524 2958 2878 3029; x_wconf 82' lang='lat' dir='ltr'>scrupulosus</span> <span class='ocrx_word' id='word_1_526' title='bbox 2903 2960 3117 3015; x_wconf 86' lang='lat' dir='ltr'>auditor</span> <span class='ocrx_word' id='word_1_527' title='bbox 3174 2971 3231 3015; x_wconf 89' lang='grc' dir='ltr'>ει</span> 
     </span>
     <span class='ocr_line' id='line_1_73' title="bbox 1655 3047 3232 3115; baseline 0.007 -17"><span class='ocrx_word' id='word_1_528' title='bbox 1655 3048 1874 3115; x_wconf 86' lang='lat' dir='ltr'>agnovit</span> <span class='ocrx_word' id='word_1_529' title='bbox 1899 3056 1953 3103; x_wconf 87' lang='lat' dir='ltr'>et</span> <span class='ocrx_word' id='word_1_530' title='bbox 1979 3050 2276 3105; x_wconf 84' lang='lat' dir='ltr'>consensit.</span> <span class='ocrx_word' id='word_1_531' title='bbox 2302 3047 2436 3105; x_wconf 90' lang='lat' dir='ltr'>Cum</span> <span class='ocrx_word' id='word_1_532' title='bbox 2477 3060 2660 3107; x_wconf 90' lang='lat' dir='ltr'>autem</span> <span class='ocrx_word' id='word_1_533' title='bbox 2687 3056 3232 3109; x_wconf 67' lang='lat' dir='ltr'>transmutat-erimus</span> 
     </span>
     <span class='ocr_line' id='line_1_74' title="bbox 1655 3134 3226 3210; baseline 0.006 -19"><span class='ocrx_word' id='word_1_534' title='bbox 1655 3152 1983 3207; x_wconf 87' lang='lat' dir='ltr'>sermonem,</span> <span class='ocrx_word' id='word_1_535' title='bbox 2014 3142 2154 3196; x_wconf 88' lang='lat' dir='ltr'>etab</span> <span class='ocrx_word' id='word_1_536' title='bbox 2181 3140 2433 3197; x_wconf 78' lang='lat' dir='ltr'>humanis</span> <span class='ocrx_word' id='word_1_537' title='bbox 2465 3134 2873 3210; x_wconf 82' lang='lat' dir='ltr'>recesserimus,</span> <span class='ocrx_word' id='word_1_538' title='bbox 2896 3153 2953 3200; x_wconf 88' lang='grc' dir='ltr'>ει</span> <span class='ocrx_word' id='word_1_539' title='bbox 2975 3145 3042 3200; x_wconf 85' lang='lat' dir='ltr'>ad</span> <span class='ocrx_word' id='word_1_540' title='bbox 3061 3145 3226 3201; x_wconf 85' lang='lat' dir='ltr'>Deum</span> 
     </span>
     <span class='ocr_line' id='line_1_75' title="bbox 1655 3232 3225 3305; baseline 0.005 -22"><span class='ocrx_word' id='word_1_541' title='bbox 1655 3238 1891 3284; x_wconf 84' lang='lat' dir='ltr'>mentem</span> <span class='ocrx_word' id='word_1_542' title='bbox 1940 3232 2342 3287; x_wconf 89' lang='lat' dir='ltr'>ostenderimus</span> <span class='ocrx_word' id='word_1_543' title='bbox 2377 3232 2491 3305; x_wconf 87' lang='grc'><strong>(17)</strong></span> <span class='ocrx_word' id='word_1_544' title='bbox 2544 3243 2785 3289; x_wconf 86' lang='lat' dir='ltr'>nostram</span> <span class='ocrx_word' id='word_1_545' title='bbox 2827 3251 2841 3289; x_wconf 75' lang='grc' dir='ltr'><strong>ε</strong></span> <span class='ocrx_word' id='word_1_546' title='bbox 2900 3235 3024 3291; x_wconf 88' lang='lat' dir='ltr'>istic</span> <span class='ocrx_word' id='word_1_547' title='bbox 3072 3236 3225 3291; x_wconf 90' lang='lat' dir='ltr'>multi</span> 
     </span>
     <span class='ocr_line' id='line_1_76' title="bbox 1653 3320 3228 3395; baseline 0.004 -20"><span class='ocrx_word' id='word_1_548' title='bbox 1653 3320 1872 3391; x_wconf 90' lang='lat' dir='ltr'>quidem</span> <span class='ocrx_word' id='word_1_549' title='bbox 1912 3322 2273 3389; x_wconf 84' lang='lat' dir='ltr'>suscitantur,</span> <span class='ocrx_word' id='word_1_550' title='bbox 2319 3324 2537 3395; x_wconf 86' lang='lat' dir='ltr'>quidam</span> <span class='ocrx_word' id='word_1_551' title='bbox 2591 3335 2886 3394; x_wconf 78' lang='lat' dir='ltr'>gravantur</span> <span class='ocrx_word' id='word_1_552' title='bbox 2929 3341 2963 3381; x_wconf 89' lang='lat' dir='ltr'>a</span> <span class='ocrx_word' id='word_1_553' title='bbox 3012 3340 3228 3392; x_wconf 89' lang='lat' dir='ltr'>somno,</span> 
     </span>
     <span class='ocr_line' id='line_1_77' title="bbox 1654 3410 3227 3483; baseline 0.004 -15"><span class='ocrx_word' id='word_1_554' title='bbox 1654 3410 1748 3468; x_wconf 86' lang='lat' dir='ltr'>alii</span> <span class='ocrx_word' id='word_1_555' title='bbox 1767 3412 2002 3470; x_wconf 88' lang='lat' dir='ltr'>delirare</span> <span class='ocrx_word' id='word_1_556' title='bbox 2040 3422 2236 3483; x_wconf 87' lang='lat' dir='ltr'>putant</span> <span class='ocrx_word' id='word_1_557' title='bbox 2261 3415 2557 3472; x_wconf 78' lang='lat' dir='ltr'>dicentem.</span> <span class='ocrx_word' id='word_1_558' title='bbox 2593 3415 2663 3474; x_wconf 86' lang='lat' dir='ltr'>Ut</span> <span class='ocrx_word' id='word_1_559' title='bbox 2712 3426 2894 3474; x_wconf 89' lang='lat' dir='ltr'>autem</span> <span class='ocrx_word' id='word_1_560' title='bbox 2942 3419 3227 3475; x_wconf 84' lang='lat' dir='ltr'>condiscas</span> 
     </span>
     <span class='ocr_line' id='line_1_78' title="bbox 1655 3501 3229 3582; baseline 0.006 -25"><span class='ocrx_word' id='word_1_561' title='bbox 1655 3501 1758 3560; x_wconf 82' lang='lat' dir='ltr'>boc</span> <span class='ocrx_word' id='word_1_562' title='bbox 1783 3503 1977 3559; x_wconf 81' lang='lat' dir='ltr'>vitium</span> <span class='ocrx_word' id='word_1_563' title='bbox 2003 3504 2076 3559; x_wconf 91' lang='lat' dir='ltr'>ita</span> <span class='ocrx_word' id='word_1_564' title='bbox 2109 3519 2251 3570; x_wconf 88' lang='lat' dir='ltr'>esse,</span> <span class='ocrx_word' id='word_1_565' title='bbox 2292 3506 2492 3561; x_wconf 77' lang='lat' dir='ltr'>audeat</span> <span class='ocrx_word' id='word_1_566' title='bbox 2541 3509 2665 3579; x_wconf 90' lang='lat' dir='ltr'>quis</span> <span class='ocrx_word' id='word_1_567' title='bbox 2699 3508 2958 3565; x_wconf 82' lang='lat' dir='ltr'>honestus</span> <span class='ocrx_word' id='word_1_568' title='bbox 3014 3511 3229 3582; x_wconf 85' lang='lat' dir='ltr'>ingres-</span> 
     </span>
     <span class='ocr_line' id='line_1_79' title="bbox 1652 3595 3226 3671; baseline 0.008 -23"><span class='ocrx_word' id='word_1_569' title='bbox 1652 3607 1747 3651; x_wconf 88' lang='lat' dir='ltr'>sus</span> <span class='ocrx_word' id='word_1_570' title='bbox 1775 3595 2043 3653; x_wconf 86' lang='lat' dir='ltr'>theatrum</span> <span class='ocrx_word' id='word_1_571' title='bbox 2069 3597 2252 3654; x_wconf 89' lang='lat' dir='ltr'>dicere</span> <span class='ocrx_word' id='word_1_572' title='bbox 2278 3613 2406 3653; x_wconf 83' lang='lat' dir='ltr'>vera</span> <span class='ocrx_word' id='word_1_573' title='bbox 2456 3600 2542 3656; x_wconf 81' lang='lat' dir='ltr'>liis</span> <span class='ocrx_word' id='word_1_574' title='bbox 2580 3602 2671 3671; x_wconf 89' lang='lat' dir='ltr'>qui</span> <span class='ocrx_word' id='word_1_575' title='bbox 2718 3602 2972 3659; x_wconf 82' lang='lat' dir='ltr'>mendose</span> <span class='ocrx_word' id='word_1_576' title='bbox 3009 3605 3226 3661; x_wconf 81' lang='lat' dir='ltr'>conlin-</span> 
     </span>
     <span class='ocr_line' id='line_1_80' title="bbox 1653 3692 3221 3761; baseline 0.008 -20"><span class='ocrx_word' id='word_1_577' title='bbox 1653 3697 1804 3758; x_wconf 86' lang='lat' dir='ltr'>gunt,</span> <span class='ocrx_word' id='word_1_578' title='bbox 1829 3696 1885 3744; x_wconf 90' lang='lat' dir='ltr'>et</span> <span class='ocrx_word' id='word_1_579' title='bbox 1911 3704 2193 3746; x_wconf 83' lang='lat' dir='ltr'>assumere</span> <span class='ocrx_word' id='word_1_580' title='bbox 2222 3692 2586 3748; x_wconf 81' lang='lat' dir='ltr'>constantiam</span> <span class='ocrx_word' id='word_1_581' title='bbox 2613 3695 2903 3761; x_wconf 86' lang='lat' dir='ltr'>decoram;</span> <span class='ocrx_word' id='word_1_582' title='bbox 2939 3696 2983 3750; x_wconf 89' lang='lat' dir='ltr'>si</span> <span class='ocrx_word' id='word_1_583' title='bbox 3037 3708 3221 3753; x_wconf 79' lang='lat' dir='ltr'>autem</span> 
     </span>
     <span class='ocr_line' id='line_1_81' title="bbox 1651 3780 3219 3858; baseline 0.007 -23"><span class='ocrx_word' id='word_1_584' title='bbox 1651 3789 1706 3836; x_wconf 84' lang='lat' dir='ltr'>et</span> <span class='ocrx_word' id='word_1_585' title='bbox 1734 3780 1788 3836; x_wconf 92' lang='lat' dir='ltr'>iu</span> <span class='ocrx_word' id='word_1_586' title='bbox 1813 3780 1907 3836; x_wconf 86' lang='lat' dir='ltr'>iiio</span> <span class='ocrx_word' id='word_1_587' title='bbox 1934 3783 2189 3839; x_wconf 89' lang='lat' dir='ltr'>decorum</span> <span class='ocrx_word' id='word_1_588' title='bbox 2213 3795 2296 3840; x_wconf 89' lang='lat' dir='ltr'>est</span> <span class='ocrx_word' id='word_1_589' title='bbox 2319 3786 2526 3858; x_wconf 87' lang='lat' dir='ltr'>ingredi</span> <span class='ocrx_word' id='word_1_590' title='bbox 2555 3786 2710 3853; x_wconf 84' lang='lat' dir='ltr'>loco;</span> <span class='ocrx_word' id='word_1_591' title='bbox 2741 3796 2795 3841; x_wconf 90' lang='lat' dir='ltr'>et</span> <span class='ocrx_word' id='word_1_592' title='bbox 2826 3788 3047 3858; x_wconf 89' lang='lat' dir='ltr'>incipiat</span> <span class='ocrx_word' id='word_1_593' title='bbox 3072 3790 3219 3845; x_wconf 84' lang='lat' dir='ltr'>dioe-</span> 
     </span>
     <span class='ocr_line' id='line_1_82' title="bbox 1652 3874 3222 3939; baseline 0.002 -8"><span class='ocrx_word' id='word_1_594' title='bbox 1652 3886 1712 3931; x_wconf 83' lang='lat' dir='ltr'>re</span> <span class='ocrx_word' id='word_1_595' title='bbox 1738 3892 1752 3927; x_wconf 72' lang='grc' dir='ltr'>ε</span> <span class='ocrx_word' id='word_1_596' title='bbox 1782 3874 2055 3939; x_wconf 86' lang='lat' dir='ltr'>lusanitis,</span> <span class='ocrx_word' id='word_1_597' title='bbox 2076 3890 2111 3930; x_wconf 87' lang='lat' dir='ltr'>o</span> <span class='ocrx_word' id='word_1_598' title='bbox 2132 3874 2382 3933; x_wconf 88' lang='lat' dir='ltr'>homines</span> <span class='ocrx_word' id='word_1_599' title='bbox 2413 3892 2430 3934; x_wconf 70' lang='grc' dir='ltr'><strong><em>ε</em></strong></span> <span class='ocrx_word' id='word_1_600' title='bbox 2465 3892 2574 3933; x_wconf 91' lang='lat' dir='ltr'>non</span> <span class='ocrx_word' id='word_1_601' title='bbox 2611 3878 2805 3934; x_wconf 81' lang='lat' dir='ltr'>videtis</span> <span class='ocrx_word' id='word_1_602' title='bbox 2845 3878 3016 3934; x_wconf 90' lang='lat' dir='ltr'>oculis</span> <span class='ocrx_word' id='word_1_603' title='bbox 3048 3898 3061 3935; x_wconf 91' lang='lat'>:</span> <span class='ocrx_word' id='word_1_604' title='bbox 3095 3895 3222 3934; x_wconf 88' lang='lat' dir='ltr'>sur·</span> 
     </span>
     <span class='ocr_line' id='line_1_83' title="bbox 1651 3966 3220 4041; baseline 0.004 -19"><span class='ocrx_word' id='word_1_605' title='bbox 1651 3966 1733 4022; x_wconf 81' lang='lat' dir='ltr'>dae</span> <span class='ocrx_word' id='word_1_606' title='bbox 1755 3967 1908 4023; x_wconf 78' lang='lat' dir='ltr'>vobis</span> <span class='ocrx_word' id='word_1_607' title='bbox 1927 3978 2054 4024; x_wconf 90' lang='lat' dir='ltr'>sunt</span> <span class='ocrx_word' id='word_1_608' title='bbox 2080 3984 2261 4025; x_wconf 88' lang='lat' dir='ltr'>aures.</span> <span class='ocrx_word' id='word_1_609' title='bbox 2293 3970 2399 4026; x_wconf 85' lang='lat' dir='ltr'>iste</span> <span class='ocrx_word' id='word_1_610' title='bbox 2440 3971 2584 4027; x_wconf 89' lang='lat' dir='ltr'>enim</span> <span class='ocrx_word' id='word_1_611' title='bbox 2611 3971 2704 4041; x_wconf 85' lang='lat' dir='ltr'>qui</span> <span class='ocrx_word' id='word_1_612' title='bbox 2735 3970 2916 4040; x_wconf 88' lang='lat' dir='ltr'>saltat,</span> <span class='ocrx_word' id='word_1_613' title='bbox 2950 3971 3088 4027; x_wconf 89' lang='lat' dir='ltr'>ludit</span> <span class='ocrx_word' id='word_1_614' title='bbox 3126 3988 3220 4028; x_wconf 81' lang='lat' dir='ltr'>ve-</span> 
     </span>
     <span class='ocr_line' id='line_1_84' title="bbox 1650 4062 3218 4134; baseline 0.001 -17"><span class='ocrx_word' id='word_1_615' title='bbox 1650 4074 1818 4119; x_wconf 83' lang='lat' dir='ltr'>stram</span> <span class='ocrx_word' id='word_1_616' title='bbox 1836 4062 2148 4128; x_wconf 90' lang='lat' dir='ltr'>cultionem,</span> <span class='ocrx_word' id='word_1_617' title='bbox 2171 4063 2419 4133; x_wconf 86' lang='lat' dir='ltr'>deturpat</span> <span class='ocrx_word' id='word_1_618' title='bbox 2444 4078 2508 4119; x_wconf 90' lang='lat' dir='ltr'>ea</span> <span class='ocrx_word' id='word_1_619' title='bbox 2552 4078 2671 4134; x_wconf 83' lang='lat' dir='ltr'>quae</span> <span class='ocrx_word' id='word_1_620' title='bbox 2706 4063 2918 4132; x_wconf 87' lang='lat' dir='ltr'>colitis,</span> <span class='ocrx_word' id='word_1_621' title='bbox 2956 4064 3218 4119; x_wconf 86' lang='lat' dir='ltr'>mentitur</span> 
     </span>
     <span class='ocr_line' id='line_1_85' title="bbox 1651 4155 3224 4229; baseline -0.001 -17"><span class='ocrx_word' id='word_1_622' title='bbox 1651 4158 1776 4223; x_wconf 86' lang='lat' dir='ltr'>iste,</span> <span class='ocrx_word' id='word_1_623' title='bbox 1803 4164 1861 4211; x_wconf 92' lang='lat' dir='ltr'>et</span> <span class='ocrx_word' id='word_1_624' title='bbox 1889 4171 1987 4213; x_wconf 78' lang='lat' dir='ltr'>vos</span> <span class='ocrx_word' id='word_1_625' title='bbox 2008 4156 2349 4212; x_wconf 89' lang='lat' dir='ltr'>consentitis.</span> <span class='ocrx_word' id='word_1_626' title='bbox 2378 4155 2545 4212; x_wconf 81' lang='lat' dir='ltr'>Putas</span> <span class='ocrx_word' id='word_1_627' title='bbox 2572 4158 2848 4229; x_wconf 89' lang='lat' dir='ltr'>patientur</span> <span class='ocrx_word' id='word_1_628' title='bbox 2868 4197 2885 4223; x_wconf 96' lang='lat'>,</span> <span class='ocrx_word' id='word_1_629' title='bbox 2916 4167 2973 4211; x_wconf 92' lang='lat' dir='ltr'>ut</span> <span class='ocrx_word' id='word_1_630' title='bbox 3005 4157 3224 4228; x_wconf 83' lang='lat' dir='ltr'>impleat</span> 
     </span>
    </p>
   </div>
   <div class='ocr_carea' id='block_1_12' title="bbox 1649 4248 3224 4409">
    <p class='ocr_par' dir='ltr' id='par_1_12' title="bbox 1649 4248 3224 4409">
     <span class='ocr_line' id='line_1_86' title="bbox 1649 4248 3224 4321; baseline 0 -17"><span class='ocrx_word' id='word_1_631' title='bbox 1649 4248 2054 4305; x_wconf 85' lang='lat' dir='ltr'>accusationem</span> <span class='ocrx_word' id='word_1_632' title='bbox 2082 4259 2136 4304; x_wconf 93' lang='lat' dir='ltr'>et</span> <span class='ocrx_word' id='word_1_633' title='bbox 2164 4250 2560 4305; x_wconf 81' lang='lat' dir='ltr'>convictionem</span> <span class='ocrx_word' id='word_1_634' title='bbox 2577 4290 2593 4316; x_wconf 88' lang='lat'>,</span> <span class='ocrx_word' id='word_1_635' title='bbox 2616 4257 2671 4304; x_wconf 91' lang='lat' dir='ltr'>et</span> <span class='ocrx_word' id='word_1_636' title='bbox 2697 4265 2803 4304; x_wconf 90' lang='lat' dir='ltr'>non</span> <span class='ocrx_word' id='word_1_637' title='bbox 2829 4248 2998 4321; x_wconf 87' lang='lat' dir='ltr'>ipsius</span> <span class='ocrx_word' id='word_1_638' title='bbox 3024 4248 3224 4305; x_wconf 83' lang='lat' dir='ltr'>theatri</span> 
     </span>
     <span class='ocr_line' id='line_1_87' title="bbox 1650 4335 3223 4409; baseline 0.001 -18"><span class='ocrx_word' id='word_1_639' title='bbox 1650 4336 1983 4406; x_wconf 86' lang='lat' dir='ltr'>accipientes</span> <span class='ocrx_word' id='word_1_640' title='bbox 2016 4335 2221 4405; x_wconf 86' lang='lat' dir='ltr'>lapides</span> <span class='ocrx_word' id='word_1_641' title='bbox 2257 4337 2434 4394; x_wconf 88' lang='lat' dir='ltr'>mittet</span> <span class='ocrx_word' id='word_1_642' title='bbox 2476 4346 2571 4393; x_wconf 85' lang='lat' dir='ltr'>aut</span> <span class='ocrx_word' id='word_1_643' title='bbox 2605 4338 2787 4393; x_wconf 79' lang='lat' dir='ltr'>volvet</span> <span class='ocrx_word' id='word_1_644' title='bbox 2826 4338 3223 4409; x_wconf 85' lang='lat' dir='ltr'>unusquisque,</span> 
     </span>
    </p>
   </div>
   <div class='ocr_carea' id='block_1_13' title="bbox 1651 4426 3223 4501">
    <p class='ocr_par' dir='ltr' id='par_1_13' title="bbox 1651 4426 3223 4501">
     <span class='ocr_line' id='line_1_88' title="bbox 1651 4426 3223 4501; baseline 0.004 -19"><span class='ocrx_word' id='word_1_645' title='bbox 1651 4435 1711 4482; x_wconf 90' lang='lat' dir='ltr'>ut</span> <span class='ocrx_word' id='word_1_646' title='bbox 1739 4429 1786 4485; x_wconf 88' lang='lat' dir='ltr'>ei</span> <span class='ocrx_word' id='word_1_647' title='bbox 1828 4426 1993 4483; x_wconf 79' lang='lat' dir='ltr'>fuerit</span> <span class='ocrx_word' id='word_1_648' title='bbox 2017 4429 2210 4495; x_wconf 83' lang='lat' dir='ltr'>virtus,</span> <span class='ocrx_word' id='word_1_649' title='bbox 2240 4440 2495 4501; x_wconf 86' lang='lat' dir='ltr'>tanquam</span> <span class='ocrx_word' id='word_1_650' title='bbox 2548 4430 2614 4485; x_wconf 89' lang='lat' dir='ltr'>ad</span> <span class='ocrx_word' id='word_1_651' title='bbox 2653 4433 2996 4501; x_wconf 87' lang='lat' dir='ltr'>deceptorem</span> <span class='ocrx_word' id='word_1_652' title='bbox 3036 4441 3092 4488; x_wconf 95' lang='lat' dir='ltr'>et</span> <span class='ocrx_word' id='word_1_653' title='bbox 3140 4432 3223 4489; x_wconf 90' lang='lat' dir='ltr'>in·</span> 
     </span>
    </p>
   </div>
   <div class='ocr_carea' id='block_1_14' title="bbox 342 4505 3221 4594">
    <p class='ocr_par' dir='ltr' id='par_1_14' title="bbox 342 4505 3221 4594">
     <span class='ocr_line' id='line_1_89' title="bbox 342 4505 3221 4594; baseline 0.002 -20"><span class='ocrx_word' id='word_1_654' title='bbox 342 4518 545 4586; x_wconf 90' lang='lat' dir='ltr'>omnia,</span> <span class='ocrx_word' id='word_1_655' title='bbox 567 4534 674 4574; x_wconf 92' lang='lat' dir='ltr'>non</span> <span class='ocrx_word' id='word_1_656' title='bbox 706 4518 978 4574; x_wconf 78' lang='lat' dir='ltr'>habebant</span> <span class='ocrx_word' id='word_1_657' title='bbox 1002 4517 1182 4574; x_wconf 89' lang='lat' dir='ltr'>locum</span> <span class='ocrx_word' id='word_1_658' title='bbox 1213 4532 1389 4587; x_wconf 87' lang='lat' dir='ltr'>mare,</span> <span class='ocrx_word' id='word_1_659' title='bbox 1432 4527 1544 4575; x_wconf 87' lang='lat' dir='ltr'>ter·</span> <span class='ocrx_word' id='word_1_660' title='bbox 1577 4505 1622 4562; x_wconf 75' lang='grc' dir='ltr'>Ι)</span> <span class='ocrx_word' id='word_1_661' title='bbox 1651 4521 2009 4579; x_wconf 84' lang='lat' dir='ltr'>terlicientem</span> <span class='ocrx_word' id='word_1_662' title='bbox 2046 4523 2139 4594; x_wconf 88' lang='lat' dir='ltr'>qui</span> <span class='ocrx_word' id='word_1_663' title='bbox 2190 4523 2511 4579; x_wconf 79' lang='lat' dir='ltr'>beneficium</span> <span class='ocrx_word' id='word_1_664' title='bbox 2558 4524 2866 4579; x_wconf 69' lang='lat' dir='ltr'>tribuebat?</span> <span class='ocrx_word' id='word_1_665' title='bbox 2924 4524 2982 4581; x_wconf 81' lang='lat' dir='ltr'>Si</span> <span class='ocrx_word' id='word_1_666' title='bbox 3043 4536 3221 4581; x_wconf 88' lang='lat' dir='ltr'>autem</span> 
     </span>
    </p>
   </div>
   <div class='ocr_carea' id='block_1_15' title="bbox 319 4610 1548 5512">
    <p class='ocr_par' dir='ltr' id='par_1_15' title="bbox 319 4610 1548 5512">
     <span class='ocr_line' id='line_1_90' title="bbox 320 4610 1546 4681; baseline 0.001 -15"><span class='ocrx_word' id='word_1_667' title='bbox 320 4627 362 4667; x_wconf 83' lang='grc' dir='ltr'>ι.</span> <span class='ocrx_word' id='word_1_668' title='bbox 394 4610 453 4668; x_wconf 85' lang='lat' dir='ltr'>Si</span> <span class='ocrx_word' id='word_1_669' title='bbox 487 4620 667 4667; x_wconf 88' lang='lat' dir='ltr'>autem</span> <span class='ocrx_word' id='word_1_670' title='bbox 708 4611 926 4681; x_wconf 85' lang='lat' dir='ltr'>quidem</span> <span class='ocrx_word' id='word_1_671' title='bbox 954 4611 1058 4667; x_wconf 90' lang='lat' dir='ltr'>ista</span> <span class='ocrx_word' id='word_1_672' title='bbox 1086 4620 1236 4679; x_wconf 91' lang='lat' dir='ltr'>sunt,</span> <span class='ocrx_word' id='word_1_673' title='bbox 1270 4610 1413 4669; x_wconf 87' lang='lat' dir='ltr'>Deus</span> <span class='ocrx_word' id='word_1_674' title='bbox 1447 4626 1546 4667; x_wconf 88' lang='lat' dir='ltr'>au-</span> 
     </span>
     <span class='ocr_line' id='line_1_91' title="bbox 319 4702 1548 4774; baseline 0.002 -19"><span class='ocrx_word' id='word_1_675' title='bbox 319 4707 371 4769; x_wconf 65' lang='lat' dir='ltr'>it,</span> <span class='ocrx_word' id='word_1_676' title='bbox 401 4710 456 4757; x_wconf 94' lang='lat' dir='ltr'>et</span> <span class='ocrx_word' id='word_1_677' title='bbox 488 4702 774 4774; x_wconf 83' lang='lat' dir='ltr'>gubernat,</span> <span class='ocrx_word' id='word_1_678' title='bbox 797 4711 853 4758; x_wconf 90' lang='lat' dir='ltr'>et</span> <span class='ocrx_word' id='word_1_679' title='bbox 890 4703 1065 4773; x_wconf 78' lang='lat' dir='ltr'>regit3</span> <span class='ocrx_word' id='word_1_680' title='bbox 1123 4702 1411 4760; x_wconf 82' lang='lat' dir='ltr'>invisibilis</span> <span class='ocrx_word' id='word_1_681' title='bbox 1462 4714 1548 4759; x_wconf 87' lang='lat' dir='ltr'>est</span> 
     </span>
     <span class='ocr_line' id='line_1_92' title="bbox 319 4790 1546 4864; baseline 0.002 -17"><span class='ocrx_word' id='word_1_682' title='bbox 319 4791 546 4849; x_wconf 65' lang='lat' dir='ltr'>sibilibus</span> <span class='ocrx_word' id='word_1_683' title='bbox 591 4793 747 4863; x_wconf 87' lang='lat' dir='ltr'>aquis</span> <span class='ocrx_word' id='word_1_684' title='bbox 791 4801 1127 4862; x_wconf 85' lang='lat' dir='ltr'>superstans.</span> <span class='ocrx_word' id='word_1_685' title='bbox 1169 4790 1227 4848; x_wconf 89' lang='lat' dir='ltr'>Si</span> <span class='ocrx_word' id='word_1_686' title='bbox 1259 4792 1402 4848; x_wconf 91' lang='lat' dir='ltr'>enim</span> <span class='ocrx_word' id='word_1_687' title='bbox 1430 4792 1546 4864; x_wconf 88' lang='lat' dir='ltr'>ipse</span> 
     </span>
     <span class='ocr_line' id='line_1_93' title="bbox 319 4886 1542 4956; baseline 0.002 -17"><span class='ocrx_word' id='word_1_688' title='bbox 319 4892 392 4951; x_wconf 78' lang='lat' dir='ltr'>et,</span> <span class='ocrx_word' id='word_1_689' title='bbox 447 4900 720 4955; x_wconf 87' lang='lat' dir='ltr'>uunquam</span> <span class='ocrx_word' id='word_1_690' title='bbox 762 4899 920 4956; x_wconf 82' lang='lat' dir='ltr'>passa</span> <span class='ocrx_word' id='word_1_691' title='bbox 966 4886 1155 4941; x_wconf 79' lang='lat' dir='ltr'>ruisset</span> <span class='ocrx_word' id='word_1_692' title='bbox 1199 4894 1342 4940; x_wconf 88' lang='lat' dir='ltr'>terra</span> <span class='ocrx_word' id='word_1_693' title='bbox 1370 4900 1542 4952; x_wconf 84' lang='lat' dir='ltr'>mare,</span> 
     </span>
     <span class='ocr_line' id='line_1_94' title="bbox 319 4976 1539 5047; baseline 0.003 -19"><span class='ocrx_word' id='word_1_694' title='bbox 319 4992 396 5032; x_wconf 79' lang='lat' dir='ltr'>ire</span> <span class='ocrx_word' id='word_1_695' title='bbox 419 4984 644 5044; x_wconf 86' lang='lat' dir='ltr'>terram,</span> <span class='ocrx_word' id='word_1_696' title='bbox 689 4976 914 5032; x_wconf 79' lang='lat' dir='ltr'>adversa</span> <span class='ocrx_word' id='word_1_697' title='bbox 964 4987 1021 5032; x_wconf 88' lang='lat' dir='ltr'>et</span> <span class='ocrx_word' id='word_1_698' title='bbox 1061 4976 1287 5047; x_wconf 77' lang='lat' dir='ltr'>iurgans</span> <span class='ocrx_word' id='word_1_699' title='bbox 1346 4988 1539 5033; x_wconf 81' lang='lat' dir='ltr'>natura</span> 
     </span>
     <span class='ocr_line' id='line_1_95' title="bbox 319 5070 1539 5138; baseline 0.002 -15"><span class='ocrx_word' id='word_1_700' title='bbox 319 5083 395 5134; x_wconf 64' lang='lat' dir='ltr'>se,</span> <span class='ocrx_word' id='word_1_701' title='bbox 424 5080 480 5124; x_wconf 91' lang='lat' dir='ltr'>et</span> <span class='ocrx_word' id='word_1_702' title='bbox 527 5070 816 5138; x_wconf 84' lang='lat' dir='ltr'>extollens,</span> <span class='ocrx_word' id='word_1_703' title='bbox 869 5080 926 5126; x_wconf 89' lang='lat' dir='ltr'>et</span> <span class='ocrx_word' id='word_1_704' title='bbox 974 5070 1209 5137; x_wconf 87' lang='lat' dir='ltr'>minans,</span> <span class='ocrx_word' id='word_1_705' title='bbox 1237 5070 1432 5126; x_wconf 87' lang='lat' dir='ltr'>indens</span> <span class='ocrx_word' id='word_1_706' title='bbox 1484 5078 1539 5126; x_wconf 90' lang='lat' dir='ltr'>et</span> 
     </span>
     <span class='ocr_line' id='line_1_96' title="bbox 335 5159 1543 5232; baseline 0.004 -17"><span class='ocrx_word' id='word_1_707' title='bbox 335 5159 445 5232; x_wconf 87' lang='grc'><strong>(16)</strong></span> <span class='ocrx_word' id='word_1_708' title='bbox 471 5177 486 5225; x_wconf 88' lang='grc'>;</span> <span class='ocrx_word' id='word_1_709' title='bbox 516 5162 771 5217; x_wconf 84' lang='lat' dir='ltr'>invisibili</span> <span class='ocrx_word' id='word_1_710' title='bbox 799 5171 978 5217; x_wconf 87' lang='lat' dir='ltr'>autern</span> <span class='ocrx_word' id='word_1_711' title='bbox 1008 5176 1168 5218; x_wconf 87' lang='lat' dir='ltr'>manu</span> <span class='ocrx_word' id='word_1_712' title='bbox 1191 5178 1287 5218; x_wconf 85' lang='lat' dir='ltr'>sua</span> <span class='ocrx_word' id='word_1_713' title='bbox 1321 5164 1543 5220; x_wconf 84' lang='lat' dir='ltr'>statutis</span> 
     </span>
     <span class='ocr_line' id='line_1_97' title="bbox 322 5253 1542 5325; baseline 0.002 -17"><span class='ocrx_word' id='word_1_714' title='bbox 322 5270 347 5308; x_wconf 86' lang='lat' dir='ltr'>s</span> <span class='ocrx_word' id='word_1_715' title='bbox 371 5256 438 5309; x_wconf 88' lang='lat' dir='ltr'>lis</span> <span class='ocrx_word' id='word_1_716' title='bbox 461 5268 564 5308; x_wconf 88' lang='lat' dir='ltr'>non</span> <span class='ocrx_word' id='word_1_717' title='bbox 597 5253 1011 5325; x_wconf 84' lang='lat' dir='ltr'>transgreditur.</span> <span class='ocrx_word' id='word_1_718' title='bbox 1057 5253 1201 5323; x_wconf 78' lang='lat' dir='ltr'>Ergo</span> <span class='ocrx_word' id='word_1_719' title='bbox 1225 5267 1322 5325; x_wconf 89' lang='lat' dir='ltr'>per</span> <span class='ocrx_word' id='word_1_720' title='bbox 1353 5255 1542 5311; x_wconf 79' lang='lat' dir='ltr'>visibi-</span> 
     </span>
     <span class='ocr_line' id='line_1_98' title="bbox 322 5346 1540 5419; baseline 0.002 -19"><span class='ocrx_word' id='word_1_721' title='bbox 322 5349 365 5403; x_wconf 88' lang='lat' dir='ltr'>is</span> <span class='ocrx_word' id='word_1_722' title='bbox 431 5348 787 5417; x_wconf 87' lang='lat' dir='ltr'>conspicitur,</span> <span class='ocrx_word' id='word_1_723' title='bbox 815 5349 959 5403; x_wconf 92' lang='lat' dir='ltr'>sicut</span> <span class='ocrx_word' id='word_1_724' title='bbox 984 5348 1248 5419; x_wconf 89' lang='lat' dir='ltr'>scriptum</span> <span class='ocrx_word' id='word_1_725' title='bbox 1274 5358 1354 5403; x_wconf 89' lang='lat' dir='ltr'>est</span> <span class='ocrx_word' id='word_1_726' title='bbox 1386 5366 1402 5403; x_wconf 77' lang='lat' dir='ltr'><strong><em>z</em></strong></span> <span class='ocrx_word' id='word_1_727' title='bbox 1437 5346 1540 5403; x_wconf 84' lang='lat' dir='ltr'>In-</span> 
     </span>
     <span class='ocr_line' id='line_1_99' title="bbox 319 5440 1536 5512; baseline 0.001 -18"><span class='ocrx_word' id='word_1_728' title='bbox 319 5458 391 5495; x_wconf 77' lang='lat' dir='ltr'>em</span> <span class='ocrx_word' id='word_1_729' title='bbox 417 5442 532 5496; x_wconf 78' lang='lat' dir='ltr'>eius</span> <span class='ocrx_word' id='word_1_730' title='bbox 563 5458 656 5512; x_wconf 82' lang='lat' dir='ltr'>per</span> <span class='ocrx_word' id='word_1_731' title='bbox 681 5450 980 5495; x_wconf 78' lang='lat' dir='ltr'>creaturam</span> <span class='ocrx_word' id='word_1_732' title='bbox 1001 5440 1185 5495; x_wconf 81' lang='lat' dir='ltr'>mundi</span> <span class='ocrx_word' id='word_1_733' title='bbox 1211 5455 1276 5495; x_wconf 80' lang='lat' dir='ltr'>ea:</span> <span class='ocrx_word' id='word_1_734' title='bbox 1297 5441 1536 5511; x_wconf 79' lang='lat' dir='ltr'>operibus</span> 
     </span>
    </p>
   </div>
   <div class='ocr_carea' id='block_1_16' title="bbox 319 5585 1468 5663">
    <p class='ocr_par' dir='ltr' id='par_1_16' title="bbox 319 5585 1468 5663">
     <span class='ocr_line' id='line_1_100' title="bbox 319 5585 1468 5663; baseline 0.001 -14"><span class='ocrx_word' id='word_1_735' title='bbox 319 5610 360 5662; x_wconf 89' lang='lat' dir='ltr'>t,</span> <span class='ocrx_word' id='word_1_736' title='bbox 389 5594 480 5652; x_wconf 73' lang='lat'>23.</span> <span class='ocrx_word' id='word_1_737' title='bbox 555 5594 602 5627; x_wconf 69' lang='lat'>⁸⁴</span> <span class='ocrx_word' id='word_1_738' title='bbox 625 5594 781 5650; x_wconf 81' lang='lat' dir='ltr'>Rom.</span> <span class='ocrx_word' id='word_1_739' title='bbox 801 5610 840 5661; x_wconf 86' lang='grc' dir='ltr'>ι,</span> <span class='ocrx_word' id='word_1_740' title='bbox 869 5594 961 5651; x_wconf 77' lang='lat'>20.</span> <span class='ocrx_word' id='word_1_741' title='bbox 1009 5585 1082 5625; x_wconf 70' lang='lat'>&#39;⁸⁸</span> <span class='ocrx_word' id='word_1_742' title='bbox 1105 5592 1263 5650; x_wconf 69' lang='lat' dir='ltr'>«ioan.</span> <span class='ocrx_word' id='word_1_743' title='bbox 1288 5607 1344 5663; x_wconf 82' lang='lat' dir='ltr'>v,</span> <span class='ocrx_word' id='word_1_744' title='bbox 1369 5593 1468 5652; x_wconf 72' lang='lat'>37.</span> 
     </span>
    </p>
   </div>
   <div class='ocr_carea' id='block_1_17' title="bbox 319 5754 1204 5906">
    <p class='ocr_par' dir='ltr' id='par_1_17' title="bbox 319 5754 1204 5906">
     <span class='ocr_line' id='line_1_101' title="bbox 319 5754 933 5826; baseline 0.005 -15"><span class='ocrx_word' id='word_1_745' title='bbox 319 5754 381 5811; x_wconf 87' lang='lat' dir='ltr'>Ut</span> <span class='ocrx_word' id='word_1_746' title='bbox 415 5772 646 5826; x_wconf 79' lang='lat' dir='ltr'>apponas</span> <span class='ocrx_word' id='word_1_747' title='bbox 665 5757 714 5812; x_wconf 83' lang='lat' dir='ltr'>ei</span> <span class='ocrx_word' id='word_1_748' title='bbox 734 5756 933 5814; x_wconf 70' lang='lat' dir='ltr'>oculos.</span> 
     </span>
     <span class='ocr_line' id='line_1_102' title="bbox 319 5823 1204 5906; baseline -0.003 -22"><span class='ocrx_word' id='word_1_749' title='bbox 319 5827 367 5884; x_wconf 62' lang='lat' dir='ltr'>Et</span> <span class='ocrx_word' id='word_1_750' title='bbox 400 5829 570 5885; x_wconf 80' lang='lat' dir='ltr'>minos</span> <span class='ocrx_word' id='word_1_751' title='bbox 594 5830 778 5906; x_wconf 76' lang='lat' dir='ltr'>indens</span> <span class='ocrx_word' id='word_1_752' title='bbox 799 5837 847 5885; x_wconf 85' lang='lat' dir='ltr'>et</span> <span class='ocrx_word' id='word_1_753' title='bbox 872 5823 1204 5884; x_wconf 80' lang='lat' dir='ltr'>contendens.</span> 
     </span>
    </p>
   </div>
   <div class='ocr_carea' id='block_1_18' title="bbox 1646 4615 3222 5524">
    <p class='ocr_par' dir='ltr' id='par_1_18' title="bbox 1646 4615 3222 5524">
     <span class='ocr_line' id='line_1_103' title="bbox 1651 4615 3221 4689; baseline -0.001 -17"><span class='ocrx_word' id='word_1_754' title='bbox 1651 4627 1708 4672; x_wconf 87' lang='lat' dir='ltr'>et</span> <span class='ocrx_word' id='word_1_755' title='bbox 1733 4631 2020 4689; x_wconf 85' lang='lat' dir='ltr'>personam</span> <span class='ocrx_word' id='word_1_756' title='bbox 2052 4617 2307 4682; x_wconf 83' lang='lat' dir='ltr'>coiuoedi,</span> <span class='ocrx_word' id='word_1_757' title='bbox 2333 4627 2427 4672; x_wconf 88' lang='lat' dir='ltr'>aut</span> <span class='ocrx_word' id='word_1_758' title='bbox 2445 4617 2663 4674; x_wconf 90' lang='lat' dir='ltr'>illorum</span> <span class='ocrx_word' id='word_1_759' title='bbox 2688 4616 2779 4688; x_wconf 84' lang='lat' dir='ltr'>qui</span> <span class='ocrx_word' id='word_1_760' title='bbox 2815 4615 2891 4673; x_wconf 90' lang='lat' dir='ltr'>illi</span> <span class='ocrx_word' id='word_1_761' title='bbox 2928 4615 3221 4688; x_wconf 90' lang='lat' dir='ltr'>plurimum</span> 
     </span>
     <span class='ocr_line' id='line_1_104' title="bbox 1650 4707 3222 4779; baseline -0.001 -14"><span class='ocrx_word' id='word_1_762' title='bbox 1650 4708 1891 4765; x_wconf 86' lang='lat' dir='ltr'>clamore</span> <span class='ocrx_word' id='word_1_763' title='bbox 1918 4718 2270 4773; x_wconf 87' lang='lat' dir='ltr'>consuerunt,</span> <span class='ocrx_word' id='word_1_764' title='bbox 2324 4709 2586 4766; x_wconf 83' lang='lat' dir='ltr'>inducens</span> <span class='ocrx_word' id='word_1_765' title='bbox 2626 4710 2750 4779; x_wconf 88' lang='lat' dir='ltr'>quis</span> <span class='ocrx_word' id='word_1_766' title='bbox 2790 4707 2955 4765; x_wconf 79' lang='lat' dir='ltr'>suerit</span> <span class='ocrx_word' id='word_1_767' title='bbox 3016 4708 3222 4779; x_wconf 81' lang='lat' dir='ltr'>ingres-</span> 
     </span>
     <span class='ocr_line' id='line_1_105' title="bbox 1652 4798 3218 4874; baseline -0.001 -18"><span class='ocrx_word' id='word_1_768' title='bbox 1652 4800 1827 4856; x_wconf 85' lang='lat' dir='ltr'>suain</span> <span class='ocrx_word' id='word_1_769' title='bbox 1868 4798 2050 4858; x_wconf 84' lang='lat' dir='ltr'>babitu</span> <span class='ocrx_word' id='word_1_770' title='bbox 2084 4802 2301 4872; x_wconf 87' lang='lat' dir='ltr'>quidem</span> <span class='ocrx_word' id='word_1_771' title='bbox 2341 4800 2474 4873; x_wconf 87' lang='lat' dir='ltr'>lupi,</span> <span class='ocrx_word' id='word_1_772' title='bbox 2518 4802 2737 4874; x_wconf 78' lang='lat' dir='ltr'>incipiat</span> <span class='ocrx_word' id='word_1_773' title='bbox 2782 4813 2962 4857; x_wconf 86' lang='lat' dir='ltr'>antem</span> <span class='ocrx_word' id='word_1_774' title='bbox 3003 4802 3218 4858; x_wconf 84' lang='lat' dir='ltr'>dicere:</span> 
     </span>
     <span class='ocr_line' id='line_1_106' title="bbox 1651 4889 3218 4964; baseline 0 -16"><span class='ocrx_word' id='word_1_775' title='bbox 1651 4891 1748 4948; x_wconf 79' lang='lat' dir='ltr'>Est</span> <span class='ocrx_word' id='word_1_776' title='bbox 1773 4889 1938 4959; x_wconf 84' lang='lat' dir='ltr'>Deus,</span> <span class='ocrx_word' id='word_1_777' title='bbox 1970 4903 2027 4949; x_wconf 87' lang='lat' dir='ltr'>et</span> <span class='ocrx_word' id='word_1_778' title='bbox 2056 4893 2159 4950; x_wconf 91' lang='lat' dir='ltr'>iste</span> <span class='ocrx_word' id='word_1_779' title='bbox 2182 4909 2288 4949; x_wconf 92' lang='lat' dir='ltr'>non</span> <span class='ocrx_word' id='word_1_780' title='bbox 2323 4895 2375 4950; x_wconf 91' lang='lat' dir='ltr'>in</span> <span class='ocrx_word' id='word_1_781' title='bbox 2413 4893 2649 4964; x_wconf 85' lang='lat' dir='ltr'>templis,</span> <span class='ocrx_word' id='word_1_782' title='bbox 2672 4910 2778 4950; x_wconf 93' lang='lat' dir='ltr'>uon</span> <span class='ocrx_word' id='word_1_783' title='bbox 2807 4895 2859 4951; x_wconf 92' lang='lat' dir='ltr'>iu</span> <span class='ocrx_word' id='word_1_784' title='bbox 2886 4895 3218 4959; x_wconf 83' lang='lat' dir='ltr'>simulacris,</span> 
     </span>
     <span class='ocr_line' id='line_1_107' title="bbox 1650 4986 3217 5058; baseline 0.001 -18"><span class='ocrx_word' id='word_1_785' title='bbox 1650 5000 1759 5040; x_wconf 93' lang='lat' dir='ltr'>non</span> <span class='ocrx_word' id='word_1_786' title='bbox 1790 4986 1843 5041; x_wconf 89' lang='lat' dir='ltr'>in</span> <span class='ocrx_word' id='word_1_787' title='bbox 1872 4986 2123 5058; x_wconf 89' lang='lat' dir='ltr'>picturis,</span> <span class='ocrx_word' id='word_1_788' title='bbox 2148 4987 2331 5042; x_wconf 90' lang='lat' dir='ltr'>nonin</span> <span class='ocrx_word' id='word_1_789' title='bbox 2362 4988 2612 5043; x_wconf 87' lang='lat' dir='ltr'>manibus</span> <span class='ocrx_word' id='word_1_790' title='bbox 2653 4986 2962 5044; x_wconf 77' lang='lat' dir='ltr'>artificum:</span> <span class='ocrx_word' id='word_1_791' title='bbox 2993 4988 3039 5045; x_wconf 86' lang='lat' dir='ltr'>si</span> <span class='ocrx_word' id='word_1_792' title='bbox 3064 4988 3217 5042; x_wconf 81' lang='lat' dir='ltr'>dixe-</span> 
     </span>
     <span class='ocr_line' id='line_1_108' title="bbox 1647 5077 3217 5152; baseline 0.001 -19"><span class='ocrx_word' id='word_1_793' title='bbox 1647 5078 1721 5133; x_wconf 88' lang='lat' dir='ltr'>rit</span> <span class='ocrx_word' id='word_1_794' title='bbox 1746 5092 1872 5134; x_wconf 81' lang='lat' dir='ltr'>vera</span> <span class='ocrx_word' id='word_1_795' title='bbox 1902 5077 2043 5148; x_wconf 81' lang='lat' dir='ltr'>apud</span> <span class='ocrx_word' id='word_1_796' title='bbox 2067 5093 2163 5135; x_wconf 86' lang='lat' dir='ltr'>eos</span> <span class='ocrx_word' id='word_1_797' title='bbox 2189 5079 2279 5149; x_wconf 90' lang='lat' dir='ltr'>qui</span> <span class='ocrx_word' id='word_1_798' title='bbox 2309 5079 2639 5135; x_wconf 89' lang='lat' dir='ltr'>meditantur</span> <span class='ocrx_word' id='word_1_799' title='bbox 2661 5081 2853 5134; x_wconf 85' lang='lat' dir='ltr'>menda</span> <span class='ocrx_word' id='word_1_800' title='bbox 2882 5078 3020 5152; x_wconf 83' lang='lat'><strong>(¹8).</strong></span> <span class='ocrx_word' id='word_1_801' title='bbox 3059 5089 3217 5151; x_wconf 88' lang='lat' dir='ltr'>putas</span> 
     </span>
     <span class='ocr_line' id='line_1_109' title="bbox 1647 5168 3217 5238; baseline 0.001 -16"><span class='ocrx_word' id='word_1_802' title='bbox 1647 5168 1949 5223; x_wconf 88' lang='lat' dir='ltr'>concedent</span> <span class='ocrx_word' id='word_1_803' title='bbox 1995 5168 2218 5238; x_wconf 87' lang='lat' dir='ltr'>implere</span> <span class='ocrx_word' id='word_1_804' title='bbox 2269 5168 2513 5223; x_wconf 81' lang='lat' dir='ltr'>veritatis</span> <span class='ocrx_word' id='word_1_805' title='bbox 2573 5183 2875 5235; x_wconf 85' lang='lat' dir='ltr'>sermones,</span> <span class='ocrx_word' id='word_1_806' title='bbox 2919 5186 3022 5225; x_wconf 89' lang='lat' dir='ltr'>uon</span> <span class='ocrx_word' id='word_1_807' title='bbox 3091 5179 3217 5223; x_wconf 87' lang='lat' dir='ltr'>aute</span> 
     </span>
     <span class='ocr_line' id='line_1_110' title="bbox 1648 5258 3214 5329; baseline 0 -13"><span class='ocrx_word' id='word_1_808' title='bbox 1648 5274 1924 5317; x_wconf 83' lang='lat' dir='ltr'>sermones</span> <span class='ocrx_word' id='word_1_809' title='bbox 1983 5260 2210 5316; x_wconf 84' lang='lat' dir='ltr'>obruent</span> <span class='ocrx_word' id='word_1_810' title='bbox 2247 5273 2370 5316; x_wconf 89' lang='lat' dir='ltr'>eum</span> <span class='ocrx_word' id='word_1_811' title='bbox 2412 5258 2679 5329; x_wconf 84' lang='lat' dir='ltr'>lapidibus</span> <span class='ocrx_word' id='word_1_812' title='bbox 2724 5261 3035 5317; x_wconf 76' lang='lat' dir='ltr'>dicentem?</span> <span class='ocrx_word' id='word_1_813' title='bbox 3082 5259 3214 5317; x_wconf 85' lang='lat' dir='ltr'>Nam</span> 
     </span>
     <span class='ocr_line' id='line_1_111' title="bbox 1647 5350 3214 5423; baseline 0.001 -17"><span class='ocrx_word' id='word_1_814' title='bbox 1647 5351 1751 5406; x_wconf 89' lang='lat' dir='ltr'>etsi</span> <span class='ocrx_word' id='word_1_815' title='bbox 1775 5350 1900 5405; x_wconf 87' lang='lat' dir='ltr'>talia</span> <span class='ocrx_word' id='word_1_816' title='bbox 1932 5366 2035 5406; x_wconf 93' lang='lat' dir='ltr'>non</span> <span class='ocrx_word' id='word_1_817' title='bbox 2070 5351 2208 5407; x_wconf 81' lang='lat' dir='ltr'>liunt</span> <span class='ocrx_word' id='word_1_818' title='bbox 2249 5353 2301 5407; x_wconf 91' lang='lat' dir='ltr'>in</span> <span class='ocrx_word' id='word_1_819' title='bbox 2361 5353 2624 5418; x_wconf 85' lang='lat' dir='ltr'>ecclesiis,</span> <span class='ocrx_word' id='word_1_820' title='bbox 2661 5362 2838 5408; x_wconf 91' lang='lat' dir='ltr'>tamen</span> <span class='ocrx_word' id='word_1_821' title='bbox 2876 5369 2998 5409; x_wconf 87' lang='lat' dir='ltr'>cum</span> <span class='ocrx_word' id='word_1_822' title='bbox 3046 5369 3214 5423; x_wconf 84' lang='lat' dir='ltr'>supra</span> 
     </span>
     <span class='ocr_line' id='line_1_112' title="bbox 1646 5442 3213 5524; baseline 0.003 -26"><span class='ocrx_word' id='word_1_823' title='bbox 1646 5442 2057 5524; x_wconf 78' lang='lat' dir='ltr'>sensibilitatem</span> <span class='ocrx_word' id='word_1_824' title='bbox 2122 5445 2453 5501; x_wconf 83' lang='lat' dir='ltr'>moverimus</span> <span class='ocrx_word' id='word_1_825' title='bbox 2505 5460 2814 5502; x_wconf 84' lang='lat' dir='ltr'>sermonem</span> <span class='ocrx_word' id='word_1_826' title='bbox 2849 5483 2866 5513; x_wconf 90' lang='lat'>,</span> <span class='ocrx_word' id='word_1_827' title='bbox 2916 5443 3067 5501; x_wconf 90' lang='lat' dir='ltr'>multi</span> <span class='ocrx_word' id='word_1_828' title='bbox 3111 5460 3213 5503; x_wconf 88' lang='lat' dir='ltr'>nos</span> 
     </span>
    </p>
   </div>
   <div class='ocr_carea' id='block_1_19' title="bbox 1716 5751 2902 5888">
    <p class='ocr_par' dir='ltr' id='par_1_19' title="bbox 1716 5751 2902 5888">
     <span class='ocr_line' id='line_1_113' title="bbox 1718 5751 2902 5828; baseline 0.006 -21"><span class='ocrx_word' id='word_1_829' title='bbox 1718 5751 1809 5828; x_wconf 86' lang='grc'><strong>(17</strong></span> <span class='ocrx_word' id='word_1_830' title='bbox 1872 5752 2265 5810; x_wconf 75' lang='lat' dir='ltr'>ostenderimus</span> <span class='ocrx_word' id='word_1_831' title='bbox 2308 5752 2472 5810; x_wconf 76' lang='lat' dir='ltr'>Forte</span> <span class='ocrx_word' id='word_1_832' title='bbox 2497 5752 2902 5818; x_wconf 64' lang='lat' dir='ltr'>emenderitrtus.</span> 
     </span>
     <span class='ocr_line' id='line_1_114' title="bbox 1716 5824 2596 5888; baseline -0.009 0"><span class='ocrx_word' id='word_1_833' title='bbox 1716 5824 1808 5888; x_wconf 78' lang='grc'><strong>118</strong></span> <span class='ocrx_word' id='word_1_834' title='bbox 1866 5824 2078 5883; x_wconf 64' lang='lat' dir='ltr'>blenda.</span> <span class='ocrx_word' id='word_1_835' title='bbox 2105 5824 2269 5885; x_wconf 80' lang='lat' dir='ltr'>Forte</span> <span class='ocrx_word' id='word_1_836' title='bbox 2300 5826 2596 5885; x_wconf 78' lang='lat' dir='ltr'>mendacis.</span> 
     </span>
    </p>
   </div>
  </div>
 </body>
</html>
