3692 6134
1085 235 1590 300 COMMENTAMA
1631 242 1697 299 tN
1737 242 1995 303 lsstAM.
2036 278 2104 291 --
2140 246 2291 306 cap,
2331 248 2418 307 ιιι.
3287 267 3392 321 tto

319 373 413 411 του
443 352 652 429 φωνάς·
695 356 756 415 οὗ
788 361 897 435 γὰρ
933 364 1157 438 εἴρηκεν
1187 367 1374 431 ἁπλῶς
1407 368 1711 441 ἁφαιρεθή-
1742 375 1790 432 Α
1811 370 1903 441 jus
1930 384 2095 442 porro
2123 373 2400 443 prophetae
2431 387 2494 429 ea
2537 375 2607 431 de
2637 390 2698 432 re
2727 391 2891 434 voces
2928 388 3182 435 accurate
3230 379 3393 439 intel·

320 450 451 507 ,τῶν
495 452 759 509 Ἰουδαίων
774 455 939 529 ἄρτον
964 476 1026 512 τε
1043 459 1137 514 καὶ
1160 459 1325 533 ὕδωρ,
1355 462 1470 516 ἀλλ’
1499 480 1518 513 ι
1555 465 1708 535 ίσχὺν
1814 460 1993 532 ligas:
2046 476 2153 516 non
2191 467 2338 517 enim
2383 463 2706 535 simpliciter
2745 467 2919 534 dixit,
2954 458 3309 527 auferendum
3356 488 3387 527 a

319 544 413 598 καὶ
439 544 590 616 ίσχὺν
611 543 826 612 ὕδατος·
871 567 890 602 ι
912 550 1104 604 καὶδεϊ
1127 543 1274 623 ἡμᾶς
1297 552 1503 608 οἴεσθαι
1530 554 1708 608 τοιοῦ-
1813 551 2015 611 ludaeis
2047 569 2173 611 esse
2202 570 2397 626 panem
2442 567 2498 612 et
2534 573 2774 630 aquam;
2814 560 2908 616 sed
2947 577 2967 613 t
3018 563 3188 619 robur
3230 565 3388 635 panis

319 633 586 691 διδάσκειν
614 636 894 708 βούλεσθαι
922 641 1103 696 αὐτόν.
1141 642 1335 715 Ἡμεῖς
1357 642 1465 716 γὰρ
1484 646 1600 710 τοῖς
1627 648 1704 699 ίε-
1811 654 1867 700 et
1896 646 2063 703 robur
2088 662 2282 717 aquae:
2318 668 2338 703 ι
2373 664 2580 721 parque
2610 662 2697 708 est
2734 662 2793 707 ut
2821 668 2919 709 nos
2950 668 3073 710 eum
3109 656 3384 726 quidpiam
3459 642 3469 659 '

319 728 758 798 εριτυγχάνοντες
795 728 994 801 λόγοις,
1044 734 1141 789 καὶ
1177 734 1276 800 τὰς
1319 736 1470 802 θείας
1514 739 1706 809 ἁναγι-
1809 737 1986 794 simile
2021 738 2255 795 edocere
2311 742 2659 799 arbitremur.
2709 743 2820 801 Nos
2860 746 3060 819 quippe
3106 749 3162 803 in
3210 751 3386 807 sacris

319 831 423 881 ns<
481 818 724 891 Γραφὰς,
791 817 911 877 εἶτα
967 824 1241 892 συνιέντες
1291 828 1480 898 αὐτὰς,
1547 831 1703 902 ίσχὺν
1809 828 2156 885 sermonibus
2195 841 2502 899 versatim,
2552 847 2618 889 ac
2657 834 2868 892 divinas
2906 835 3220 908 Scripturas
3258 854 3384 910 per-

325 910 517 982 νοητοῦ
563 911 864 984 δεχόμεθα*
906 933 926 969 ι
965 918 1040 971 οὐ
1068 917 1178 992 γὰρ
1216 921 1302 974 ἐπ’
1332 920 1481 994 ἄρτῳ
1534 923 1700 995 μόνῳ,
1808 932 1953 989 saepe
1994 919 2253 991 legentes,
2304 936 2370 979 ac
2417 924 2639 979 demum
2675 927 2821 996 ipsas
2863 926 3259 998 intelligentes,
3291 931 3380 987 bic

326 996 555 1073 ζήσεται
605 1002 927 1077 ἅνθρωπος·
981 1008 1098 1064 ἀλλ’
1146 1010 1240 1065 ἐπὶ
1281 1012 1447 1067 παντὶ
1496 1014 1702 1085 ῥήματι
1808 1010 2111 1080 spiritualis
2148 1012 2306 1083 panis
2349 1014 2458 1068 vim
2493 1014 2887 1088 intelligimus:
2927 1034 2948 1069 ι
2987 1016 3101 1074 Non
3144 1021 3288 1077 enim
3321 1022 3378 1077 in

322 1091 536 1164 υομένῳ
590 1093 679 1149 διὰ
735 1094 1002 1168 στὸματος
1055 1099 1213 1158 Θεοῦ.
1280 1120 1301 1155 ι
1362 1102 1596 1174 ὀμοίως
1641 1104 1700 1158 δὲ
1806 1115 1950 1171 pane
2003 1102 2154 1169 solo,
2216 1105 2327 1170 ait,
2372 1105 2515 1161 vivet
2559 1106 2759 1173 bomo;
2823 1107 2919 1162 sed
2976 1108 3030 1163 in
3065 1111 3211 1165 omni
3249 1127 3377 1168 ver·

319 1185 458 1249 ςκαὶ
502 1188 588 1257 ἐφ’
635 1187 848 1244 ὑδάτων
894 1190 1124 1261 νοητῶν.
1183 1193 1430 1249 Ἰουδαῖοί
1483 1211 1548 1265 γε
1593 1195 1700 1269 μὴν
1805 1192 1879 1248 ho
1922 1193 2066 1263 quod
2111 1194 2387 1265 egreditur
2428 1211 2526 1265 per
2567 1210 2629 1252 os
2659 1196 2754 1252 nei
2782 1196 2846 1251 ¹¹.
2893 1216 2913 1250 t
2955 1197 3139 1267 Aquas
3173 1200 3381 1268 pariter

336 1276 436 1349 μὶν
457 1281 550 1332 τον
570 1278 736 1353 ἄρτον
775 1281 957 1336 καὶτὸ
991 1280 1139 1356 ὕδωρ
1161 1284 1273 1339 ἔτι·
1310 1286 1699 1362 πολυπραγμο-
1802 1285 2118 1355 spirituales
2160 1286 2436 1359 intelligas
2475 1297 2714 1358 oportet.
2743 1287 2915 1346 sudaei
2942 1304 3076 1346 sane
3104 1307 3298 1362 panem
3319 1302 3379 1351 et

320 1368 395 1442 ὰρ
419 1368 487 1424 τὰ
507 1370 788 1436 Μωῦσέως
804 1373 1129 1447 γράμματα,
1156 1377 1252 1432 καὶ
1267 1377 1693 1448 ἀναγινώσκουσι
1800 1391 2000 1447 aquam
2041 1376 2244 1432 babent
2273 1378 2542 1434 hactenus
2568 1395 2585 1446 ;
2619 1393 2744 1433 nam
2772 1361 2976 1452 Moy'sis
3025 1383 3231 1453 scripta
3279 1400 3377 1442 cu-

319 1475 436 1515 ιον·
471 1462 659 1534 ἐπειδὴ
692 1462 750 1517 δὲ
782 1464 1146 1534 γινώσκουσιν
1172 1469 1348 1537 οὐδὲν,
1383 1472 1483 1525 οὐκ
1510 1472 1693 1543 ἔχουσι
1800 1470 2009 1525 riosius
2050 1469 2341 1537 evolvunt,
2374 1470 2659 1543 legemque
2689 1472 3037 1547 fiperlegunu
3069 1478 3197 1546 quia
3248 1492 3378 1535 vero

319 1553 391 1608 bv
420 1553 514 1609 τοῦ
544 1556 733 1627 ἄρτου,
771 1556 897 1613 οὔτε
929 1560 1036 1633 μὴν
1053 1560 1154 1634 τὴν
1182 1563 1334 1634 ἰσχὺν
1361 1564 1453 1618 τοῦ
1476 1564 1686 1631 ὓδατος,
1799 1557 1935 1613 nihil
1968 1557 2314 1630 intelligunt,
2363 1562 2531 1616 robur
2577 1563 2734 1631 panis
2780 1578 2887 1618 non
2928 1564 3154 1633 babent,
3198 1583 3377 1639 neque

324 1646 427 1713 γὰρ
478 1645 664 1708 αὐτοῖς
710 1647 803 1700 καὶ
846 1648 1006 1719 μόνον
1052 1650 1114 1705 τδ
1168 1653 1402 1725 γράμμα
1441 1654 1687 1722 δέδοται,
1798 1648 1966 1705 robur
1997 1664 2153 1721 aquae
2178 1651 2448 1708 obtinent.
2500 1649 2631 1707 Sola
2679 1654 2882 1726 quippe
2919 1663 2976 1712 et
3014 1659 3161 1714 nuda
3192 1659 3375 1715 littera

319 1736 415 1807 μὲν
443 1737 539 1789 καὶ
566 1734 762 1802 ὕδατος
790 1738 1057 1811 ὑπόληψιν
1104 1740 1247 1813 ἔχον,
1277 1743 1478 1816 τρέφον
1508 1744 1565 1798 δὲ
1596 1746 1697 1799 αὐ·
1727 1747 1773 1804 Β
1798 1754 2057 1798 concessa
2093 1742 2204 1799 illis
2239 1751 2357 1810 est,
2405 1758 2528 1814 quae
2577 1744 2793 1815 quidem
2843 1745 3101 1822 aliquam,
3126 1750 3284 1819 panis
3316 1759 3376 1806 et

319 1831 389 1883 ιτ*
414 1826 605 1884 οὒδένα
631 1828 830 1903 τρόπον
859 1834 939 1897 είς
969 1832 1183 1900 εὐεξίαν
1212 1834 1312 1906 τὴν
1331 1836 1552 1906 νοητήν.
1583 1835 1696 1888 Καὶ
1801 1844 1957 1900 aquae
1981 1832 2245 1889 rationem
2276 1842 2335 1890 et
2362 1834 2675 1904 opinionem
2711 1836 2927 1904 habeat,
2971 1854 3149 1911 neque
3188 1848 3373 1896 tamen

319 1921 454 1992 »ήσει
491 1922 720 1993 γράφων
750 1924 780 1977 δ
808 1923 1020 1989 Παῦλος
1040 1942 1055 1957 ·
1102 1943 1121 1977 ι
1172 1927 1338 1997 Ἀχρι
1373 1925 1485 1996 γὰρ
1527 1926 1699 1997 σήμε-
1801 1922 1927 1977 illos
1958 1922 2233 1979 ullatenus
2260 1924 2373 1980 alat
2399 1929 2466 1982 ad
2493 1926 2694 1982 bonam
2722 1929 2949 2001 spiritus
2976 1932 3369 1988 valetudinem.

319 2012 438 2067 νίκα
475 2010 910 2081 ἀναγινώσκεται
950 2015 1226 2087 Mutilo-iic,
1284 2013 1552 2085 κάλυμμα
1605 2014 1698 2067 ἐπὶ
1801 2010 1977 2079 Quam
2017 2028 2134 2068 rem
2169 2012 2369 2069 Paulus
2418 2018 2777 2084 testificatur,
2824 2019 2913 2075 bis
2934 2022 3157 2077 verbis:
3207 2040 3228 2075 ι
3261 2020 3373 2078 Sed

319 2104 465 2176 ρδίαν
495 2103 676 2158 αὐτῶν
719 2107 928 2171 κεῖται,
973 2126 994 2160 ι
1048 2105 1124 2179 μὴ
1161 2106 1693 2178 ἀνακαλυπτόμενον,
1797 2103 2053 2174 usquein
2081 2102 2405 2161 hodiernum
2441 2107 2608 2172 diem,
2639 2123 2763 2164 cum
2789 2110 2987 2182 legitur
3012 2111 3242 2183 Moyses,
3277 2128 3372 2170 ve-

319 2192 532 2265 Χριστῷ
568 2196 945 2267 καταργεῖται.
974 2195 1091 2249 Καὶ
1125 2194 1250 2251 καθ’
1269 2195 1457 2268 ἕτερον
1490 2195 1547 2249 δὲ
1573 2195 1697 2265 τρό-
1797 2193 1976 2250 lamen
2015 2195 2252 2266 positum
2294 2205 2381 2251 est
2413 2210 2579 2263 super
2621 2212 2718 2253 cor
2763 2212 2950 2254 eorum
2981 2200 3049 2266 ¹⁸,
3082 2218 3101 2252 ι
3141 2214 3248 2256 non
3284 2215 3372 2257 re-

320 2284 559 2359 ηρῆσθαί
602 2302 783 2358 φαμεν
824 2289 889 2341 ὲκ
926 2287 1028 2359 τῆς
1067 2287 1335 2343 Ἰουδαίων
1373 2287 1695 2358 συναγωγῆς
1793 2285 2052 2353 velatum,
2081 2287 2209 2358 quia
2242 2288 2296 2344 in
2335 2288 2563 2345 Christo
2591 2289 2854 2347 aufertur.
2889 2290 3013 2347 Alio
3043 2292 3169 2348 item
3208 2291 3368 2349 mode

319 2375 461 2448 ἰρτου
486 2378 593 2432 καὶ·
613 2380 766 2450 ίσχὺν
794 2378 1019 2443 ὕδατος*
1041 2379 1137 2434 καὶ
1164 2379 1323 2450 λόγος
1351 2380 1468 2435 ἐστὶ
1500 2396 1693 2452 μυστι-
1794 2373 2026 2431 dicimus
2053 2375 2294 2432 ablatum
2328 2377 2500 2433 fuisse
2535 2393 2567 2433 a
2605 2371 2919 2436 Judaeorum
2960 2396 3233 2454 synagoga
3280 2398 3371 2438 ro·

319 2467 461 2539 Ιμεῖς
494 2467 594 2540 μὲν
623 2468 731 2542 γὰρ
755 2470 806 2523 οί
823 2469 910 2523 διὰ
937 2470 1176 2536 πίστεως
1201 2470 1526 2545 κεκλημένοι
1552 2471 1690 2544 πρὸς
1788 2466 1898 2521 bur
1929 2465 2089 2537 panis
2117 2477 2172 2523 et
2223 2468 2394 2524 robur
2434 2484 2590 2540 aquae
2618 2488 2634 2526 ι
2676 2485 2860 2526 sermo
2889 2481 3070 2528 autem
3109 2474 3369 2543 mysticus

320 2559 404 2627 δν,
428 2560 522 2616 τδν
543 2560 706 2634 ἄρτον
734 2560 932 2633 ἔχομεν
958 2563 1053 2618 τὸν
1068 2563 1129 2629 ἐξ
1154 2563 1410 2637 οὐρανοῦ,
1442 2564 1686 2619 τουτέστι
1788 2565 1892 2613 est.
1940 2555 2055 2615 Nos
2105 2559 2305 2631 quippe
2359 2560 2450 2632 qui
2500 2575 2599 2632 per
2648 2561 2807 2619 fldem
2852 2564 3027 2620 vocati
3080 2579 3270 2621 sumus
3295 2566 3367 2623 ad

319 2665 361 2715 ν,
410 2651 528 2722 ἦτοι
567 2650 626 2704 τδ
660 2651 819 2724 σῶμα
866 2651 1053 2708 αὐτοῦ.
1097 2650 1162 2707 El
1197 2652 1256 2707 δὲ
1284 2653 1348 2725 δή
1382 2670 1466 2717 τις
1487 2653 1683 2726 ἔροιτο,
1789 2648 2308 2717 sanctificationem,
2346 2663 2541 2719 panem
2589 2654 2852 2709 babemus
2891 2654 2958 2709 de
3006 2656 3170 2722 coelo,
3223 2654 3364 2713 setll-

319 2756 342 2804 ς
376 2740 526 2794 ἐστιν
559 2742 592 2813 η
622 2743 776 2813 ἰσχὺς
807 2741 994 2809 αὐτοῦ,
1043 2743 1224 2814 φαμὲν
1257 2744 1340 2797 ὅτι
1389 2740 1682 2808 ζωοποιός·
1789 2753 1877 2797 cet
1905 2740 2204 2807 Chi-istum,
2248 2742 2365 2798 sive
2394 2758 2595 2814 corpus
2624 2745 2761 2816 eius.
2798 2745 2952 2813 Quod
2978 2747 3023 2803 si
3057 2748 3184 2819 quis
3216 2764 3364 2820 quae·

326 2832 434 2906 γὰρ
474 2834 553 2906 τῷ
592 2835 783 2907 κόσμῳ
834 2835 1003 2908 ζωήν.
1044 2837 1350 2910 Προσίεμεν
1388 2836 1448 2889 δὲ·
1485 2837 1688 2907 ὁμοίως
1774 2840 1899 2902 τοι,
1937 2834 2214 2903 quodnam
2261 2834 2332 2890 sit
2383 2836 2551 2892 robur
2586 2835 2736 2907 elus,
2792 2838 3040 2906 dicimus,
3086 2839 3361 2896 vivificum

319 2922 400 2979 διὰ
426 2924 522 2979 τοῦ
564 2926 722 2995 ἁγίου
751 2925 1128 2998 βαπτίσματος
1161 2926 1367 2999 χάριτι,
1401 2926 1496 2979 τοῦ
1529 2926 1688 2994 ἅγιά·
1789 2936 1952 2979 esse:
1987 2922 2115 2978 nam
2148 2924 2242 2980 dat
2275 2926 2445 2981 vitam
2490 2928 2714 2983 mundo.
2750 2928 3074 2985 Accedimus
3114 2930 3361 2987 similiter

319 3018 458 3090 ἡμᾶς
487 3017 680 3084 ὕδατος
703 3020 804 3093 τὴν
834 3020 988 3089 ἰσχὺν
1015 3015 1156 3073 είναι
1194 3018 1466 3087 λέγοντες,
1507 3018 1684 3091 ἀμαρ-
1795 3014 1862 3069 ad
1893 3016 2125 3086 gratiam
2169 3016 2315 3072 sacri
2352 3018 2650 3089 baptismi:
2693 3033 2758 3074 ac
2801 3020 3031 3076 dicimus
3070 3036 3223 3091 aquae
3264 3036 3360 3078 noa

319 3110 562 3176 τδθεσιν,
603 3111 963 3183 ἀναγέννησιν
1009 3109 1388 3180 πνευματικὴν
1423 3109 1506 3172 είς
1548 3123 1686 3180 eope
1710 3078 1754 3138 C
1786 3106 2184 3163 sanctificantis
2248 3107 2417 3166 robur
2485 3123 2611 3166 esse
2668 3120 3016 3181 peccatorum
3069 3112 3361 3180 depositio·

319 3218 342 3255 ν
386 3201 485 3273 τὴν
514 3203 596 3265 είς
635 3201 800 3257 αὐτὸν
840 3202 931 3254 τὸν
968 3199 1239 3273 Χριστόν·
1282 3198 1378 3254 καὶ
1414 3198 1552 3271 πρὸς
1590 3199 1685 3253 teet
1785 3213 1935 3265 nem,
1971 3200 2438 3268 regenerationem
2474 3201 2816 3270 spiritualem
2865 3205 2934 3258 ad
2983 3201 3343 3259 conformatio

321 3336 336 3360 ,
377 3293 689 3367 παρρησίαν
713 3292 922 3348 εἰσόδου
948 3293 1047 3365 τῆς
1074 3293 1154 3355 είς
1174 3290 1272 3362 τὴν
1303 3288 1411 3345 τῶν
1440 3290 1684 3362 οὐρανῶν
1784 3302 1911 3343 nem
1951 3287 2009 3344 in
2038 3288 2215 3360 ipsum
2255 3289 2534 3346 Christum
2565 3306 2581 3358 ς
2623 3291 2693 3348 ad
2739 3292 2857 3348 ltaee
2902 3306 3053 3358 vero,
3105 3292 3358 3350 fiduciam

319 3402 406 3439 αν.
475 3386 602 3440 Ἐὰν
668 3386 779 3459 γάρ
848 3401 954 3450 τις,
1006 3383 1161 3455 φησι,
1200 3399 1220 3434 ι
1259 3380 1335 3454 μὴ
1362 3382 1592 3456 γεννηθῇ
1624 3382 1684 3451 εξ
1784 3380 2126 3452 ingrediendi
2176 3383 2229 3438 in
2258 3397 2486 3450 regnum
2527 3381 2792 3439 coelorum
2823 3398 2841 3450 ;
2878 3397 3004 3439 nam
3035 3384 3152 3441 ait:
3184 3402 3205 3439 ι
3240 3383 3355 3444 Nisi

341 3475 438 3529 καὶ
498 3472 821 3547 πνεύματος,
870 3475 931 3527 οὗ
989 3472 1212 3529 δύναται
1271 3470 1533 3526 εἰσελθεῖν
1599 3474 1683 3537 είς
1783 3471 1909 3542 quis
1945 3482 2165 3530 renatus
2211 3473 2380 3529 suerit
2406 3489 2473 3530 ex
2520 3488 2658 3546 aqtta
2702 3484 2761 3530 et
2808 3475 3037 3544 Spiritu,
3084 3491 3195 3532 non
3249 3492 3351 3548 po·

319 3564 536 3620 ισιλείαν
591 3565 699 3620 τῶν
743 3565 1008 3639 οὐρανῶν.
1051 3585 1072 3619 ι
1119 3563 1470 3635 Ἐστέρηνται
1517 3562 1574 3618 δὲ
1629 3566 1681 3619 ot
1783 3572 1892 3621 test
1928 3564 2133 3622 intrare
2168 3567 2221 3621 in
2261 3579 2487 3636 regnum
2516 3566 2865 3622 coelorum¹·.
2916 3586 2937 3620 ι
2970 3565 3139 3623 ludaei
3173 3578 3353 3626 autem

319 3673 360 3711 ιι
404 3657 514 3712 τῶν
543 3656 795 3712 τοιούτων
834 3656 1083 3726 ἀγαθῶν·
1121 3658 1182 3710 οὐ
1228 3656 1340 3728 γάρ
1387 3658 1504 3711 ἐστι
1548 3655 1679 3728 παρ’
1781 3656 1869 3712 his
1926 3655 2083 3713 bonis
2139 3658 2459 3728 privantur:
2520 3671 2627 3711 non
2671 3659 2819 3713 enim
2880 3672 3045 3727 penes
3103 3659 3223 3714 illos
3271 3670 3352 3714 est

323 3749 478 3821 ἰσχὺς
510 3749 698 3822 ἄρτου,
734 3749 1006 3803 τουτέστιν
1038 3750 1072 3819 ἡ
1100 3749 1158 3802 ὲν
1180 3748 1404 3820 Χριστῷ
1449 3745 1679 3812 <momi-
1780 3745 1951 3800 robur
1983 3761 2163 3816 panis.
2213 3746 2269 3802 id
2301 3754 2404 3810 est,
2453 3745 2751 3802 vivificatio
2795 3748 2847 3802 iu
2881 3748 3140 3802 cbristo:
3178 3762 3353 3820 neque

319 3841 381 3897 ἰδ’
408 3841 591 3914 ἔχουσι
612 3842 711 3914 τὴν
737 3840 831 3895 τοῦ
855 3839 1044 3903 ὓδατος
1074 3838 1220 3910 ἰσχύν
1245 3856 1258 3870 ·
1288 3840 1679 3911 ἀπομεμένηκε
1779 3835 1909 3891 item
1962 3836 2127 3892 robur
2156 3850 2311 3906 aqum
2339 3835 2590 3892 obtinent
2617 3854 2632 3891 ε
2690 3852 2813 3891 nam
2856 3851 3025 3908 penes
3067 3838 3187 3893 illos
3220 3852 3351 3910 pee-

317 3932 498 3997 αὐτοῖς
529 3932 897 3997 ἀναπόνιπτος
919 3933 954 4003 ὴ
990 3930 1267 4003 ἁμαρτία·
1306 3930 1408 3984 οὐκ
1443 3927 1680 3985 είσελαύ-
1776 3935 1958 3983 catum
1990 3927 2109 3983 sine
2133 3927 2410 3984 ablutione
2458 3936 2748 3995 remanet;
2795 3943 2971 3998 neque
3008 3932 3076 3987 ad
3121 3948 3347 4005 regnum

319 4026 390 4090 τίς
415 4025 515 4097 τὴν
543 4025 651 4080 τῶν
684 4022 930 4096 οὐρανῶν
969 4021 1266 4095 βασιλείαν,
1297 4021 1391 4077 τὸν
1433 4020 1678 4092 είσκομί-
1778 4017 2046 4073 coelorum
2087 4016 2333 4080 tendunt,
2376 4018 2470 4087 qui
2514 4017 2792 4073 Christum
2824 4031 2893 4074 eo
2941 4020 3224 4076 ducentem
3263 4023 3352 4078 de·

319 4118 533 4193 Κριστδν
573 4116 953 4189 ἀτιμάζοντες.
996 4116 1070 4169 Οὐ
1116 4114 1225 4186 γὰρ
1268 4115 1555 4169 ἐπίστευον
1591 4112 1678 4167 λέ-
1779 4110 1972 4164 decore
2012 4105 2307 4163 affecerint.
2364 4107 2551 4179 Neque
2587 4107 2733 4163 enim
2768 4108 3115 4166 crediderunt
3162 4112 3351 4168 dicen·

322 4209 463 4281 Ἐγώ
493 4211 611 4282 εἰμι
637 4211 671 4281 ὴ
700 4209 838 4274 ὁδὸς,
861 4228 880 4262 ι
903 4210 1020 4273 καὶ,
1040 4227 1060 4260 ι
1083 4206 1224 4276 Ἐγώ
1250 4208 1368 4278 εἰμι
1398 4207 1433 4278 ἡ
1459 4204 1619 4276 θύρα.
1651 4222 1670 4257 ι
1780 4203 1855 4270 ti,
1894 4219 1915 4254 ι
1953 4203 2065 4273 Ego
2093 4217 2213 4257 sum
2240 4202 2326 4256 via
2355 4201 2426 4269 ⁸⁸,
2467 4220 2486 4253 t
2521 4210 2598 4269 et,
2635 4219 2654 4253 t
2690 4202 2804 4273 Ego
2838 4218 2956 4257 sum
2986 4204 3183 4258 ostium
3213 4205 3278 4262 ⁸¹.
3318 4220 3344 4260 a

319 4304 342 4356 l.
371 4303 857 4374 πεντηκόνταρχον,
885 4300 978 4355 καὶ
1007 4297 1320 4369 θαυμαστὸν
1351 4295 1673 4368 σύμδουλον,
1848 4295 2014 4351 Vsus.
2050 4295 2169 4350 5-4.
2225 4313 2245 4348 ι
2280 4293 2349 4350 Et
2384 4295 2686 4365 principem
2729 4308 2894 4365 super
2933 4296 3344 4369 quinquaginta.

319 4394 407 4466 ρδν
439 4394 797 4467 ἀρχιτέκτονα
817 4434 832 4455 .
861 4391 955 4447 καὶ
989 4390 1206 4445 συνετὸν
1236 4388 1533 4461 ἀκροατήν.
1564 4387 1675 4440 Καὶ
1703 4422 1752 4481 n
1777 4393 1833 4441 et
1872 4385 2241 4441 admirabilem
2285 4384 2658 4442 consiliarium
2679 4426 2695 4452 ‚
2729 4395 2784 4440 et
2812 4382 3125 4460 ⁴sapientem
3173 4386 3349 4441 archi·

319 4501 382 4540 ιω
403 4485 721 4547 νεανίσκους
744 4484 1009 4555 ἄρχοντας
1033 4476 1354 4541 αὐτῶυζκαλ.
1372 4480 1672 4548 ἐμπαῖκται
1778 4484 1978 4532 tectum
2015 4484 2072 4530 et
2123 4475 2441 4546 prudentem
2511 4474 2839 4530 auditorem.
2898 4472 2969 4528 Et
3024 4475 3345 4533 constituam

319 4593 478 4631 ιουσιν
516 4574 712 4631 αὐτῶν.
759 4593 778 4628 ι
819 4573 896 4644 (7)
929 4572 1026 4637 Τίς
1063 4568 1157 4626 οὗν
1189 4568 1333 4642 δρῶν
1369 4568 1496 4633 τοὺς
1523 4567 1674 4639 παρὰ
1771 4582 1974 4639 pueros
2001 4567 2274 4639 principes
2312 4582 2523 4632 eorum,
2568 4574 2623 4621 et
2671 4566 2943 4622 derisores
2988 4566 3347 4624 dominabun-

319 4687 387 4735 ιις
461 4666 890 4740 ὀνομαζομένους
955 4663 1319 4738 πατριάρχας,
1355 4661 1672 4725 νεανίσκους
1774 4670 1865 4717 tur
1898 4661 1998 4717 eis.
2035 4680 2055 4715 ι
2089 4660 2223 4728 Quis
2268 4673 2399 4732 ergo
2449 4659 2753 4729 conspectis
2797 4659 2890 4725 iis,
2927 4659 3020 4729 qui
3072 4659 3213 4732 apud
3247 4658 3344 4716 Ju-

325 4801 341 4827 ,
367 4761 428 4815 οὐ
465 4760 567 4833 τὴν
592 4757 700 4812 τῶν
730 4760 996 4829 σωμάτων
1021 4755 1258 4830 ἡλικίαν,
1285 4751 1421 4807 ἀλλὰ
1444 4751 1544 4816 τὰς
1574 4750 1677 4821 ψυ-
1775 4755 1922 4810 daeos
1947 4754 2276 4825 patriarcha
2313 4762 2611 4819 vocantur3
2645 4765 2753 4807 non
2789 4766 2916 4808 vere
2959 4767 3180 4825 pueros,
3233 4768 3344 4810 non

319 4851 444 4917 ιλεῖς
477 4852 572 4906 καὶ
595 4850 794 4914 ἐνδεεῖς
830 4848 1062 4921 φρενῶν,
1093 4846 1220 4910 τούς
1248 4861 1309 4898 τε
1340 4842 1559 4907 λοιποὺς
1581 4842 1678 4896 αὐ-
1776 4860 2036 4916 corporea
2059 4853 2292 4908 statura,
2320 4843 2418 4900 sed
2446 4845 2613 4899 animi
2648 4843 3073 4915 imperiectione,
3103 4862 3166 4901 ac
3192 4859 3347 4901 men-

319 4943 610 5008 ασκὰλους,
648 4944 748 4997 οὐκ
778 4940 843 4995 ἂν
880 4940 1024 4995 είποι
1047 4937 1361 5012 ὲμπαίκτας
1389 4930 1550 4999 εἶναι,
1583 4933 1677 4989 καὶ
1778 4937 1847 4994 tis
1893 4936 2228 5009 indigentia.
2290 4946 2583 5006 nuncupet,
2639 4936 2977 5007 reliquosque
3010 4953 3198 4995 eorum
3238 4936 3346 4993 do·

319 5032 600 5106 ιροφητεία
628 5032 851 5104 &filum
1773 5038 1991 5089 ctores.
2036 5042 2144 5084 non
2194 5027 2471 5082 derisores
2523 5026 2700 5095 dicat,
2747 5038 2802 5084 et
2838 5029 3028 5099 quales
3072 5030 3165 5086 bic
3210 5044 3343 5100 pro-

610 5178 625 5194 ,
1772 5122 1937 5191 pheta
1975 5119 2283 5190 significat?

320 5218 713 5291 ἰσυμπεσεῖται
740 5221 769 5272 ὁ
800 5217 952 5282 λαδς,
988 5214 1274 5288 ἄνθρωπος
1306 5215 1443 5287 πρὸς
1463 5213 1675 5287 ᾰνθρω·
1851 5210 2013 5267 Vens,
2052 5210 2108 5267 5.
2148 5228 2169 5263 ι
2211 5209 2284 5267 ΕΙ,
2326 5211 2499 5266 irruet
2545 5211 2795 5282 populus,
2847 5213 3009 5267 bomo
3052 5212 3119 5265 ad
3162 5211 3339 5267 homi·

319 5311 345 5366 ,ἱ
377 5311 661 5384 ἄνθρωπος
692 5311 829 5383 πρὸς
855 5310 947 5365 τὸν
975 5307 1202 5379 πλησίον
1233 5305 1426 5361 αὐτοῦ·
1456 5326 1474 5357 ι
1502 5306 1670 5378 μηδε-
1776 5317 1926 5371 nem,
1956 5310 2009 5358 et
2044 5306 2209 5360 bomo
2238 5302 2304 5358 ad
2334 5304 2640 5375 proximum
2675 5321 2831 5362 suum
2859 5321 2876 5359 ι
2925 5322 2944 5356 ι
2979 5304 3120 5375 quod
3164 5301 3345 5361 nullus

327 5474 426 5529 ttb.
452 5473 599 5540 md.
677 5469 930 5526 ¹⁸llCor.
962 5483 1042 5535 ιιι,
1077 5466 1167 5525 15.
1246 5466 1289 5499 ¹⁸
1316 5463 1475 5522 «ioan.
1502 5481 1583 5533 ιιι,
1609 5465 1664 5520 5.
1736 5463 1786 5500 ⁸·
1803 5462 1967 5523 Joan.
1995 5478 2109 5532 xlv,
2144 5465 2200 5521 6.
2275 5466 2320 5498 ¹¹
2348 5464 2569 5533 loamx,
2594 5466 2644 5521 7.

319 5618 380 5673 iic
410 5614 792 5688 Hieronymus,
821 5632 842 5667 ι
873 5603 1294 5670 Consideiemus
1324 5610 1663 5681 patriarchas
1772 5626 1836 5667 ac
1868 5609 2075 5667 deliciis
2106 5611 2412 5688 affluentes}
2444 5624 2502 5672 et
2529 5612 2803 5684 impletam
2851 5612 3189 5685 prophetiam
3220 5625 3342 5670 esse

321 5705 441 5746 unt:
469 5698 522 5745 et
550 5687 795 5755 invenes,
829 5685 941 5741 sive
965 5699 1183 5755 pueros,
1223 5680 1664 5753 effeminatosque
1769 5696 2077 5741 cernemus.
2109 5702 2130 5738 ι
