3692 6134
1037 326 1129 383 ΒΕ
1162 326 1623 385 meorumnam
1660 326 1750 383 ΕΤ
1788 326 2135 386 mvlstntu
2173 326 2326 386 020.

3143 330 3280 389 ΗΜ

319 451 512 507 Omnia
539 452 684 507 enim
726 458 787 505 ιιι
825 448 1026 514 dicam.
1073 464 1174 506 nec
1203 448 1457 506 saecttlum
1505 450 1622 505 sul·
1649 464 1696 522 Α
1731 452 1858 519 qula
1885 452 2180 507 moriturus
2205 465 2348 517 sum,
2383 460 2442 508 ct
2466 451 2746 510 exaltabor
2772 453 2827 509 in
2850 466 3087 518 mecm.
3110 456 3282 511 autin

319 542 570 597 insurabo
620 556 755 597 sane
799 548 1082 596 tractatum
1115 550 1334 610 propter
1360 554 1611 608 corpora,

324 624 704 692 festivitatem.
756 632 976 693 propter
1032 622 1398 679 relectionem.
1469 623 1619 681 Dicit

319 717 560 771 >ominus
596 734 611 771 t
646 714 882 770 Granum
927 716 1093 771 tritici
1122 715 1226 769 ttist‘
1258 716 1448 770 cadens
1478 731 1622 770 ntor·-

319 809 426 872 m't,
475 808 646 877 ipsunt
691 805 860 862 solum
911 814 1085 862 manet
1117 806 1185 860 ⁸⁸.
1232 805 1302 863 Ut
1353 806 1517 862 babet
1558 821 1620 863 ee

319 908 499 954 ocutus
538 906 644 953 est.
686 896 742 951 Si
773 896 917 953 enim
947 896 1268 952 seminatum
1300 912 1407 952 uon
1432 896 1617 965 suerit,

319 1004 523 1059 granum
554 989 808 1045 manebit.
848 987 906 1043 Si
956 997 1137 1043 autem
1163 989 1385 1054 cadens,
1422 990 1617 1061 inquit,

319 1091 572 1145 sot-tuum,
601 1089 661 1136 ut
697 1089 924 1136 testatur
949 1095 979 1133 a
1020 1091 1210 1136 natura
1234 1122 1251 1147 ,
1281 1082 1477 1139 multos
1503 1084 1620 1139 lru·

319 1181 405 1230 ενι.
448 1172 515 1229 Et
543 1187 665 1242 ego.
701 1173 894 1242 inquit,
925 1175 974 1228 si
1014 1188 1121 1229 non
1168 1172 1321 1230 l'uero
1350 1185 1617 1239 mortuus.

321 1274 391 1329 go
431 1278 446 1317 ε
483 1260 528 1315 si
581 1274 762 1316 autem
798 1263 998 1318 cadens
1044 1263 1096 1317 itt
1147 1272 1345 1319 terram
1379 1274 1620 1322 mortuus

326 1353 466 1408 ullos
496 1351 703 1408 fructus
726 1351 894 1408 affero
934 1354 1226 1410 secundum
1258 1370 1489 1427 granum
1518 1356 1619 1412 tri-

319 1458 403 1513 per
441 1444 710 1500 modicum
741 1445 954 1513 quidem
983 1459 1210 1517 granum
1252 1446 1506 1516 parabola
1538 1446 1623 1503 di-

334 1550 628 1608 permagna
659 1545 839 1593 autem
885 1535 1241 1592 admiratione
1282 1552 1418 1608 opus
1444 1546 1623 1594 osten-

319 1628 325 1681 i
376 1626 542 1692 enim,
595 1627 793 1697 inquit,
829 1638 1073 1683 mortuus
1123 1642 1229 1683 nott
1289 1628 1463 1695 suero,
1513 1644 1620 1685 non

330 1719 632 1792 Antequam
685 1719 830 1777 enim
879 1728 1202 1786 moreretur,
1248 1729 1306 1777 et
1354 1719 1620 1776 mirabilia

1721 540 1895 596 coelos
1924 541 2081 613 (nibil
2114 544 2261 598 enim
2294 543 2542 613 probibet
2570 553 2799 616 utraque
2827 545 2901 601 ita
2931 546 3202 619 intentui).
3226 557 3284 605 et

1721 629 1935 685 traham
1974 646 2167 687 omnes
2212 632 2279 687 ad
2317 647 2405 688 me
2439 649 2455 689 ε
2490 634 2627 690 dixit
2668 636 2973 692 modicum?
3002 638 3282 695 miremur.

1719 720 1826 775 Sed
1859 732 2114 792 magnum
2145 722 2275 791 qnid
2307 721 2462 788 dixit,
2494 730 2551 778 et
2575 724 2841 779 modicum
2882 723 3282 782 fecitimiuua-

1719 825 1841 866 mus
1882 810 2319 865 admirationem.
2374 812 2432 867 Si
2481 822 2663 868 autem
2700 828 2949 885 magnum
2987 817 3143 883 dixit,
3175 832 3284 872 ma·

1717 914 1883 968 gnum
1914 911 1968 955 et
1997 899 2147 965 fecit,
2179 909 2231 957 et
2267 902 2368 957 boc
2394 917 2489 974 per
2518 918 2755 967 crucem.
2788 914 2843 960 et
2872 915 2991 975 post
3016 917 3278 975 ntortemg

1718 989 1982 1060 pellamus
2024 991 2417 1047 dubitationem
2468 1004 2522 1048 et
2565 995 2923 1064 suscipiamus
2978 997 3158 1055 iidem.
3213 997 3282 1054 Bt

1719 1080 1914 1135 iterum
1947 1082 2015 1135 ad
2050 1078 2265 1137 Judaeos
2288 1083 2418 1137 dicit
2445 1084 2634 1138 eadent
2668 1100 2684 1138 t
2712 1084 2864 1150 Cum,
2903 1086 3098 1158 inquit,
3135 1088 3283 1143 enol-

1717 1171 1949 1225 taveritis
1986 1169 2188 1226 Filium
2216 1173 2467 1237 hominis,
2495 1181 2620 1227 tunc
2639 1175 2809 1229 scietis
2841 1178 2964 1247 qttio
2993 1194 3086 1248 eqo
3113 1195 3230 1233 aum
3259 1195 3281 1235 .·

1717 1272 1769 1317 et
1794 1280 1826 1316 o
1857 1278 1944 1317 me
1975 1264 2086 1331 ipso
2113 1279 2217 1318 nort
2253 1266 2392 1330 reni,
2414 1266 2505 1320 sed
2527 1283 2562 1319 o
2596 1265 2721 1333 Deo,
2752 1283 2869 1322 eum
2907 1283 3062 1335 opero
3091 1279 3281 1326 testam

1717 1352 1911 1424 suerint
1958 1355 2040 1408 Itis
2068 1370 2183 1425 quor
2212 1354 2330 1409 dico
2363 1356 2404 1409 ¹.
2451 1354 2515 1409 ui
2549 1367 2678 1411 sunt
2718 1366 2907 1428 gustus
2951 1359 3284 1428 praedicatio-

1720 1460 1846 1500 num
1889 1445 2098 1500 Dontiui
2142 1460 2159 1499 z
2194 1443 2351 1514 plena
2384 1454 2566 1502 autem
2603 1444 2893 1516 Evangelia
2939 1459 3068 1505 sunt
3102 1450 3285 1507 volen-

1722 1536 1867 1591 tibus
1897 1536 2033 1591 bene
2075 1535 2292 1606 degere.
2322 1535 2463 1606 pleni
2506 1536 2678 1594 Actus
2722 1539 3086 1609 apostolorum
3133 1551 3283 1608 sunt,

1719 1637 1775 1682 et
1801 1626 2058 1696 Epistolae
2085 1626 2259 1692 Pauli,
2298 1637 2355 1683 et
2390 1629 2634 1687 civitates
2678 1631 2944 1686 mirabilia
2978 1632 3080 1706 (5).
3116 1632 3284 1704 plena

1724 1726 1854 1772 sunt
1871 1718 2045 1775 ‘urbes
2079 1718 2203 1774 lide.
2241 1718 2387 1776 Laus
2429 1721 2522 1775 uni
2558 1737 2665 1777 non
2693 1731 2824 1778 nato
2853 1719 2985 1786 neo.
3013 1726 3105 1795 qni
3135 1726 3285 1783 misit

321 1825 425 1866 nec
463 1810 742 1866 duodecim
768 1808 1027 1883 collegit3
1082 1825 1188 1865 non
1214 1820 1625 1879 permanserunt
1655 1810 1696 1865 B
1724 1807 1881 1865 nobis
1924 1823 2090 1864 unum
2138 1808 2306 1866 Deum
2352 1812 2682 1883 unigenitum
2735 1828 2891 1870 suum
2920 1813 3139 1880 Filium,
3192 1831 3285 1887 per

319 1918 366 1957 m
409 1917 497 1962 eo.
548 1903 691 1960 Dicit
729 1904 872 1960 enim
906 1903 1083 1970 :Quia
1114 1901 1162 1957 si
1202 1915 1308 1956 nou
1348 1915 1445 1957 ero
1475 1915 1617 1956 mor·

319 2010 344 2048 n
375 1994 621 2067 colligam
646 1995 722 2066 (Ξ)
747 2008 764 2049 t
795 1992 926 2049 Cum
957 2001 1132 2048 autent
1161 1991 1427 2048 micatus
1465 1991 1619 2062 [uero

331 2100 506 2142 onnes
553 2084 763 2141 truttam
806 2087 876 2140 od
909 2100 990 2139 me
1016 2084 1086 2138 ⁸⁹.
1131 2081 1246 2139 lloc
1287 2082 1430 2153 quod
1457 2080 1616 2146 dixit,

1725 1913 1886 1969 quem
1928 1910 2014 1957 est
2052 1900 2103 1955 ei
2137 1902 2329 1971 gloria,
2359 1907 2552 1971 bonor.
2602 1906 2907 1977 imperium,
2944 1908 3199 1980 maiestas
3228 1909 3284 1963 in

1723 1988 1929 2059 Spiritu
1976 2000 2187 2059 sancto,
2222 2002 2279 2048 et
2330 2012 2497 2062 nunc,
2529 2006 2587 2054 et
2630 2013 2847 2071 semper
2875 2009 2930 2056 et
2962 2014 3060 2071 per
3099 2015 3282 2057 omnta

1721 2081 1915 2139 socula
1944 2084 2280 2141 seculorum.
2322 2086 2517 2143 Amen.

1006 2293 1565 2501 Ensssssu
1647 2380 2327 2498 PAMPHILI

504 2622 652 2714 DE
728 2616 1544 2714 INCORPORALI
1613 2618 1770 2709 ET
1843 2618 2487 2712 INVISIBILI
2565 2621 2844 2719 ΠΕΟ.

319 2973 530 3033 ιοηιΙεω
560 2986 681 3029 esse
709 2972 875 3030 Deum
898 2985 1033 3029 voce
1059 2955 1611 3042 magna‘c‘tiinemus,
1643 2971 1692 3039 c
1717 2968 1812 3043 qut
1852 2978 1908 3029 et
1945 2969 2143 3028 animis
2194 2968 2378 3026 tribuit
2418 2978 2475 3026 et
2533 2969 3041 3042 incorporalitatem.
3086 2972 3283 3033 Paulus

319 3080 457 3139 pore
478 3066 779 3133 constituti,
799 3075 857 3121 et
881 3080 911 3119 a
938 3063 1257 3135 corporibus
1287 3065 1622 3123 recedentes.

319 3160 442 3215 inim
475 3160 666 3214 anima
700 3156 1128 3229 incorporaliter,
1156 3164 1212 3214 et
1244 3166 1367 3229 post
1396 3165 1624 3215 mortem

319 3252 458 3308 alem
483 3250 579 3322 (t).
607 3259 663 3307 ct
688 3250 915 3307 necdum
946 3264 1066 3321 qun
1090 3262 1121 3304 a
1152 3246 1264 3308 Deo
1290 3258 1472 3307 creata
1500 3258 1628 3308 sunt

319 3343 509 3398 liabent
543 3341 880 3414 dignitatem.
909 3341 1026 3413 lpse
1066 3348 1247 3400 autem
1287 3342 1377 3414 qui
1414 3357 1546 3414 pura
1574 3352 1629 3401 et

321 3449 351 3489 a
375 3443 623 3505 operatua
643 3443 756 3503 est;
784 3434 1140 3506 incorporalia
1166 3443 1322 3506 putas
1352 3436 1628 3509 operietur

319 3526 662 3597 nsipientium
708 3524 974 3597 corpore?
1031 3524 1416 3597 consignemus
1464 3525 1627 3597 igitur

331 3618 595 3691 cogitatus
637 3631 668 3673 a
702 3618 896 3674 divinis
926 3616 1241 3689 Scripturis.
1292 3617 1427 3687 Quia
1481 3616 1624 3674 enim

319 3718 528 3766 »ventur
576 3711 930 3780 quaestiones,
975 3710 1096 3765 inde
1122 3709 1335 3767 veniant
1381 3719 1439 3766 et
1477 3710 1626 3766 solu·

319 3802 485 3858 tttima
515 3802 830 3859 immortalis
866 3811 971 3869 est,
994 3812 1050 3859 et
1079 3803 1355 3869 passiones
1387 3802 1628 3876 corporis

319 3896 451 3950 tiunt
492 3896 558 3949 ad
603 3908 745 3951 eam.
792 3892 896 3951 Per
940 3909 1062 3951 eum
1127 3895 1271 3951 enim
1321 3909 1420 3966 per
1467 3910 1627 3966 quem

319 3996 424 4042 tcta
467 3994 614 4053 sunt,
650 3995 706 4041 et
730 3987 922 4042 animm
958 3995 1157 4042 creatae
1197 3997 1347 4042 suttt.
1378 3985 1495 4058 lpse
1529 3988 1631 4045 boc

324 4078 435 4132 avit
478 4076 734 4134 Dominus
774 4087 827 4134 et
870 4077 1003 4133 dixit
1044 4096 1059 4135 ε
1104 4076 1284 4133 Nolite
1325 4081 1504 4135 timere
1541 4095 1629 4135 soa

319 4172 454 4225 Letum
504 4185 718 4235 coruus,
767 4172 998 4227 αιιίιιιαιιι
1040 4181 1214 4227 autent
1268 4187 1372 4228 nott
1411 4179 1629 4244 possum

1724 3072 1904 3120 autem
1932 3074 1989 3121 et
2035 3064 2089 3120 itt
2136 3078 2362 3135 corpore
2409 3062 2754 3131 constitutus.
2793 3074 2850 3121 et
2901 3064 2957 3121 in
3002 3080 3164 3125 carue
3191 3069 3283 3125 vi·

1724 3172 1879 3223 vens,
1910 3171 2016 3213 non
2044 3154 2257 3213 volebat
2298 3156 2353 3212 ln
2381 3169 2547 3212 carne
2584 3170 2725 3213 esse.
2766 3155 2901 3212 Dicit
2948 3158 3134 3215 enim:
3172 3159 3287 3215 Διι-

1723 3250 1854 3306 dent
1877 3250 2096 3322 quidam
2125 3258 2375 3321 putantes
2406 3263 2507 3304 nos
2536 3246 2588 3304 in
2613 3262 2776 3304 carne
2806 3246 2986 3303 vivere
3011 3264 3029 3316 ς
3066 3257 3122 3303 et
3155 3251 3285 3320 quia

1724 3341 1940 3399 vivebat
1969 3342 2023 3397 in
2050 3355 2235 3407 carne,
2271 3340 2419 3396 addit
2450 3357 2466 3395 ε
2500 3338 2559 3395 ln
2597 3353 2759 3396 carne
2789 3339 2939 3395 enim
2977 3342 3285 3411 constituti,

1726 3450 1832 3493 nott
1861 3449 1925 3490 ea
1964 3448 2086 3505 quae
2110 3433 2294 3490 carnis
2329 3441 2456 3489 sunt
2496 3446 2783 3502 operamur
2805 3433 2849 3488 ⁸.
2884 3431 2941 3489 St
2986 3434 3150 3504 igitur
3189 3435 3283 3505 qul

1725 3537 1843 3584 erat
1877 3527 1933 3582 in
1967 3540 2132 3583 carne
2168 3524 2503 3581 alacritatem
2536 3523 2824 3581 refundens
2870 3524 2923 3579 in
2961 3524 3152 3595 spiritu
3200 3539 3287 3581 re·

1726 3620 1868 3677 cedit
1902 3635 1932 3675 a
1969 3632 2218 3689 corpore,
2246 3626 2447 3688 quanto
2480 3616 2649 3686 tnagis
2685 3615 3029 3672 immaculata
3050 3626 3106 3672 et
3136 3617 3285 3671 inac-

1725 3712 1991 3769 cessibilis
2025 3720 2081 3767 et
2116 3725 2247 3781 pura
2292 3709 2378 3764 illa
2422 3718 2611 3765 natura
2644 3708 2749 3765 hoc
2778 3709 2885 3764 erit
2921 3717 2978 3766 et
3015 3724 3284 3777 sermone,

1725 3805 1869 3877 qttod
1902 3812 1987 3860 est
2020 3805 2082 3860 let
2139 3802 2375 3859 natura?
2423 3801 2693 3858 Habemus
2736 3817 2866 3859 sane
2904 3811 2960 3857 rt
3004 3802 3057 3856 itt
3103 3799 3284 3857 Evau-

1726 3898 1881 3971 geliis
1904 3897 2185 3968 scriptum.
2214 3895 2330 3966 ipso
2354 3893 2635 3952 salvatore
2662 3894 2911 3951 dicente:
2940 3893 3105 3949 Deum
3133 3908 3283 3948 ιιιιιιο

1725 3989 1853 4044 uidit
1909 4003 2139 4044 uttouont
2170 3986 2214 4044 δ.
2274 3985 2462 4043 Nullus
2485 4027 2502 4053 ,
2559 3987 2765 4059 inquit.
2817 4001 3051 4057 unquam
3103 3986 3283 4043 vidit:

1725 4097 1914 4138 omnes
1948 4096 2205 4151 personas
2236 4078 2642 4149 comprehendit
2664 4095 2681 4135 ι
2707 4078 2886 4133 onmia
2927 4091 3033 4132 non
3077 4074 3280 4144 aitnul,

1727 4190 1833 4230 non
1858 4174 2189 4244 'separatim
2222 4186 2458 4243 unquam
2486 4170 2723 4242 potuisse
2751 4169 2932 4226 videre
2964 4167 3132 4225 Deum
3160 4182 3286 4239 pro·

358 4266 402 4319 ⁸.
450 4263 564 4320 Non
610 4263 746 4319 dixit
795 4262 920 4333 quia
968 4262 1152 4320 nolunt
1197 4264 1479 4331 occidere.
1529 4262 1624 4322 sed
1731 4265 2030 4322 nuntiavit?
2053 4265 2232 4321 omnia
2268 4266 2444 4335 spatia
2476 4263 2922 4334 comprehendit:
2958 4271 3017 4318 ut
3047 4277 3116 4318 ne
3161 4260 3286 4332 quis

319 4373 344 4411 n
379 4364 632 4426 possunt,
675 4356 882 4427 inquit,
914 4356 1180 4412 occidere.
1228 4354 1448 4413 Natum
1481 4355 1626 4415 enim
1730 4356 1957 4424 diceret,
1991 4357 2262 4427 prophetis
2292 4354 2562 4426 apparuit,
2590 4363 2682 4408 aut
2711 4351 3145 4425 legislatori,‚aut
3177 4350 3286 4406 alio

319 4448 597 4503 ›otentiam
641 4448 838 4519 posuit,
875 4455 930 4505 et
970 4463 1074 4504 non
1111 4448 1439 4519 propositum
1486 4448 1630 4504 deci-

319 4557 353 4596 t.
397 4538 454 4595 Si
493 4539 655 4611 igitur
700 4549 896 4596 nostrae
933 4540 1148 4606 animae,
1185 4554 1304 4609 quae
1342 4538 1395 4594 in
1434 4552 1628 4608 corpo·

319 4673 324 4685 .
362 4632 507 4689 circa
558 4646 782 4702 corpora
832 4632 1114 4699 habentur,
1162 4645 1446 4702 corporum
1505 4644 1628 4700 pas-

319 4739 384 4779 on
421 4724 733 4789 admittunt.
767 4725 929 4779 etiam
963 4723 1091 4779 dum
1124 4722 1320 4778 adsunt
1354 4720 1409 4777 in
1437 4734 1628 4791 corpo-

319 4824 502 4885 {nanto
535 4817 705 4887 magis
735 4816 812 4888 (5)
843 4815 928 4871 bis
966 4814 1058 4886 qui
1095 4812 1379 4871 bonoravit
1419 4813 1626 4869 animas

319 4909 398 4965 ·ali
448 4917 663 4975 natura,
709 4910 821 4981 ipse
853 4909 1024 4979 magis
1050 4916 1132 4964 est
1158 4906 1528 4977 incorporalis,
1570 4913 1629 4962 et

324 5001 675 5073 incorporalis
717 5010 776 5057 ut
810 5000 1035 5056 animati
1070 4997 1203 5057 Cum
1247 4998 1390 5054 enim
1430 4998 1497 5054 de
1541 4997 1627 5054 hia

319 5110 400 5150 tus
444 5110 778 5162 sermonem,
819 5091 1313 5163 et'inquisierimus
1358 5089 1625 5161 quomodo

320 5184 425 5241 alis
457 5183 527 5239 ab
583 5183 1007 5253 incorporalibus
1063 5179 1282 5249 differt3
1327 5188 1452 5236 tunc
1503 5193 1623 5235 cum

322 5291 350 5332 s
379 5276 698 5348 impertierit
723 5276 788 5331 de
816 5274 902 5330 his
939 5273 1241 5345 loquemur.
1283 5270 1499 5328 Interim
1529 5282 1626 5324 att-

324 5386 386 5425 us
422 5377 505 5425 est
548 5382 761 5432 sermo.
786 5367 911 5437 quia
955 5365 1091 5422 Deus
1140 5362 1492 5435 incorporalis
1519 5371 1626 5426 est,

319 5473 362 5512 ι.
409 5471 506 5524 xtt,
537 5456 630 5514 ΞΛ.

319 5568 323 5579 .
358 5542 411 5592 v,
448 5528 500 5584 8.

319 5632 356 5673 t.
392 5615 557 5686 Dicit,
581 5617 707 5689 quio
756 5615 804 5671 si
835 5632 937 5671 nott
967 5630 1059 5671 ero
1098 5621 1350 5679 mortuus,
1384 5629 1484 5668 ιιοιι
1525 5611 1626 5666 col·

320 5756 548 5814 itabilia.
579 5756 682 5816 Pro
709 5754 1054 5812 mirabilibus.

1728 4449 1911 4505 alicui.
1946 4446 2085 4516 Quid
2129 4447 2298 4518 ergo?
2346 4447 2673 4502 mentiuntur
2714 4442 3005 4514 Scriptura
3033 4456 3155 4514 quat
3202 4442 3285 4499 di·

1727 4551 1896 4597 cunt:
1929 4540 2062 4597 Veni
2096 4548 2152 4595 et
2179 4538 2316 4604 vidi,
2343 4546 2398 4594 et
2425 4536 2636 4592 audivi!
2663 4534 2909 4591 vultibus
2949 4548 3054 4590 nott
3092 4544 3176 4589 est
3208 4534 3285 4590 vi·

1728 4631 1903 4687 sibilis
1934 4629 2095 4687 Deus.
2133 4628 2594 4700 Quemadmodum
2616 4642 2746 4699 ergo
2779 4624 3159 4699 agnoscibilis?
3184 4625 3284 4694 Qui

1726 4732 1907 4780 autem
1942 4723 2089 4779 aolus
2122 4723 2271 4779 novit
2298 4736 2421 4779 eum
2463 4721 2555 4792 qui
2600 4735 2661 4777 se
2698 4720 2903 4788 genuit.
2933 4717 3102 4773 dicit:
3134 4714 3285 4771 Beati

1728 4817 1924 4871 mundo
1954 4817 2130 4882 corde,
2176 4817 2422 4883 quoniam
2474 4815 2574 4875 insi
2625 4811 2794 4867 Deum
2843 4811 3083 4865 videbunt
3125 4809 3171 4864 ⁸.
3225 4807 3282 4865 Si

1726 4910 1874 4965 enim
1918 4908 2170 4976 dixisset,
2212 4908 2359 4963 Beati
2400 4906 2491 4977 qui
2537 4904 2682 4959 acuti
2727 4911 2853 4960 sttnt
2886 4900 3078 4962 oculis.
3116 4899 3267 4954 dice-

1727 5016 1911 5058 remus
1954 5001 2076 5072 quia
2122 5000 2295 5057 oculis
2356 4996 2691 5067 mancipavit
2740 4995 2937 5051 visum.
2992 4991 3050 5048 Si
3104 4999 3281 5045 autem

1731 5092 1871 5148 sicut
1896 5094 2082 5149 oculus
2110 5106 2274 5162 purus
2313 5091 2453 5146 videt
2478 5104 2602 5159 quae
2630 5087 2797 5145 oculis
2839 5095 2966 5144 sunt
2995 5081 3283 5146 naturalia,

1731 5181 1804 5237 ita
1852 5191 1909 5237 et
1937 5182 2115 5237 anima
2171 5180 2366 5238 munda
2410 5182 2559 5238 videt
2626 5195 2744 5251 qnae
2788 5187 2915 5235 sunt
2954 5190 3115 5246 supra
3162 5176 3283 5228 ani·

1729 5287 1912 5340 mam;
1945 5272 2037 5342 qut
2068 5272 2231 5330 corde
2262 5273 2492 5338 videtur,
2531 5271 2702 5329 oculis
2731 5286 2835 5327 non
2880 5268 3130 5325 videtur:
3164 5280 3283 5335 quae

1731 5373 1912 5420 autem
1944 5364 2115 5422 oculis
2142 5364 2414 5429 videntur,
2457 5362 2735 5433 subjacent
2767 5361 3090 5418 motionibus
3133 5373 3282 5414 men-

742 5456 788 5489 ⁸⁰
825 5456 956 5512 ibid.
1011 5455 1100 5514 51.
1187 5454 1204 5486 ¹
1242 5452 1398 5509 «ioan.
1430 5466 1557 5520 vttt,
1594 5450 1685 5509 28.
1777 5456 1798 5489 ¹¹
1837 5454 2023 5511 Hattb.
2060 5454 2208 5521 8³8.
2292 5456 2315 5489 ⁸
2351 5454 2543 5513 llCor.
2586 5471 2638 5524 ι,
2685 5455 2742 5512 ³.
2836 5452 2859 5487 ⁸
2891 5450 3046 5509 Joan.
3099 5467 3144 5518 t,
3190 5449 3275 5507 ¹8.

1801 5609 1882 5679 (4)
1929 5607 2028 5665 Hs.
2065 5618 2117 5666 et
2151 5619 2263 5676 post
2311 5618 2529 5666 mortem
2572 5617 2783 5681 propter
2808 5603 3210 5676 incorporalem.

1799 5680 1875 5751 (ὅ)
1916 5679 2033 5737 Ht’s.
2068 5678 2170 5736 Pro
2188 5681 2251 5735 t's.
