3692 6134
162 270 289 328 312

1094 280 1608 344 consumam
1644 287 1713 344 ιΝ
1749 277 2119 350 15A1.m.'-
2153 297 2307 356 CAP.
2343 300 2535 359 axvi.

3324 311 3428 370 518

175 411 275 466 γον
303 395 493 451 αὐτοῦ.
518 398 745 467 Εἴπατε,
768 398 987 471 ἀδελφοὶ
1007 402 1186 474 ἡμῶν,
1209 408 1322 471 τοῖς
1346 409 1595 480 μισοῦσιν
1618 413 1763 485 ὑμᾶς
1789 425 1836 482 Α
1865 432 2172 474 sermonem
2198 418 2337 490 eius.
2368 422 2561 488 Dicite,
2585 420 2784 481 fratres
2809 425 3006 494 nostri,
3029 426 3335 487 odientibus
3369 439 3427 487 et

175 486 273 541 καὶ
314 485 782 560 βδελυσσομένοις,
817 491 905 545 ἵνα
938 493 1000 547 τὸ
1036 493 1207 568 ὄνομα
1254 499 1465 573 Κυρίου
1496 502 1748 578 δοξασθῇ,

169 578 266 635 καὶ
293 579 435 654 ὀφθῇ
458 582 518 636 ἐν
540 583 607 654 τῇ
628 582 943 660 εὐφροσύνῃ
960 586 1159 658 αὐτῶν,
1193 592 1287 645 καί
1314 594 1510 649 ἐκεῖνοι
1529 597 1751 669 αἰσχυν-

169 667 452 740 θῆσονται.
501 688 522 723 ι
559 671 930 742 Εὐαγγελικὸν
959 676 1140 743 αὐτοῖς
1172 681 1504 753 παραδίδωσι
1537 687 1751 761 παράγ-

163 761 352 834 γελμα
380 762 534 817 οὐδὲν
557 763 811 838 διαφέρον
843 767 960 858 τοῦ,
996 786 1017 822 t
1073 770 1346 841 Ἀγαπᾶτε
1368 775 1496 843 τοὺς
1520 778 1749 852 ἐχθροὺς

161 851 343 923 ὑμῶν,
378 852 563 918 καλῶς
586 857 793 911 ποιεῖτε
821 858 949 923 τοὺς
993 861 1285 933 μισοῦντας
1318 865 1485 937 ὑμᾶς,
1516 869 1749 944 προσεύ-

162 944 331 1018 χεσθε
360 946 500 1021 ὑπὲρ
527 948 636 1004 τῶν
669 951 1087 1025 ἐπηρεαζόντων
1113 956 1259 1028 ὑμᾶς
1295 960 1392 1014 καὶ
1419 961 1743 1031 διωκόντων,

164 1038 256 1093 tva
282 1038 514 1112 γένησθε
541 1042 650 1096 uiol-
673 1042 766 1097 τοῦ
791 1043 1005 1118 Πατρός
1035 1047 1188 1119 ὑμῶν
1207 1049 1299 1105 τοῦ
1328 1054 1386 1107 ὲν
1416 1054 1685 1126 οὐρανοῖς.
1716 1074 1739 1110 ι

161 1128 325 1184 Οὕτω
353 1132 450 1185 καί.
482 1131 516 1204 ἡ
547 1135 852 1206 προφητεία
885 1137 1320 1209 παρακελεύεται
1354 1143 1450 1199 καὶ
1478 1144 1738 1201 διδάσκει.

222 1238 263 1273 -ι
301 1222 459 1294 Φωνὴ
497 1225 743 1297 κραυγῆς
775 1227 842 1280 ὲκ
868 1226 1096 1294 πόλεως.
1127 1234 1278 1306 φωνὴ
1310 1234 1376 1288 ὲκ
1403 1235 1554 1301 ναοῦ,
1589 1236 1740 1308 φωνὴ

159 1312 372 1385 Κυρίου
416 1314 856 1382 άνταποδιδόντος
886 1318 1242 1378 ἀνταπόδοσιν
1273 1328 1386 1390 τοῖς
1433 1326 1740 1399 ἀντικειμέ-

159 1420 297 1470 νοις.
336 1423 355 1457 ι
385 1404 450 1459 Εἰ
490 1405 599 1480 γὰρ
629 1407 799 1465 ταῦτα
830 1410 1142 1482 πράττοιτο,
1186 1415 1339 1487 ὑμῶν
1374 1418 1474 1490 μὲν
1502 1418 1648 1475 κατὰ
1676 1419 1739 1474 τὸ

159 1495 313 1561 τέλος
337 1496 444 1551 τῶν
467 1499 711 1570 άμοιόῶν
733 1501 1037 1577 εὐφροσύνη
1063 1505 1285 1579 ἔκδηλος
1313 1507 1464 1565 ἔσται
1491 1514 1607 1578 τοῖς
1633 1513 1738 1567 πᾶ-

161 1605 265 1642 σιν·
303 1591 499 1644 ἐκεῖνοι
527 1590 584 1644 δὲ
631 1595 1181 1668 καταισχυνθήσονται
1209 1599 1270 1654 τὸ
1302 1601 1567 1678 ὑμέτερον
1604 1602 1734 1658 θεα-

161 1681 386 1753 σάμενοι
428 1682 599 1748 τέλος,
636 1684 731 1737 καὶ
774 1682 872 1755 τὴν
919 1686 1125 1744 ἑαυτῶν
1154 1690 1429 1748 ἀπώλειαν
1469 1693 1610 1749 κατὰ
1640 1695 1732 1750 τὸν

1854 508 2299 568 abominantibus
2342 527 2457 579 vos,
2499 523 2557 570 ut
2584 529 2783 572 nomen
2814 515 3028 573 Domini
3068 517 3424 591 glorificetur,

1851 608 1906 655 et
1946 600 2193 655 videatur
2217 601 2273 656 in
2305 603 2488 659 laetitia
2514 618 2726 670 eorum,
2753 614 2811 661 et
2841 606 2916 663 illi
2946 605 3368 668 confundentur.
3394 630 3418 668 a

1848 688 2223 762 Evangelicum
2259 691 2389 764 ipsis
2421 703 2745 765 praeceptum
2791 696 2985 762 tradit.
3029 698 3166 755 nibil
3210 700 3423 757 discre-

1844 794 1983 849 pans
2007 780 2075 836 ab
2106 795 2193 847 eo,
2231 799 2253 834 ι
2283 782 2498 856 Diligite
2534 785 2786 843 inimicos
2821 798 3070 858 vestros,
3114 788 3422 850 benefacite

1844 871 1937 938 iis.
1966 871 2060 944 qui
2090 865 2322 931 oder-unt
2349 890 2469 942 vos,
2492 887 2646 933 orate
2685 894 2783 948 pro
2826 873 3185 951 affligentibus
3217 895 3274 941 et
3299 899 3421 956 per·

1843 962 2195 1032 sequentibus
2228 979 2359 1031 vos;
2401 978 2460 1020 ut
2499 967 2621 1022 sitis
2652 965 2750 1022 iiiii
2783 966 2960 1024 Patris
2994 971 3185 1038 vestri,
3213 971 3307 1042 qui
3335 980 3420 1028 est

1842 1056 1901 1110 in
1928 1054 2081 1113 coelis
2102 1056 2170 1112 ⁸¹.
2198 1075 2220 1110 ›
2260 1057 2458 1114 Eadem
2487 1073 2713 1129 prorsus
2743 1062 3067 1134 praecipitet
3099 1063 3255 1120 docet
3281 1080 3416 1134 pre-

1839 1144 2047 1217 pbetia.

1912 1234 2076 1294 Vsus.
2102 1236 2155 1293 θ.
2192 1255 2213 1291 ι
2242 1235 2359 1295 Vox
2399 1237 2654 1296 clamoris
2691 1253 2760 1296 ex
2801 1241 3040 1308 civitate,
3079 1256 3186 1298 vox
3214 1256 3247 1298 e
3278 1251 3416 1298 tem-

1839 1324 1947 1397 plo.
1975 1341 2076 1382 vox
2107 1326 2318 1384 Domini
2350 1328 2699 1386 retribuentis
2726 1331 3136 1386 retributionem
3164 1332 3416 1386 adversa·-

1842 1418 1994 1476 riis.·
2028 1417 2160 1474 Nam
2184 1418 2231 1476 ai
2267 1419 2382 1475 lucc
2411 1430 2661 1490 agantur,
2690 1420 2871 1476 laetitla
2899 1431 3099 1488 vestra,
3123 1422 3414 1479 accedente

1835 1507 2181 1576 praeniiorum
2215 1516 2481 1579 tempore,
2522 1510 2777 1566 omnibus
2827 1511 3113 1568 manifesta
3151 1512 3296 1569 erit:
3333 1511 3410 1569 illl

1833 1611 1965 1651 vero
2032 1595 2195 1651 linem
2257 1607 2498 1654 vestrum
2558 1600 2853 1671 conspicati
2908 1601 3303 1659 confundentur
3353 1613 3412 1663 et

1834 1703 1989 1743 suam
2034 1686 2224 1758 judicii
2279 1687 2448 1746 divini
2505 1697 2750 1763 tempore
2805 1694 3100 1763 perniciem
3153 1696 3413 1769 operibus

156 1774 259 1847 τῆς
285 1773 680 1847 δικαιοκρισίας
711 1777 898 1847 καιρὸν
922 1779 1015 1833 τοῦ
1045 1779 1180 1835 Θεοῦ
1210 1781 1392 1855 ἔργοις
1421 1784 1733 1859 μαθησόμε-
1762 1770 1804 1825 Β
1837 1779 2095 1833 ediscent.
2126 1797 2145 1829 ι
2192 1776 2302 1831 Vox
2354 1780 2607 1838 clamoris
2661 1795 2731 1839 ex
2763 1784 3000 1851 civitate,
3058 1799 3164 1842 vox
3201 1800 3234 1844 e
3259 1795 3407 1844 tem·

157 1886 259 1924 νοι.
312 1887 332 1920 ι
370 1868 526 1941 Φωνὴ
559 1869 808 1941 κραυγῆς
849 1871 915 1924 ix
945 1872 1174 1938 πόλεως,
1223 1876 1377 1947 φωνὴ
1423 1879 1488 1930 ὲκ
1519 1877 1670 1943 ναοῦ,
1705 1896 1725 1928 ι

157 1962 216 2014 αἱ
262 1960 359 2032 μὲν
388 1957 448 2026 ἐξ
473 1959 641 2030 αὐτῆς
667 1961 767 2030 τῆς
794 1959 1002 2027 πόλεως
1035 1963 1141 2017 τῶν
1172 1964 1470 2034 οἰκητόρων
1502 1964 1735 2018 ὲκόοών-

153 2072 287 2118 των,
317 2054 374 2107 αἰ
408 2053 466 2107 δὲ
510 2052 570 2117 te
606 2050 771 2107 αὐτοῦ
797 2049 892 2106 τοῦ
924 2052 1074 2120 ναοῦ,
1115 2054 1223 2109 τῶν
1264 2056 1459 2126 ἱερέων
1487 2057 1581 2110 καὶ
1625 2056 1732 2110 τῶν

151 2145 357 2201 λοιπῶν
384 2145 710 2217 λειτουργῶν
737 2143 1206 2215 ἀποκλαιομένων.

233 2256 252 2291 ι
285 2238 423 2307 Πρὶν
453 2236 551 2307 τὴν
591 2236 886 2291 ὠδίνουσαν
909 2238 1112 2302 τεκεῖν,
1138 2235 1272 2308 πρὶν
1302 2235 1475 2291 ἐλθεῖν
1502 2236 1594 2291 τὸν
1628 2236 1730 2291 πό-

150 2348 247 2384 νον
296 2329 406 2383 τῶν
452 2329 677 2395 ὠδίνων,
728 2329 979 2400 ἐξέφυγε,
1023 2330 1119 2383 καί
1163 2329 1348 2384 ἔτεκεν
1395 2329 1582 2403 άρσεν.
1633 2330 1732 2395 Τίς

150 2421 357 2490 ἤκουσε
404 2419 645 2486 τοιοῦτος
681 2418 775 2475 καί
826 2420 906 2485 τίς
942 2417 1183 2492 ἑώρακεν
1229 2419 1435 2487 οῦτως;
1476 2421 1540 2473 Εἰ
1573 2418 1730 2476 ὥδινε

149 2511 231 2582 γῆ
261 2510 319 2561 ὲν
360 2509 542 2581 ἡμέρᾳ
576 2511 693 2581 μιᾷ,
727 2509 761 2582 ἢ
812 2509 907 2563 καὶ
937 2509 1129 2582 ἐτέχθη
1161 2508 1314 2575 ἔθνος
1352 2510 1607 2578 εἰσάπαξ,
1643 2510 1727 2565 ὅτι

149 2598 315 2654 ὢδινε
343 2601 438 2654 καί
468 2600 620 2655 ἔτεκε
652 2600 792 2654 Σιὼν
819 2600 888 2655 τὰ
915 2601 1105 2657 παιδία
1135 2602 1342 2674 αὐτῆς;
1387 2620 1406 2653 ι
1443 2602 1518 2657 Τὸ
1546 2602 1729 2656 θεοσε-

150 2693 251 2758 6ὲς
289 2692 610 2765 πολίτευμα,
645 2694 737 2748 καὶ
764 2696 797 2765 η
832 2694 989 2767 καινὴ
1018 2693 1113 2748 καὶ
1139 2692 1234 2748 νέα
1267 2692 1424 2760 Σιὼν,
1463 2692 1662 2766 δηλαδὴ
1689 2694 1724 2766 ἡ

163 2781 461 2855 Ἐκκλησία
502 2781 596 2840 τοῦ
638 2781 798 2847 Θεοῦ,
830 2784 863 2854 ὴ
898 2782 968 2837 δι’
1012 2781 1166 2855 ὑμῶν
1198 2782 1595 2855 συστησομένη,
1637 2799 1726 2836 το-

153 2872 347 2927 σοῦτον
377 2873 588 2946 ἁθρόως
617 2871 867 2945 γεννήσει
898 2871 1102 2943 πλῆθος
1126 2872 1299 2928 ἐθνῶν
1336 2873 1429 2927 καί
1453 2872 1617 2939 λαῶν,
1649 2874 1724 2939 ὡς

155 2965 493 3038 ἐκπλαγῆναι
516 2964 607 3020 τὸν
631 2964 920 3020 ἀκούοντα.
947 2959 1049 3019 Οἷα
1071 2964 1180 3039 γάρ
1199 2982 1283 3029 τις
1307 2964 1565 3037 ἐγκύμων
1586 2964 1725 3038 γυνὴ

1831 1868 1939 1936 plo.
1968 1885 1986 1918 ι
2027 1864 2200 1921 Voces
2243 1867 2457 1934 quidem
2487 1869 2607 1926 alia
2641 1873 2839 1929 civium
2875 1876 3292 1934 exclamantium
3335 1893 3409 1936 ex

1832 1958 2087 2020 civitate,
2158 1956 2277 2010 aliae
2346 1970 2413 2009 ex
2473 1960 2673 2027 templo
2749 1966 2994 2031 emissae.
3064 1970 3404 2026 sacerdotum

1832 2055 2268 2115 caeterorumque
2356 2044 2730 2103 ministrorum
2803 2052 3130 2123 lugentium,
3208 2057 3406 2114 futurae

1832 2144 1980 2191 sunl.

1903 2227 2067 2281 Vsas.
2094 2225 2150 2294 7,
2176 2224 2231 2284 8.
2268 2243 2289 2279 ι
2319 2225 2626 2308 antequam
2665 2231 2977 2301 parturiens
3009 2236 3219 2306 pariat,
3252 2249 3405 2296 ante-

1830 2335 1992 2391 quam
2038 2320 2256 2377 veniant
2303 2319 2517 2377 dolores
2562 2334 2782 2394 partus,
2825 2323 3051 2398 effugit,
3096 2338 3154 2386 et
3191 2332 3404 2402 peperit

1829 2411 2149 2468 masculum.
2177 2409 2312 2479 Qui's
2355 2411 2561 2468 audivit
2600 2412 2744 2472 tale!
2781 2423 2838 2474 et
2865 2419 2991 2491 quia
3020 2420 3155 2477 vidit
3192 2422 3404 2483 simile?

1825 2501 1966 2559 Num
2006 2506 2297 2576 parturivit
2343 2514 2487 2563 terra
2529 2506 2619 2564 die
2647 2522 2776 2575 una,
2816 2524 2945 2567 num
2988 2519 3114 2568 nata
3152 2525 3237 2571 est
3267 2528 3401 2587 gena

1826 2594 2016 2662 simul,
2072 2597 2198 2668 quia
2259 2598 2545 2667 parturivit
2588 2612 2645 2656 et
2695 2599 2908 2674 peperit
2957 2601 3089 2660 Sion
3141 2607 3400 2678 parvulos

1825 2687 1987 2743 suos?
2004 2707 2021 2739 ι
2057 2687 2152 2743 Pia
2185 2688 2395 2761 religio,
2421 2702 2476 2745 et
2503 2703 2643 2746 nova
2669 2703 2967 2763 recensque
2989 2691 3149 2759 Sion.
3177 2696 3397 2756 scilicet

1825 2777 2065 2835 Ecclesia
2111 2778 2234 2848 Dei,
2279 2795 2376 2852 per
2419 2796 2515 2836 vos
2559 2782 2962 2853 constituenda,
3007 2794 3213 2842 tantam
3260 2801 3396 2846 con-

1823 2872 2005 2928 lertim
2032 2874 2276 2943 gentium
2305 2883 2360 2929 et
2389 2871 2714 2946 populorum
2754 2873 3157 2933 multitudinem
3190 2879 3392 2950 pariet,

1824 2975 1886 3022 ut
1914 2967 2008 3039 qui
2038 2966 2270 3024 audierit
2296 2965 2664 3040 obstupescat.
2692 2968 2909 3025 Atenim
2935 2973 3393 3042 quemadmodum
3501 2975 3506 2980 ’

152 3057 297 3114 κατὰ
344 3057 577 3128 γαστρὸς
625 3057 843 3130 ἔχουσα,
882 3056 1153 3130 μηδεμιᾶς
1192 3055 1380 3121 ὠδῖνος
1428 3074 1722 3130 προσγενο-
1750 3097 1793 3155 c
1825 3058 1870 3115 si
1909 3058 2104 3115 mulier
2144 3060 2387 3129 quaedam
2424 3070 2643 3117 uterum
2693 3070 2913 3131 gestans
2963 3076 3027 3118 ac
3077 3077 3386 3138 proegaans,

152 3150 344 3221 μένης,
392 3149 652 3219 αἰφνίδιον
692 3151 1002 3222 γεννήσειε,
1048 3148 1144 3204 καί.
1184 3147 1344 3203 τοῦτο
1397 3150 1582 3222 ἄρσεν·
1628 3150 1720 3207 τὸν
1823 3150 1943 3206 siae
1972 3150 2080 3206 ullo
2113 3149 2300 3207 dolore
2350 3160 2575 3222 repente
2626 3150 2922 3208 masculum
2977 3153 3191 3224 pariat;
3225 3158 3304 3214 sic
3335 3167 3395 3215 et

152 3241 316 3296 αὑτὸν
342 3241 542 3314 τρόπον
575 3241 669 3295 καί
693 3243 728 3314 ἡ
762 3239 859 3295 νέα
895 3239 1035 3294 Σιὼν
1077 3238 1206 3296 λαὸν
1250 3239 1435 3294 καινὸν
1467 3239 1562 3295 καὶ
1601 3240 1721 3297 ὅλον

148 3334 307 3399 ἔθνος
332 3333 564 3401 εἰσάπαξ
593 3332 803 3406 ἀθρόως
828 3331 1072 3398 τέξεται·
1104 3331 1181 3395 ὡς
1206 3326 1345 3386 εῖναι
1372 3328 1437 3386 τὸ
1474 3333 1583 3387 πᾶν
1610 3350 1716 3387 πα-

158 3425 528 3498 ραδοξότατον,
559 3417 671 3478 οἷον
698 3420 1040 3477 οὐδεπώποτε
1069 3420 1335 3495 ἠκούσθη.
1374 3422 1448 3477 Τὸ
1481 3423 1581 3495 μὲν
1612 3422 1720 3498 γὰρ

160 3513 431 3570 Ἰουδαίων
469 3513 642 3580 ἔθνος,
682 3512 776 3568 καὶ
808 3512 970 3576 αὐτὸς
1005 3514 1034 3566 ό
1096 3512 1333 3585 Ἰσραὴλ,
1381 3513 1481 3567 οὐκ
1511 3512 1722 3586 ἁθρόως

149 3608 435 3681 παρέστη·
464 3605 601 3661 ἀλλὰ
637 3604 851 3676 πρῶτος
883 3604 981 3675 μὲν
1014 3598 1083 3676 ἦν
1108 3603 1287 3658 αὐτῶν
1322 3606 1353 3660 ὁ
1398 3605 1715 3678 προπάτωρ·

151 3697 349 3753 τούτου
378 3697 437 3752 δὲ
478 3696 734 3767 γεγόνασι
767 3697 953 3762 παῖδες
987 3696 1073 3769 ιβ’·
1106 3692 1205 3751 εἴτ’
1234 3697 1292 3766 ἐξ
1327 3696 1446 3762 ἑνὸς
1490 3698 1718 3753 ἑκάστου

146 3791 262 3846 υἱοί
301 3806 363 3844 τε
394 3789 489 3845 καί.
516 3789 832 3861 θυγατέρες·
877 3781 952 3845 ὧν
994 3788 1100 3844 υἰοί
1142 3806 1203 3843 τε
1245 3788 1341 3843 καί
1385 3787 1594 3857 ἔκγονοι
1625 3786 1720 3842 καὶ

142 3882 414 3952 ἀπόγονοι
442 3882 770 3953 ὑπέστησαν·
805 3880 945 3936 οὕτω
974 3898 1034 3934 τε
1066 3879 1207 3936 κατὰ
1233 3879 1333 3953 τὴν
1376 3877 1482 3933 τῶν
1518 3877 1718 3950 γονέων

150 3972 406 4045 διαδοχὴν
429 3973 487 4026 ὲν
517 3970 720 4025 πλείοσι
745 3970 956 4043 χρόνοις
983 3969 1079 4024 καί
1125 3969 1183 4022 ὲν
1211 3968 1482 4041 διαφόροις
1509 3970 1719 4039 γενεαῖς

154 4064 388 4135 συνέστη
409 4063 473 4118 τὸ
502 4064 609 4118 πᾶν
633 4062 811 4117 αὐτῶν
836 4060 1006 4125 ἔθνος.

231 4174 255 4211 a
299 4154 444 4225 Ἐγὼ
469 4154 526 4209 δὲ
556 4154 732 4209 ἔδωκα
759 4153 858 4226 τὴν
895 4150 1217 4225 προσδοκίαν
1242 4151 1467 4225 ταύτην,
1500 4150 1594 4206 καὶ
1620 4150 1719 4204 οὐκ

145 4248 431 4322 ἐμνήσθης
461 4263 583 4319 μου,
618 4243 737 4301 εἷπε
767 4246 987 4317 Κύριος.
1022 4243 1135 4299 Οὐκ
1166 4242 1273 4298 ἰδοὺ
1306 4241 1416 4312 ἐγὼ
1445 4241 1719 4314 γεννῶσαν

150 4341 250 4396 καὶ
277 4339 501 4413 στείραν
532 4338 781 4411 ἐποίησα,
813 4332 964 4391 εἶπεν
987 4337 1015 4390 ό
1049 4335 1182 4401 Θεός
1214 4351 1342 4402 σου;
1379 4354 1398 4387 ι
1441 4335 1597 4389 Κατὰ
1623 4333 1714 4391 τὸν

1823 3254 1962 3296 nova
1995 3239 2125 3297 Sion
2160 3241 2416 3311 populum
2462 3256 2697 3308 novum,
2742 3250 2797 3298 et
2836 3244 3144 3302 universam
3176 3258 3394 3320 gentem

1821 3332 1985 3388 semel
2010 3340 2065 3387 et
2091 3329 2374 3388 confertim
2409 3333 2618 3404 pariet;
2657 3334 2730 3389 ita
2764 3343 2823 3389 ut
2852 3336 3119 3405 stupenda
3152 3353 3241 3396 res
3273 3346 3390 3397 tota

1819 3421 1912 3486 sit,
1951 3420 2127 3491 qualis
2164 3421 2345 3477 audita
2383 3436 2656 3492 nunquam
2688 3422 2813 3478 fuit.
2854 3421 3163 3482 Judaeorum
3192 3430 3392 3501 quippe

1821 3511 1968 3567 natio
1991 3518 2049 3567 et
2085 3511 2199 3581 ipse
2233 3510 2400 3568 lsrael
2443 3525 2553 3568 non
2598 3512 2885 3570 confertim
2937 3516 3233 3585 productus
3257 3529 3387 3577 est:

1820 3617 1946 3659 nam
1991 3602 2142 3674 prior
2177 3602 2393 3674 quidem
2445 3603 2547 3659 fuit
2592 3617 2781 3661 corum
2831 3603 3187 3678 progenitor:
3225 3609 3389 3681 hujus

1820 3707 1948 3749 vero
1978 3693 2261 3751 duodecim
2303 3692 2462 3750 fuere
2489 3693 2586 3751 lilii
2624 3712 2641 3752 ι
2686 3695 2811 3752 binc
2844 3710 2912 3752 ex
2950 3698 3301 3769 singulisiilii
3334 3711 3391 3758 ct

1818 3783 1965 3853 filiae,
1990 3785 2188 3856 quibus
2218 3785 2344 3842 item
2376 3785 2473 3843 lilii
2510 3792 2567 3841 et
2611 3794 2838 3858 nepotes
2868 3796 2923 3843 et
2953 3788 3248 3861 abnepotes
3281 3795 3389 3850 orti

1819 3886 1965 3942 surt,
2006 3887 2169 3949 atque
2202 3876 2276 3932 ita
2308 3891 2404 3948 per
2431 3887 2715 3948 parentum
2743 3879 3168 3949 successionem.
3195 3881 3385 3940 multis

1819 3981 2081 4023 annorum
2128 3968 2437 4035 curriculis,
2480 3976 2536 4025 et
2566 3968 2736 4024 variis
2780 3968 3217 4040 generationibus
3263 3973 3388 4030 unl-

1816 4070 2030 4114 versum
2056 4074 2224 4130 genus
2251 4073 2437 4115 eorum
2466 4058 2730 4115 constitit.
3059 4051 3068 4062 ‘

1889 4148 2054 4206 Vsus.
2082 4149 2137 4208 9.
2181 4167 2202 4203 ι
2229 4149 2345 4221 Ego
2378 4163 2510 4205 vero
2543 4149 2666 4205 dedi
2713 4143 3173 4222 exspectatlonem
3217 4152 3381 4222 banc,

1818 4253 1872 4302 et
1908 4259 2013 4301 non
2050 4241 2366 4299 recordatus
2405 4256 2464 4298 es
2504 4241 2643 4309 mei,
2685 4241 2827 4298 dixit
2869 4244 3147 4301 Dominus.
3196 4243 3386 4303 Nonne

1816 4351 1917 4409 ego
1944 4336 2249 4408 gignentem
2290 4342 2345 4388 et
2375 4333 2615 4389 sterilem
2646 4333 2781 4400 feci,
2811 4334 2946 4391 dixit
2987 4336 3128 4394 Deus
3173 4337 3337 4392 tuus?
3356 4356 3377 4391 ι

148 4431 314 4487 αὐτὸν
335 4431 395 4486 δὲ
419 4432 620 4505 τρόπον
650 4428 798 4501 εὖροι
829 4428 896 4483 άν
921 4446 1006 4494 τις
1035 4428 1128 4483 καὶ
1153 4427 1222 4483 τά
1242 4427 1404 4481 λοιπὰ
1435 4424 1559 4499 ἔθνη
1592 4426 1717 4498 χρό-
1746 4435 1790 4490 D
1819 4429 2018 4484 Eodem
2050 4440 2275 4498 prorsus
2313 4424 2471 4481 modo
2499 4424 2634 4482 alias
2664 4442 2881 4498 quoquc
2923 4437 3113 4498 gentes
3155 4439 3384 4485 numero

150 4540 268 4587 νοις
296 4524 379 4587 εἰς
423 4521 626 4594 πλῆθος
659 4520 1043 4575 ὲπιδεδωκότα·
1091 4520 1120 4574 ὁ
1163 4520 1222 4575 δὲ
1257 4520 1355 4592 τῆς
1395 4519 1717 4592 Ἐκκλησίας

144 4613 249 4668 τοῦ
276 4613 411 4669 Θεοῦ
441 4613 569 4678 λαὸς
598 4611 808 4684 άθρόως
830 4612 919 4681 ὑφ’
948 4611 1043 4666 ἕνα
1069 4612 1257 4685 καιρὸν
1285 4612 1379 4667 καί
1405 4612 1591 4687 ὥσπερ
1614 4613 1719 4667 ὑπὸ

155 4704 287 4778 μίαν
326 4704 538 4778 ἡμέραν
573 4704 809 4775 ἐπλήρου
851 4703 920 4758 τὰ
964 4703 1189 4757 πλεῖστα
1233 4704 1375 4777 μέρη
1400 4705 1502 4776 τῆς
1535 4706 1716 4758 οἰκου-

150 4796 356 4869 μένης·
390 4796 421 4850 δ
461 4795 525 4868 δὴ
557 4794 762 4863 ξενίζον
804 4796 1031 4869 πρᾶγμα
1064 4797 1159 4851 καὶ
1196 4795 1470 4869 θαύματος
1515 4795 1716 4860 παντὸς

148 4888 413 4942 ἐπέκεινα
459 4888 701 4959 ὑπάρχον
738 4885 861 4942 οὔτε
906 4887 1181 4960 ὀφθαλμὸς
1220 4887 1432 4963 ἑώρακε
1474 4887 1714 4955 πώποτε,

146 4977 277 5034 οὔτε
308 4975 400 5043 οὖς
428 4980 646 5050 ἤκουσε.

228 5089 250 5124 ι
282 5070 649 5143 Εὐφράνθητι,
695 5070 1064 5144 Ἰερουσαλὴμ,
1098 5070 1193 5127 καί
1220 5071 1628 5145 πανηγυρίσατε
1657 5072 1715 5126 ὲν

144 5162 316 5234 αὐτῇ,
345 5161 547 5227 πάντες
564 5162 614 5214 οἱ
633 5162 950 5230 ἀγαπῶντες
979 5163 1165 5233 αὐτὴν.
1196 5162 1413 5235 Χάρητε
1433 5161 1549 5233 ἅμα
1577 5162 1712 5234 αὐτῇ

144 5254 301 5329 χαρᾷ
326 5252 527 5316 πάντες
566 5252 680 5307 ὅσοι
709 5253 949 5307 πενθεῖτε
984 5254 1070 5306 ἐπ’
1097 5254 1254 5326 αὐτῇ,
1289 5254 1376 5307 ῖνα
1418 5252 1712 5326 θηλάσητε,

144 5345 249 5400 καὶ
292 5342 641 5415 ὲμπλησθῆτε
681 5344 790 5399 ἀπὸ
831 5343 1032 5415 μαστοῦ
1082 5344 1475 5417 παρακλήσεως
1520 5345 1708 5417 αὐτῆς,

146 5437 243 5493 tva
272 5433 670 5505 ὲκθηλάσαντες
711 5438 1023 5509 τρυφήσητε
1057 5435 1167 5492 άπὸ
1201 5436 1405 5491 εἰσόδου
1428 5436 1586 5509 δόξης
1608 5437 1708 5491 αύ-

142 5527 271 5599 τῆς·
311 5545 334 5581 ⁸
364 5523 596 5597 Χαίρετε
626 5529 722 5583 καί
751 5528 1099 5599 ἀγαλλιᾶσθε,
1128 5527 1205 5593 ὡς
1238 5526 1518 5599 μέλλοντες
1549 5527 1710 5600 ὲμπί-
1767 5608 1778 5616 ·

221 5711 269 5748 ⁸¹
306 5710 498 5769 ssattb.
526 5726 581 5779 v,
602 5709 692 5767 tt.

1821 4534 1885 4575 ac
1922 4517 2266 4575 multitudine
2293 4530 2417 4572 cum
2460 4523 2699 4586 tempore
2743 4525 2932 4573 auctas
2972 4518 3244 4589 reperias;
3282 4515 3380 4577 bet

1821 4620 2001 4666 autem
2050 4607 2305 4665 Ecclesiae
2350 4606 2607 4678 populus,
2654 4607 2938 4663 confertim
2981 4622 3196 4679 unoque
3238 4618 3380 4665 tem·

1819 4719 1979 4778 pore.
2023 4711 2078 4759 et
2130 4702 2281 4773 quasi
2328 4717 2432 4756 una
2486 4701 2609 4768 die,
2644 4702 2933 4756 maximam
2977 4700 3127 4758 orbis
3168 4711 3380 4773 partem

1820 4795 2078 4868 implevit.
2113 4794 2288 4864 Quam
2328 4807 2443 4849 rem
2487 4807 2618 4849 sane
2658 4784 2975 4865 stupendam
3032 4794 3379 4869 omniumque

1818 4886 2308 4952 mirabilissimam,
2360 4899 2460 4940 nec
2489 4882 2677 4941 oculus
2716 4895 2956 4955 unquam
2993 4882 3235 4952 viderat,
3276 4900 3380 4943 nec

1815 4980 1960 5035 auris
1987 4978 2250 5034 audierat.

1885 5068 2050 5126 Vens.
2074 5068 2164 5136 10,
2198 5068 2285 5127 ss.
2324 5086 2343 5121 ι
2372 5066 2596 5136 Laetare,
2622 5065 2940 5136 Jerusalem,
2970 5074 3025 5123 et
3051 5075 3375 5124 conventum

1813 5158 1973 5216 facite
2011 5159 2065 5214 in
2093 5172 2182 5225 ea,
2224 5171 2415 5214 omnes
2438 5157 2529 5228 qui
2559 5155 2781 5226 diligitis
2807 5169 2948 5212 eam.
2984 5155 3226 5212 Gaudete
3250 5169 3374 5212 cum

1814 5264 1877 5306 ea
1905 5250 2099 5322 gaudio
2126 5263 2315 5305 omnes
2341 5256 2605 5319 quotquot
2633 5246 2833 5318 lugetis
2873 5260 3035 5315 super
3069 5261 3157 5313 ea,
3186 5255 3246 5302 ut
3281 5261 3375 5301 su·

1815 5341 1976 5413 gatis,
2006 5351 2060 5397 et
2096 5339 2425 5411 impleamini
2472 5340 2541 5396 ab
2591 5337 2757 5395 ubere
2800 5337 3183 5394 consolationis
3219 5336 3371 5406 elus3

1815 5442 1876 5488 ut
1911 5444 2193 5504 postquam
2230 5431 2508 5497 suxeritis,
2537 5431 2875 5488 delectemini
2906 5430 2977 5486 ab
3007 5430 3227 5486 introitu
3258 5426 3372 5498 glo-

1814 5525 1911 5584 riae
1936 5526 2118 5599 ejus.»
2153 5523 2397 5583 Gaudete
2429 5533 2486 5582 ct
2520 5521 2804 5592 exsultate,
2832 5531 3014 5596 utpote
3037 5536 3106 5580 eo
3129 5518 3371 5588 fruituri,
