3692 6134
222 357 357 412 ¹¹77

1560 355 1629 413 ΙΝ
1669 355 1933 413 nuru.
1976 359 2042 425 Χ,
2078 360 2168 416 3⁸.

3313 367 3452 425 ¹178

220 481 321 528 est.
352 467 633 537 Quomodo
660 482 790 539 ergo
819 468 922 524 ista
953 469 1056 525 sihi
1085 470 1465 528 consentienti
1494 471 1651 529 lesus
1689 488 1791 542 pax
1820 479 1869 545 Α
1896 475 1949 528 in
2000 476 2140 531 rosis
2175 476 2403 532 habetur
2452 477 2773 545 diversitas,
2816 478 2872 534 in
2922 477 3103 535 colore
3148 479 3352 537 scilicet
3394 488 3455 540 ει

221 572 325 628 est,
353 570 411 617 ει
448 560 563 624 ipse
601 559 730 616 dicit
767 576 784 616 ε
822 558 1002 616 Nolite
1056 573 1241 631 putore
1279 565 1406 635 quin
1455 581 1636 634 pacem
1675 566 1787 621 veni

220 657 424 715 minere
465 653 520 707 in
561 661 773 706 terram.
805 651 1011 707 Dictum
1061 663 1238 708 autem
1283 655 1435 710 deeo
1476 663 1597 711 est-z
1634 653 1786 710 Venit

219 746 500 818 pacificare
538 760 601 800 ea
647 760 764 814 quoe
814 746 868 798 in
921 746 1061 801 coelis
1094 755 1212 800 sunl
1248 756 1296 801 et
1340 748 1397 802 in
1447 755 1606 803 terro.
1639 746 1784 814 Quo·

220 841 382 894 modo
412 852 544 907 ergo
573 851 681 892 non
709 838 856 892 venit
887 852 1074 905 pacem
1107 838 1160 892 in
1197 847 1393 893 terram
1432 839 1664 902 mittere,
1695 838 1784 906 qui

219 929 345 986 ideo
385 927 551 995 venit,
577 934 637 981 ut
673 937 727 982 et
756 940 818 981 ea
858 941 979 995 quae
1028 927 1081 982 in
1127 926 1282 982 coelis
1307 936 1361 982 et
1393 927 1447 982 in
1481 936 1620 981 terra
1665 936 1790 983 sunt

217 1019 549 1091 pacificaret,
577 1026 634 1072 et
661 1017 727 1073 atl
755 1032 883 1073 oves
924 1018 1159 1087 perditas
1192 1018 1381 1073 domus
1409 1017 1579 1074 lsrael
1612 1018 1780 1084 venit,

219 1119 278 1167 ει
307 1112 536 1165 inventae
572 1119 698 1164 sunt
746 1110 1067 1176 pereuntes?
1115 1108 1228 1163 Non
1276 1117 1361 1165 εει
1407 1110 1603 1164 missus
1637 1108 1784 1180 judi-

218 1217 369 1267 care,
412 1211 468 1257 et
513 1201 786 1256 invenitur
824 1200 1203 1256 condemnare.
1251 1197 1308 1255 Si
1349 1201 1472 1270 quis
1513 1200 1789 1256 desiderat

219 1307 288 1349 ea
326 1307 447 1362 quae
495 1300 622 1349 sunt
664 1291 877 1347 Domini
925 1291 1175 1353 edoceri,
1212 1291 1466 1360 projiciat
1507 1291 1686 1345 omnia
1718 1305 1785 1346 ex

219 1387 387 1442 corde
419 1400 539 1449 suo,
565 1393 620 1442 ει
649 1385 850 1441 mundo
888 1384 1044 1439 oculo
1074 1385 1268 1439 mentis
1302 1385 1562 1440 intendat.
1588 1382 1789 1452 Propo·

218 1478 384 1535 situm
416 1476 632 1547 quidem
661 1477 752 1532 Dei
776 1477 866 1546 qui
912 1476 1059 1531 misit
1087 1474 1279 1534 Filium
1313 1492 1469 1532 suurn
1501 1475 1608 1530 tale
1637 1484 1786 1540 erat,

219 1578 284 1625 ut
330 1567 668 1623 salvarentur
710 1564 1309 1623 homines-obedientia
1355 1577 1536 1624 autem
1556 1565 1673 1635 ejus
1693 1567 1785 1637 qui

220 1660 427 1715 missus
463 1667 546 1713 cst
587 1673 684 1723 ea,
726 1669 785 1712 ut
818 1673 918 1727 pax
949 1667 1097 1714 esset
1139 1659 1192 1713 in
1240 1659 1393 1715 coelis
1431 1667 1486 1714 et
1522 1659 1575 1714 in
1619 1667 1783 1714 terra.

224 1750 380 1808 Unde
408 1764 540 1821 ergo
569 1764 674 1802 non
710 1748 847 1817 pax?
873 1749 954 1802 Ab
986 1747 1295 1803 infirmitate
1333 1747 1530 1818 quippe
1574 1762 1782 1813 eorum,

1888 567 2096 623 odore:
2138 576 2197 621 et
2236 566 2289 622 in
2325 567 2590 624 fructibus
2630 576 2720 625 est
2750 568 3004 635 varietas,
3047 575 3102 622 et
3133 569 3453 641 magnitudi-

1890 657 1996 722 nis,
2020 664 2077 713 et
2113 655 2333 722 coloriS,
2361 665 2417 713 et
2462 667 2676 729 gustus,
2716 666 2774 714 et
2800 666 3014 715 tactus:
3050 666 3108 715 et
3150 659 3337 715 vinum
3382 675 3450 717 ex

1885 750 1998 803 vite
2027 756 2109 802 est
2151 761 2331 814 omne,
2368 748 2464 803 sed
2497 758 2687 818 gustus
2711 746 2908 807 diversi
2939 765 2954 804 ε
2990 756 3045 804 ει
3075 748 3206 806 oleae
3241 750 3448 806 fructus

1885 838 2256 898 varificantur.
2285 838 2392 894 Sed
2413 838 2605 894 horum
2621 838 2858 895 omnium
2882 839 3135 909 varietas,
3161 848 3217 895 et
3246 842 3453 896 anima-

1885 928 2038 996 lium,
2063 936 2326 985 eteorum
2352 930 2442 1001 qui
2472 944 2539 985 ex
2570 929 2682 1000 ipsa
2705 939 2830 985 sunt
2857 931 3075 1000 specie:
3104 946 3275 1002 equus
3302 932 3446 988 enim

1885 1035 2026 1091 equo
2057 1020 2314 1093 velocior,
2350 1028 2406 1076 ει
2440 1036 2545 1077 non
2585 1030 2813 1085 tantum,
2854 1029 3117 1090 quantum
3149 1021 3311 1079 homo
3352 1022 3450 1079 ho·

1888 1112 2015 1167 mini
2053 1134 2065 1168 :
2100 1112 2276 1168 nullus
2319 1113 2461 1168 enim
2508 1127 2683 1185 equus
2731 1114 2905 1169 currit
2958 1123 3257 1171 retrorsum
3296 1130 3315 1170 t
3352 1115 3453 1172 ho-

1886 1204 2059 1259 mines
2097 1215 2274 1261 autem
2304 1204 2523 1275 quidam
2550 1213 2681 1261 sunt
2718 1204 2981 1275 religiosi,
3013 1207 3231 1277 quidam
3274 1205 3452 1264 sacri·

1884 1295 2011 1365 legi,
2042 1294 2130 1351 alii
2166 1296 2365 1365 pudici,
2394 1297 2483 1352 alii
2514 1296 2804 1364 luxuriosi,
2834 1299 2926 1354 alii
2953 1298 3214 1368 diripiunt
3242 1299 3450 1369 aliena,

1885 1387 1975 1443 alii
2019 1396 2275 1458 spargunt
2320 1402 2450 1451 sua,
2499 1387 2591 1442 alii
2634 1397 2951 1458 stuprantur
2985 1401 3091 1442 non
3144 1402 3276 1444 suas
3325 1402 3450 1443 mu-

1884 1478 2068 1544 liere-8,
2094 1478 2181 1534 ulii
2224 1493 2291 1534 ne
2331 1479 2546 1548 quidem
2594 1494 2722 1534 snas
2755 1479 3096 1550 contingunt.
3147 1477 3265 1535 Non
3300 1478 3446 1534 enim

1887 1581 2034 1638 tanta
2073 1572 2365 1627 diversitas
2408 1578 2493 1625 εει
2525 1581 2699 1634 terrae,
2741 1580 2940 1640 quanta
2975 1572 3207 1627 varietas
3244 1572 3449 1626 anima·

1887 1677 2006 1718 rum
2033 1680 2048 1718 z
2081 1663 2170 1718 ille
2200 1663 2346 1719 enim
2376 1670 2582 1734 martyr
2612 1664 2843 1728 exsistit,
2881 1663 3019 1718 alius
3066 1662 3444 1732 persequitur;

1886 1764 1940 1807 et
1979 1763 2169 1807 natura
2213 1753 2430 1823 quidem
2481 1752 2599 1823 ipsa
2642 1759 2759 1818 est,
2809 1753 3059 1807 voluntas
3114 1760 3291 1806 autem
3352 1749 3451 1806 ad-

219 1843 314 1913 qui
361 1858 467 1896 non
514 1849 802 1911 potuerunt
846 1840 1124 1909 suscipere
1182 1838 1522 1909 splendorem
1570 1837 1788 1893 luminis
1816 1829 1859 1884 B
1891 1858 2045 1900 versa
2080 1843 2213 1915 (86).
2258 1843 2386 1900 lnde
2417 1854 2502 1899 est
2541 1855 2599 1898 ut
2643 1844 2731 1900 ille
2778 1844 2997 1912 quidem
3042 1843 3109 1899 ad
3162 1841 3454 1899 Ecclesiam

219 1933 361 1988 veri.
393 1932 509 2000 lpse
553 1932 696 1986 enim
732 1943 919 2000 pacem
967 1928 1256 1999 praedicat,
1298 1937 1355 1983 ει
1384 1927 1507 1983 ἰιΙεο
1535 1928 1784 1982 hortatur

221 2026 331 2080 hoc
372 2022 571 2078 Paulus
616 2020 904 2090 apostolus,
941 2030 998 2076 et
1041 2020 1210 2075 dicit:
1241 2017 1362 2088 lpse
1391 2027 1466 2073 est
1506 2018 1643 2072 enim
1679 2032 1787 2087 pax

221 2127 404 2172 noum
429 2116 469 2168 ἵ.
510 2114 709 2170 Eorum
739 2112 944 2170 scilicet
971 2112 1062 2183 qui
1106 2111 1336 2167 credunt
1365 2117 1424 2167 et
1461 2108 1784 2178 suscipiunt,

218 2222 326 2278 pax
371 2216 479 2264 est.
521 2204 798 2273 Quomodo
831 2219 961 2275 ergo
1007 2217 1111 2257 non
1157 2216 1342 2272 pacem
1384 2201 1550 2255 mittit
1583 2200 1636 2254 in
1680 2208 1787 2255 ter-

219 2295 526 2353 ramiFilia
555 2297 803 2362 credidit,
831 2305 996 2366 pater
1013 2293 1320 2350 incredulus
1345 2292 1624 2348 remansit.
1650 2291 1784 2358 Quoe

216 2389 623 2446 communicatio
654 2398 729 2444 est
771 2388 916 2457 fideli
945 2387 1014 2441 od
1055 2384 1318 2454 infidelem
1339 2384 1397 2438 ’ἲ
1452 2387 1600 2454 pacis
1639 2384 1785 2439 euim

216 2480 530 2552 pradicatio
557 2479 873 2534 divisionem
902 2486 1174 2546 operatur.
1205 2474 1374 2531 Filius
1398 2473 1598 2538 fidelis,
1629 2484 1785 2544 pater

220 2570 531 2627 incredulus
569 2584 679 2627 :ex
718 2569 1040 2626 necessitate
1076 2567 1143 2622 lis
1174 2576 1294 2632 est;
1335 2576 1392 2622 et
1435 2581 1556 2636 qnoe
1587 2567 1788 2637 pnedi·

216 2673 380 2720 catur
405 2679 528 2734 pax,
558 2672 776 2733 operata
808 2670 893 2718 est
916 2662 1254 2725 divisionem.
1274 2670 1331 2715 et
1353 2661 1549 2716 bonam
1568 2659 1789 2716 divisio·

217 2770 380 2822 ιιεως
420 2755 473 2809 in
503 2769 635 2825 pace
660 2763 840 2809 autem
878 2753 1068 2809 salvati
1110 2767 1315 2809 sumus.
1352 2749 1422 2809 Ut
1449 2766 1558 2807 non
1604 2763 1784 2807 auten

1888 1942 2071 1989 currat
2103 1934 2399 2000 manicam,
2444 1934 2584 1990 alius
2627 1936 2694 1989 ad
2745 1935 2954 2006 lapides
2994 1931 3232 1990 offendat
3266 1947 3457 2005 exson-

1888 2038 2020 2094 gens
2056 2023 2124 2078 ad
2161 2022 2364 2077 lumen.
2405 2022 2533 2078 {nde
2567 2032 2653 2078 est
2700 2034 2759 2077 ιιι
2806 2024 2893 2079 ille
2939 2025 3150 2079 laetetur
3186 2024 3338 2095 quod
3370 2032 3458 2081 οιι

1888 2214 1993 2260 tur.
2035 2201 2162 2259 lntle
2187 2212 2272 2256 est
2305 2210 2364 2255 ut
2397 2198 2484 2255 ille
2525 2199 2577 2254 in
2619 2198 2736 2255 foro
2766 2200 2961 2255 vendat
2998 2210 3055 2254 et
3088 2199 3451 2269 distrahatur,

1886 2296 2026 2352 alius
2063 2295 2129 2351 ad
2174 2292 2467 2349 Ecclesiam
2514 2291 2738 2348 veniens
2784 2292 3130 2362 semetipsum
3185 2292 3450 2349 lucretur.

1885 2387 2017 2445 lnde
2042 2397 2125 2444 est
2154 2396 2214 2442 ut
2245 2384 2333 2442 ille
2360 2385 2530 2441 aliena
2560 2383 2723 2452 colat,
2767 2384 2904 2441 alius
2937 2382 3048 2471 plbi
3076 2395 3283 2453 parcat.
3310 2384 3442 2443 lnde

1888 2488 1976 2537 est
2006 2488 2065 2534 ιιι
2101 2477 2192 2532 ille
2238 2475 2443 2547 lapides
2486 2473 2739 2539 aediiicet,
2766 2472 3156 2545 aliussvirtutes
3189 2486 3451 2543 superpo-

1889 2577 2001 2624 nat.
2028 2565 2157 2623 lnde
2190 2574 2273 2623 εει
2308 2573 2365 2620 ιιι
2392 2565 2480 2620 ἰ11ε
2512 2579 2709 2636 corpus
2741 2552 3005 2637 detergat,
3039 2563 3178 2620 alius
3210 2563 3447 2620 animam

1887 2658 2097 2730 perdat.
2125 2657 2228 2714 lsta
2255 2667 2340 2713 est
2372 2673 2477 2713 non
2511 2673 2635 2730 pax,
2680 2648 3121 2741 selj'dissensim
3152 2656 3278 2729 quia
3314 2656 3452 2713 alius

1886 2746 2047 2803 aliter
2077 2734 2246 2896 serf
2247 2737 2742 2831 ’'Qefimssfim'
2778 2746 2943 2818 sapit.
2981 2745 3094 2803 Nec
3139 2747 3282 2804 enim
3323 2761 3449 2802 curn

214 2859 325 2916 ego
351 2843 491 2901 illius
520 2845 873 2913 interpreter:
905 2843 1036 2899 nihil
1067 2843 1211 2898 enim
1239 2842 1493 2913 estquod
1521 2858 1632 2898 non
1666 2860 1698 2897 e
1720 2857 1783 2921 us
1875 2882 1888 2901 -,
2233 2836 2489 2903 sensibile
2526 2836 2691 2894 suerit
2720 2838 2926 2904 lumen,
2968 2852 3159 2896 omnes
3206 2839 3452 2896 similiter

218 2935 512 2991 debeamus
540 2934 765 2990 audiret
796 2934 909 3003 ipse
952 2923 1787 3013 dms-mmai&
1885 2928 2206 3002 suscipiunt.
2234 2928 2340 2986 Sed
2381 2928 2458 2985 illi
2489 2928 2705 2999 quidem
2745 2928 2840 3001 qui
2878 2944 3041 2986 sanos
3074 2930 3277 2987 hahent
3321 2944 3450 2988 ocu·

122 3006 143 3025 '⁸
168 3038 423 3100 Ἲιιωη-
452 3027 671 3085 m
706 3026 1025 3085 inam.
1069 3023 1141 3081 Et
1186 3024 1365 3082 adhue
1414 3024 1784 3080 vehementius

215 3116 411 3174 addit:
437 3114 560 3171 Non
586 3117 698 3171 oeni
718 3131 898 3186 pacem
921 3118 1143 3182 minere,
1163 3114 1255 3169 sed
1276 3113 1511 3185 gladium
1526 3113 1568 3168 ⁸.
1591 3112 1784 3181 Quem·

1887 3021 1989 3088 los,
2022 3031 2081 3078 et
2122 3028 2443 3086 occurrunt,
2490 3029 2548 3075 et
2590 3021 2910 3087 attendunt,
2950 3029 3005 3075 et
3036 3018 3328 3077 fruuntur:
3356 3019 3448 3092 qui

1888 3122 2065 3170 autem
2114 3111 2455 3168 infirmantur
2494 3110 2690 3179 oculis,
2721 3111 3001 3184 corrigunt
3034 3125 3115 3177 se,
3160 3120 3215 3168 ει
3246 3112 3446 3176 vitant,

219 3209 508 3264 admodum
538 3222 645 3263 non
687 3221 896 3276 pacem,
935 3215 992 3262 et
1019 3205 1468 3276 quemadmodum
1515 3203 1787 3275 gladium?
1812 3178 1860 3241 c
1890 3215 1946 3265 et
1983 3204 2216 3277 lugiunt.
2259 3201 2393 3258 Nam
2439 3211 2496 3259 ει
2549 3200 2851 3259 latronibus
2895 3217 3185 3259 onerosum
3231 3212 3317 3259 est
3361 3203 3448 3259 lu-

234 3293 369 3351 Vent
426 3298 562 3351 enim
634 3296 865 3350 incidere
933 3296 1195 3350 nominem
1276 3296 1524 3351 adversus
1584 3301 1786 3363 patrem

214 3381 489 3438 snum¹02
535 3380 737 3450 accipio
770 3379 914 3434 enim
977 3378 1144 3434 filium
1192 3378 1341 3451 ejus,
1383 3390 1439 3434 et
1482 3394 1589 3435 non
1639 3379 1786 3434 dele-

213 3480 409 3529 ctatur
434 3480 604 3544 pater.
638 3473 872 3527 Adverte
899 3481 1076 3527 autem
1102 3483 1157 3527 ει
1184 3470 1416 3542 ipsorum
1445 3468 1785 3526 efficientiam

214 3563 724 3634 sermonun1;quia
763 3563 907 3618 enim
954 3564 1093 3618 dixit
1134 3561 1365 3633 gladium
1405 3560 1663 3625 incidere,
1690 3560 1787 3615 ad·

216 3653 340 3711 dit:
360 3651 535 3708 Nolite
562 3665 746 3723 putore
771 3654 892 3723 quia
925 3654 1039 3709 veni
1063 3669 1240 3725 pacem
1269 3652 1470 3707 mittere
1493 3652 1546 3706 in
1567 3661 1783 3713 tertona.

215 3747 344 3802 Non
378 3746 607 3815 suscipit
639 3757 808 3801 terra.
849 3743 966 3800 Non
1014 3745 1137 3800 veni
1171 3758 1356 3816 pacem
1391 3744 1649 3799 mittere:
1686 3742 1789 3797 ite·

222 3854 351 3895 rum
385 3839 506 3892 amli
539 3839 591 3893 in
622 3848 819 3893 terram
845 3855 860 3892 ε
888 3836 1000 3908 Ego
1025 3837 1193 3904 enim,
1219 3837 1409 3906 inquit,
1441 3850 1626 3907 pacem
1654 3849 1787 3907 prae·

217 3933 368 3994 dico,
398 3930 492 3985 sed
537 3938 679 3984 terra
712 3943 816 3983 non
855 3929 1101 3999 suscipit.
1140 3927 1255 3984 Non
1299 3943 1428 4000 ergo
1471 3927 1786 3984 seminantis

218 4023 558 4091 propositum
585 4037 600 4075 z
630 4019 749 4089 lpse
774 4021 919 4077 enim
948 4018 1208 4076 sustinuit
1239 4030 1298 4074 ut
1325 4018 1566 4075 lacerent
1597 4034 1779 4080 uvam,

215 4113 469 4171 recerunt
509 4122 690 4168 autem
721 4114 922 4183 spinas.
968 4112 1149 4183 Neque
1182 4112 1228 4167 is
1263 4111 1317 4167 in
1353 4127 1516 4168 causa
1548 4122 1656 4179 est,
1688 4111 1778 4181 qui

211 4203 492 4263 benefecit
522 4205 691 4259 vineae
717 4222 731 4260 ε
777 4203 898 4258 Veni
928 4203 1094 4285 enim,
1125 4202 1320 4273 inquit,
1363 4202 1589 4257 incidere
1617 4201 1787 4256 nomi·

216 4311 345 4352 nem
382 4297 629 4351 adversus
661 4307 863 4365 patrem
890 4311 1073 4361 suum,
1112 4304 1161 4350 et
1196 4311 1384 4350 nurum
1413 4295 1660 4350 adversos
1702 4310 1787 4349 so·

214 4405 372 4446 crum
408 4405 582 4443 suom.
635 4387 726 4443 lsti
774 4402 1051 4444 sermones
1091 4389 1252 4444 rebus
1296 4387 1426 4457 ipsis
1477 4387 1780 4443 firmantur.

1891 3312 2035 3361 men,
2080 3307 2137 3353 et
2166 3293 2375 3351 ruribus
2422 3309 2531 3352 non
2563 3294 2841 3360 dilectum,
2886 3302 2943 3350 et
2992 3293 3255 3351 adulteris
3295 3293 3448 3351 odio-

1887 3403 2030 3445 sum.
2055 3387 2293 3458 Denique
2318 3394 2375 3442 et
2411 3399 2476 3441 ea
2503 3399 2625 3455 quae
2666 3392 2858 3456 repunt
2885 3382 3125 3455 rugiunt3
3151 3393 3329 3441 ortum
3361 3392 3450 3440 est

1886 3479 2032 3536 enim
2073 3478 2288 3545 lumen;
2327 3485 2385 3534 et
2422 3478 2516 3549 qui
2556 3485 2684 3532 sunt
2724 3474 2862 3533 ebrii
2892 3491 2997 3532 non
3042 3475 3271 3532 libenter
3306 3493 3446 3532 aecr-

1886 3569 2059 3641 piunt,
2084 3567 2211 3638 quia
2247 3575 2402 3635 urget
2422 3580 2517 3621 eos
2543 3565 2723 3621 lumen
2743 3578 3053 3637 exsurgere.
3082 3564 3222 3620 Sunt
3244 3579 3375 3622 sone
3394 3575 3450 3620 et

1886 3657 2129 3731 quaedam
2168 3656 2418 3713 animalia
2453 3654 2855 3727 versipelliones
2882 3664 2938 3712 et
2966 3653 3178 3721 belluae,
3207 3663 3264 3711 et
3294 3669 3448 3725 qua·-

1887 3763 2100 3819 cunque
2132 3747 2287 3805 istius
2316 3746 2531 3814 ueneris
2570 3745 2857 3809 habentur,
2895 3758 3013 3815 quae
3046 3744 3098 3799 in
3131 3752 3299 3801 totum
3339 3757 3445 3799 noa

1887 3840 2159 3897 sustinent
2208 3839 2428 3896 luminis
2460 3838 2661 3895 radios.
2702 3837 2840 3892 Sunt
2878 3844 3056 3892 autem
3090 3845 3146 3892 et
3171 3834 3446 3891 hominem

1888 3931 2040 3988 multi
2072 3931 2502 4000 versipelliones,
2528 3938 2585 3984 ει
2605 3927 3072 4001 versipellionibus
3100 3926 3333 3998 peiores,
3367 3926 3446 3983 vi·

1886 4037 2028 4094 perae
2053 4023 2228 4095 magis
2244 4037 2405 4094 quam
2434 4021 2707 4087 homines,
2733 4019 3137 4086 amari,invidi,
3169 4018 3443 4084 malitiosi,

1885 4131 2023 4188 quos
2051 4126 2241 4169 omnes
2275 4113 2423 4183 sugat
2453 4111 2632 4167 lumen
2657 4125 2780 4166 cum
2814 4109 2975 4165 suerit
3013 4119 3213 4165 ortum.
3242 4109 3440 4167 lterun·

1886 4218 2068 4265 autem
2100 4219 2282 4261 sermo
2321 4202 2553 4259 recurrit
2578 4202 2644 4257 ad
2670 4202 2844 4272 ipsum
2867 4209 3166 4263 certamen,
3192 4200 3279 4257 his
3324 4214 3443 4269 quae

1887 4301 2002 4356 heri
2036 4309 2164 4353 sunt
2198 4297 2364 4352 dicta.
2398 4296 2597 4349 lterum
2631 4292 2773 4348 enim
2801 4291 3109 4364 propositus
3129 4300 3213 4345 est
3263 4289 3444 4346 Domi-

1889 4408 1989 4449 nus
2015 4390 2199 4454 iesus,
2227 4396 2283 4443 et
2310 4384 2585 4459 proposita
2613 4391 2739 4440 sunt
2772 4381 2875 4437 alia
2914 4380 3102 4436 multa.
3134 4379 3297 4434 Pater
3326 4378 3440 4434 liti·-

215 4479 421 4548 Quanti
443 4480 584 4536 enim
608 4496 673 4535 ex
692 4481 774 4535 his
789 4480 879 4549 qui
899 4479 985 4534 hic
1007 4495 1147 4534 nunc
1177 4486 1556 4543 convenerunt,
1587 4477 1784 4534 habent
1813 4509 1859 4564 D
1888 4500 2042 4558 gans,
2074 4491 2251 4538 mater
2295 4477 2692 4539 contradicens,
2718 4488 2874 4530 soror
2911 4474 3220 4544 increpans,
3271 4470 3442 4528 frater

215 4585 412 4627 eorum
479 4587 596 4643 <1¹¹ae
653 4573 904 4627 dicuntur
959 4569 1442 4641 experimentum?
1488 4570 1585 4626 13⁸²
1635 4571 1779 4626 enim
1885 4576 2242 4650 exprobrans,
2262 4571 2401 4629 servi
2419 4576 2787 4640 exsurgentes.
2805 4565 3012 4622 ancilloe
3030 4573 3437 4637 exaggerantes.

215 4669 379 4734 pater
414 4661 696 4732 increpans
729 4661 870 4717 lilios
902 4660 973 4716 ob
1013 4660 1406 4726 credulitatem,
1431 4668 1486 4716 et
1530 4660 1625 4716 lilii
1667 4676 1782 4717 mo·

214 4763 414 4810 nentes
451 4764 632 4824 patres
674 4753 739 4808 ad
789 4752 980 4817 tidem,
1022 4759 1078 4806 et
1117 4751 1239 4806 ssliae
1269 4750 1524 4808 docentes
1555 4763 1776 4810 matres.

217 4846 284 4901 Si
317 4848 459 4901 enim
502 4856 558 4903 et
593 4861 660 4901 ex
709 4847 822 4915 ipsa
856 4853 1043 4899 natura
1072 4856 1281 4908 omnes,
1323 4845 1417 4899 sed
1457 4860 1561 4899 nou
1590 4860 1655 4900 ex
1685 4860 1779 4901 eo·

218 4940 348 4996 dem
397 4942 690 5010 proposito.
755 4939 992 5009 Denique
1033 4944 1192 4994 etex
1241 4937 1622 5006 conspersione
1671 4952 1776 4992 una

215 5027 479 5102 pollinis,
525 5025 767 5098 quaedam
807 5025 1022 5095 quidem
1083 5041 1205 5095 quae
1256 5026 1309 5080 in
1354 5025 1616 5082 fermento
1653 5036 1778 5083 sunt

218 5120 608 5184 dissolvuntur,
644 5120 884 5188 quaedam
927 5126 1106 5171 autem
1134 5131 1252 5187 quae
1285 5116 1608 5173 fermentata
1650 5126 1778 5174 sunt

217 5212 562 5266 continentur
599 5227 613 5263 ε
645 5219 701 5264 ει
731 5223 921 5264 carnes
964 5207 1123 5263 aliter
1157 5217 1405 5263 tenentur
1446 5223 1567 5278 quae
1608 5209 1774 5265 salem

221 5302 456 5366 habeut,
497 5302 651 5355 aliter
693 5313 812 5369 quae
839 5300 954 5354 sine
1003 5297 1113 5354 sale
1155 5307 1591 5368 corrumpuntur.
1637 5298 1771 5355 Nam

217 5394 323 5450 etsi
342 5394 454 5463 ipsa
482 5401 671 5446 natura
693 5392 763 5445 sit
783 5391 985 5457 carnis,
1012 5403 1116 5443 uon
1143 5398 1319 5443 tamen
1341 5389 1452 5458 ipsa
1475 5390 1771 5458 permistio.

221 5484 378 5540 Aliud
409 5483 590 5537 vinum
624 5490 708 5538 est
737 5482 855 5538 sine
886 5497 1042 5553 aqua,
1069 5489 1124 5536 ει
1161 5480 1305 5535 aliud
1341 5495 1464 5536 cum
1515 5495 1675 5551 aqua.
1709 5481 1776 5537 Et

222 5575 506 5648 figulorum
541 5575 606 5631 ad
654 5575 1028 5645 permistiones
1088 5574 1373 5631 diversitas
1417 5574 1645 5630 habetur
1673 5592 1688 5633 :
1719 5587 1776 5633 et

297 5694 318 5718 '
360 5692 554 5762 Ephes.
583 5707 642 5755 n,
674 5691 761 5747 Η.
833 5691 856 5723 ⁸
893 5688 911 5742 1
941 5691 1064 5744 Cor.
1095 5707 1167 5758 vt,
1196 5690 1279 5747 ¹5.
1356 5692 1376 5722 ⁹
1416 5691 1602 5750 naith.
1633 5710 1685 5760 x,
1717 5695 1804 5751 55.

303 5785 412 5856 (8⁴)
451 5787 698 5843 Adverso.
732 5786 812 5840 An
839 5785 1084 5839 diversa?

1888 4667 2269 4738 Unusquisque
2310 4664 2453 4719 enim
2481 4675 2634 4717 suam
2668 4658 2998 4715 voluntatem
3032 4666 3159 4713 ante
3209 4656 3437 4714 salutem

1885 4757 2118 4814 liliorum
2153 4765 2490 4827 preponens,
2554 4749 2723 4806 trahit
2780 4749 2846 4804 ad
2902 4762 3058 4803 suum
3105 4746 3435 4820 propositum

1883 4850 2141 4923 ignorans
2168 4846 2552 4918 proditionem.
2583 4842 2890 4900 Certamina
2939 4855 3070 4914 ergo
3095 4855 3194 4911 pro
3221 4839 3437 4897 Christo

1885 4941 2038 4997 nobis
2067 4947 2199 4996 sunt
2232 4956 2245 4995 ε
2277 4934 2524 4994 Christus
2554 4943 2760 4990 tantum
2789 4934 2995 4988 lucrum
3021 4941 3143 4988 est:
3173 4931 3262 4987 ille
3290 4932 3435 4986 enim

1880 5035 2028 5087 venit
2052 5031 2120 5087 ad
2144 5028 2459 5092 Ecclesiam,
2483 5025 2622 5081 alius
2675 5024 2929 5081 distrahit
2973 5032 3029 5078 ει
3071 5023 3204 5080 emit
3236 5021 3436 5079 oblitus

1882 5122 2084 5179 Christi
2120 5135 2136 5175 ε
2168 5120 2261 5177 ille
2280 5118 2431 5176 audit
2459 5119 2732 5176 Christum
2757 5131 2854 5187 per
2885 5115 3171 5187 Evangelia
3205 5114 3432 5184 loquen-

1883 5224 2013 5283 tem,
2037 5214 2176 5270 alius
2211 5224 2264 5269 et
2291 5212 2442 5269 adest
2456 5211 2700 5282 pedibus,
2734 5220 2790 5266 et
2812 5218 2989 5266 mente
3018 5209 3165 5263 foras
3189 5217 3431 5279 vagatur.

1878 5305 1972 5363 llle
2002 5306 2142 5372 patri
2175 5303 2339 5360 dunat
2370 5303 2721 5374 perditionem
2745 5317 2918 5364 suam,
2943 5300 3079 5355 alius
3113 5298 3270 5354 matri
3297 5312 3430 5354 con·

1880 5398 2049 5454 sentit
2078 5407 2136 5453 ut
2164 5411 2272 5452 non
2310 5394 2421 5451 Deo
2448 5395 2589 5466 quud
2613 5394 2865 5451 convenit
2890 5394 3159 5450 restituat.
3188 5390 3272 5446 Ad
3296 5390 3433 5447 mul-

1882 5497 1965 5545 tos
2000 5488 2169 5559 igitur
2190 5485 2438 5542 convenit
2463 5485 2694 5558 jurgari,
2732 5496 2790 5543 ut
2820 5484 3000 5540 multae
3023 5483 3434 5541 efficianturco·

1883 5593 2050 5635 ronae.
2084 5579 2168 5635 Ad
2194 5576 2462 5636 diabolum
2505 5578 2699 5648 quippo
2744 5584 2799 5634 et
2826 5575 3025 5634 milites
3076 5574 3231 5646 eius:
3280 5573 3430 5640 multi

1881 5696 1925 5729 ⁸⁶
1959 5695 2089 5754 ibid.
2118 5695 2224 5767 ⁸3„
