<?xml version="1.0" encoding="UTF-8"?>
<!DOCTYPE html PUBLIC "-//W3C//DTD XHTML 1.0 Transitional//EN"
    "http://www.w3.org/TR/xhtml1/DTD/xhtml1-transitional.dtd">
<html xmlns="http://www.w3.org/1999/xhtml" xml:lang="en" lang="en">
 <head>
  <title>
</title>
<meta http-equiv="Content-Type" content="text/html;charset=utf-8" />
  <meta name='ocr-system' content='tesseract 3.04.00' />
  <meta name='ocr-capabilities' content='ocr_page ocr_carea ocr_par ocr_line ocrx_word'/>
</head>
<body>
  <div class='ocr_page' id='page_1' title='image "./patrologicursus112migngoog_0392.png"; bbox 0 0 3692 6134; ppageno 0'>
   <div class='ocr_carea' id='block_1_1' title="bbox 147 336 250 386">
    <p class='ocr_par' dir='ltr' id='par_1_1' title="bbox 147 336 250 386">
     <span class='ocr_line' id='line_1_1' title="bbox 147 336 250 386; baseline -0.019 0"><span class='ocrx_word' id='word_1_1' title='bbox 147 336 250 386; x_wconf 66' lang='lat' dir='ltr'>w?</span> 
     </span>
    </p>
   </div>
   <div class='ocr_carea' id='block_1_2' title="bbox 1291 327 2317 388">
    <p class='ocr_par' dir='ltr' id='par_1_2' title="bbox 1291 327 2317 388">
     <span class='ocr_line' id='line_1_2' title="bbox 1291 327 2317 388; baseline 0.001 -5"><span class='ocrx_word' id='word_1_2' title='bbox 1291 328 1381 384; x_wconf 75' lang='lat' dir='ltr'>nt:</span> <span class='ocrx_word' id='word_1_3' title='bbox 1420 327 1916 388; x_wconf 59' lang='lat' dir='ltr'>somniatum</span> <span class='ocrx_word' id='word_1_4' title='bbox 1954 327 2317 386; x_wconf 67' lang='lat' dir='ltr'>pascum.</span> 
     </span>
    </p>
   </div>
   <div class='ocr_carea' id='block_1_3' title="bbox 3315 324 3423 388">
    <p class='ocr_par' dir='ltr' id='par_1_3' title="bbox 3315 324 3423 388">
     <span class='ocr_line' id='line_1_3' title="bbox 3315 324 3423 388; baseline 0 -3"><span class='ocrx_word' id='word_1_5' title='bbox 3315 324 3423 388; x_wconf 58' lang='lat' dir='ltr'>stu</span> 
     </span>
    </p>
   </div>
   <div class='ocr_carea' id='block_1_4' title="bbox 218 440 3425 530">
    <p class='ocr_par' dir='ltr' id='par_1_4' title="bbox 218 440 3425 530">
     <span class='ocr_line' id='line_1_4' title="bbox 218 440 3425 530; baseline 0.002 -29"><span class='ocrx_word' id='word_1_6' title='bbox 218 454 291 515; x_wconf 80' lang='grc' dir='ltr'>γ’.</span> <span class='ocrx_word' id='word_1_7' title='bbox 322 440 495 511; x_wconf 76' lang='grc' dir='ltr'>Οὗτος</span> <span class='ocrx_word' id='word_1_8' title='bbox 536 448 569 501; x_wconf 88' lang='grc' dir='ltr'>ό</span> <span class='ocrx_word' id='word_1_9' title='bbox 601 447 701 518; x_wconf 87' lang='grc' dir='ltr'>τῆς</span> <span class='ocrx_word' id='word_1_10' title='bbox 742 445 935 519; x_wconf 83' lang='grc' dir='ltr'>ἑορτῆς</span> <span class='ocrx_word' id='word_1_11' title='bbox 988 446 1211 518; x_wconf 78' lang='grc' dir='ltr'>καιρὸς,</span> <span class='ocrx_word' id='word_1_12' title='bbox 1268 448 1587 518; x_wconf 73' lang='grc' dir='ltr'><strong>Αἰγυπτίοις</strong></span> <span class='ocrx_word' id='word_1_13' title='bbox 1622 449 1743 530; x_wconf 34' lang='grc' dir='ltr'>’μὲν</span> <span class='ocrx_word' id='word_1_14' title='bbox 1772 458 1819 516; x_wconf 70' lang='grc' dir='ltr'><strong>Α</strong></span> <span class='ocrx_word' id='word_1_15' title='bbox 1916 453 1973 507; x_wconf 78' lang='lat'>5.</span> <span class='ocrx_word' id='word_1_16' title='bbox 2027 450 2139 506; x_wconf 82' lang='lat' dir='ltr'>[loc</span> <span class='ocrx_word' id='word_1_17' title='bbox 2177 447 2538 505; x_wconf 79' lang='lat' dir='ltr'>solemnitatis</span> <span class='ocrx_word' id='word_1_18' title='bbox 2584 456 2798 519; x_wconf 85' lang='lat' dir='ltr'>tempus</span> <span class='ocrx_word' id='word_1_19' title='bbox 2851 445 3118 520; x_wconf 75' lang='lat' dir='ltr'>AEgyptiis</span> <span class='ocrx_word' id='word_1_20' title='bbox 3151 449 3380 521; x_wconf 79' lang='lat' dir='ltr'>quidem</span> <span class='ocrx_word' id='word_1_21' title='bbox 3408 495 3425 521; x_wconf 86' lang='lat'>,</span> 
     </span>
    </p>
   </div>
   <div class='ocr_carea' id='block_1_5' title="bbox 146 538 1739 705">
    <p class='ocr_par' dir='ltr' id='par_1_5' title="bbox 146 538 1739 705">
     <span class='ocr_line' id='line_1_5' title="bbox 146 538 1736 614; baseline 0.002 -20"><span class='ocrx_word' id='word_1_22' title='bbox 146 540 372 613; x_wconf 76' lang='grc' dir='ltr'>ὄλεθρον</span> <span class='ocrx_word' id='word_1_23' title='bbox 400 542 516 604; x_wconf 83' lang='grc' dir='ltr'>τοίς</span> <span class='ocrx_word' id='word_1_24' title='bbox 545 538 814 612; x_wconf 79' lang='grc' dir='ltr'>δαιμόνων</span> <span class='ocrx_word' id='word_1_25' title='bbox 863 538 1059 609; x_wconf 82' lang='grc' dir='ltr'>φίλοις,</span> <span class='ocrx_word' id='word_1_26' title='bbox 1111 539 1387 613; x_wconf 79' lang='grc' dir='ltr'>Ἐδραίοις</span> <span class='ocrx_word' id='word_1_27' title='bbox 1436 540 1494 595; x_wconf 78' lang='grc' dir='ltr'>δὲ</span> <span class='ocrx_word' id='word_1_28' title='bbox 1543 541 1736 614; x_wconf 76' lang='grc' dir='ltr'>ἑορτά-</span> 
     </span>
     <span class='ocr_line' id='line_1_6' title="bbox 149 626 1739 705; baseline 0.001 -17"><span class='ocrx_word' id='word_1_29' title='bbox 149 632 303 701; x_wconf 86' lang='grc' dir='ltr'>ζουσι</span> <span class='ocrx_word' id='word_1_30' title='bbox 366 632 447 705; x_wconf 83' lang='grc' dir='ltr'>τῷ</span> <span class='ocrx_word' id='word_1_31' title='bbox 495 631 635 704; x_wconf 85' lang='grc' dir='ltr'>Θεῷ,</span> <span class='ocrx_word' id='word_1_32' title='bbox 678 631 867 686; x_wconf 86' lang='grc' dir='ltr'>κακῶν</span> <span class='ocrx_word' id='word_1_33' title='bbox 924 631 1240 705; x_wconf 67' lang='grc' dir='ltr'>ἐλευθερίαν</span> <span class='ocrx_word' id='word_1_34' title='bbox 1287 632 1609 705; x_wconf 78' lang='grc' dir='ltr'>προὺξένει·</span> <span class='ocrx_word' id='word_1_35' title='bbox 1648 626 1739 689; x_wconf 73' lang='grc' dir='ltr'>οὗ·</span> 
     </span>
    </p>
   </div>
   <div class='ocr_carea' id='block_1_6' title="bbox 1838 537 3418 697">
    <p class='ocr_par' dir='ltr' id='par_1_6' title="bbox 1838 537 3418 697">
     <span class='ocr_line' id='line_1_7' title="bbox 1838 537 3418 614; baseline 0.001 -15"><span class='ocrx_word' id='word_1_36' title='bbox 1838 555 2028 614; x_wconf 85' lang='lat' dir='ltr'>ntpote</span> <span class='ocrx_word' id='word_1_37' title='bbox 2064 543 2374 596; x_wconf 71' lang='lat' dir='ltr'>‹taeuuonum</span> <span class='ocrx_word' id='word_1_38' title='bbox 2398 540 2618 606; x_wconf 88' lang='lat' dir='ltr'>amicis,</span> <span class='ocrx_word' id='word_1_39' title='bbox 2645 540 2918 603; x_wconf 74' lang='lat' dir='ltr'>exitium3</span> <span class='ocrx_word' id='word_1_40' title='bbox 2951 537 3194 599; x_wconf 70' lang='lat' dir='ltr'>flebraeis</span> <span class='ocrx_word' id='word_1_41' title='bbox 3236 553 3418 601; x_wconf 81' lang='lat' dir='ltr'>antem</span> 
     </span>
     <span class='ocr_line' id='line_1_8' title="bbox 1838 632 3418 697; baseline 0 -4"><span class='ocrx_word' id='word_1_42' title='bbox 1838 637 2010 693; x_wconf 82' lang='lat' dir='ltr'>Deum</span> <span class='ocrx_word' id='word_1_43' title='bbox 2043 635 2185 692; x_wconf 87' lang='lat' dir='ltr'>l&#39;esto</span> <span class='ocrx_word' id='word_1_44' title='bbox 2209 636 2319 689; x_wconf 92' lang='lat' dir='ltr'>ritu</span> <span class='ocrx_word' id='word_1_45' title='bbox 2347 632 2772 697; x_wconf 72' lang='lat' dir='ltr'>celebrantibus,</span> <span class='ocrx_word' id='word_1_46' title='bbox 2792 632 3058 688; x_wconf 88' lang='lat' dir='ltr'>malorum</span> <span class='ocrx_word' id='word_1_47' title='bbox 3084 633 3246 692; x_wconf 83' lang='lat' dir='ltr'>linem</span> <span class='ocrx_word' id='word_1_48' title='bbox 3278 644 3418 693; x_wconf 92' lang='lat' dir='ltr'>attu-</span> 
     </span>
    </p>
   </div>
   <div class='ocr_carea' id='block_1_7' title="bbox 148 721 3420 799">
    <p class='ocr_par' dir='ltr' id='par_1_7' title="bbox 148 721 3420 799">
     <span class='ocr_line' id='line_1_9' title="bbox 148 721 3420 799; baseline 0.001 -17"><span class='ocrx_word' id='word_1_49' title='bbox 148 744 249 792; x_wconf 80' lang='grc' dir='ltr'>τος-</span> <span class='ocrx_word' id='word_1_50' title='bbox 270 721 515 797; x_wconf 72' lang='grc' dir='ltr'>(26·)-ἦν</span> <span class='ocrx_word' id='word_1_51' title='bbox 551 725 717 790; x_wconf 78' lang='grc' dir='ltr'>αὐτὸς</span> <span class='ocrx_word' id='word_1_52' title='bbox 748 726 979 789; x_wconf 74' lang='grc' dir='ltr'>ἐκεῖνος,</span> <span class='ocrx_word' id='word_1_53' title='bbox 1003 725 1033 778; x_wconf 84' lang='grc' dir='ltr'><strong>ὁ</strong></span> <span class='ocrx_word' id='word_1_54' title='bbox 1054 723 1119 797; x_wconf 79' lang='grc' dir='ltr'>δὴ</span> <span class='ocrx_word' id='word_1_55' title='bbox 1149 725 1244 781; x_wconf 80' lang='grc' dir='ltr'>καὶ</span> <span class='ocrx_word' id='word_1_56' title='bbox 1274 726 1366 780; x_wconf 73' lang='grc' dir='ltr'>ἐπὶ</span> <span class='ocrx_word' id='word_1_57' title='bbox 1384 725 1487 797; x_wconf 87' lang='grc' dir='ltr'>τῆς</span> <span class='ocrx_word' id='word_1_58' title='bbox 1514 724 1738 798; x_wconf 81' lang='grc' dir='ltr'><strong>πρώτης</strong></span> <span class='ocrx_word' id='word_1_59' title='bbox 1835 728 1917 786; x_wconf 91' lang='lat' dir='ltr'>lit.</span> <span class='ocrx_word' id='word_1_60' title='bbox 1950 727 2065 784; x_wconf 75' lang='lat' dir='ltr'>Boc</span> <span class='ocrx_word' id='word_1_61' title='bbox 2107 727 2251 783; x_wconf 87' lang='lat' dir='ltr'>idem</span> <span class='ocrx_word' id='word_1_62' title='bbox 2284 735 2407 782; x_wconf 89' lang='lat' dir='ltr'>erat</span> <span class='ocrx_word' id='word_1_63' title='bbox 2437 725 2564 780; x_wconf 92' lang='lat' dir='ltr'>anni</span> <span class='ocrx_word' id='word_1_64' title='bbox 2596 735 2832 795; x_wconf 87' lang='lat' dir='ltr'>tempus,</span> <span class='ocrx_word' id='word_1_65' title='bbox 2872 723 3016 792; x_wconf 80' lang='lat' dir='ltr'>quod</span> <span class='ocrx_word' id='word_1_66' title='bbox 3049 723 3106 781; x_wconf 81' lang='lat' dir='ltr'>in</span> <span class='ocrx_word' id='word_1_67' title='bbox 3147 727 3420 799; x_wconf 79' lang='lat' dir='ltr'>primitiva</span> 
     </span>
    </p>
   </div>
   <div class='ocr_carea' id='block_1_8' title="bbox 152 817 1742 1816">
    <p class='ocr_par' dir='ltr' id='par_1_8' title="bbox 152 817 1742 1816">
     <span class='ocr_line' id='line_1_10' title="bbox 152 817 1735 891; baseline -0.004 -16"><span class='ocrx_word' id='word_1_68' title='bbox 152 819 246 876; x_wconf 85' lang='grc' dir='ltr'>τοῦ</span> <span class='ocrx_word' id='word_1_69' title='bbox 282 819 480 885; x_wconf 80' lang='grc' dir='ltr'>παντὸς</span> <span class='ocrx_word' id='word_1_70' title='bbox 499 819 858 890; x_wconf 86' lang='grc' dir='ltr'>κοσμογονίας</span> <span class='ocrx_word' id='word_1_71' title='bbox 902 817 1296 891; x_wconf 72' lang='grc' dir='ltr'>τετηρημένος,</span> <span class='ocrx_word' id='word_1_72' title='bbox 1323 817 1447 873; x_wconf 87' lang='grc' dir='ltr'>καθ’</span> <span class='ocrx_word' id='word_1_73' title='bbox 1486 817 1548 870; x_wconf 88' lang='grc' dir='ltr'>δν</span> <span class='ocrx_word' id='word_1_74' title='bbox 1586 819 1621 890; x_wconf 72' lang='grc' dir='ltr'><strong>ἡ</strong></span> <span class='ocrx_word' id='word_1_75' title='bbox 1660 817 1735 889; x_wconf 82' lang='grc' dir='ltr'>γῆ</span> 
     </span>
     <span class='ocr_line' id='line_1_11' title="bbox 156 911 1738 986; baseline -0.005 -14"><span class='ocrx_word' id='word_1_76' title='bbox 156 916 479 986; x_wconf 71' lang='grc' dir='ltr'>ἑὸλάστησε,</span> <span class='ocrx_word' id='word_1_77' title='bbox 504 913 626 969; x_wconf 81' lang='grc' dir='ltr'>καθ’</span> <span class='ocrx_word' id='word_1_78' title='bbox 647 913 707 968; x_wconf 82' lang='grc' dir='ltr'>ὃν</span> <span class='ocrx_word' id='word_1_79' title='bbox 730 913 779 967; x_wconf 91' lang='grc' dir='ltr'>οἰ</span> <span class='ocrx_word' id='word_1_80' title='bbox 807 912 1094 985; x_wconf 80' lang='grc' dir='ltr'>φωστῆρες</span> <span class='ocrx_word' id='word_1_81' title='bbox 1119 912 1387 982; x_wconf 74' lang='grc' dir='ltr'>ἐγένοντο,</span> <span class='ocrx_word' id='word_1_82' title='bbox 1404 912 1526 965; x_wconf 80' lang='grc' dir='ltr'>καθ’</span> <span class='ocrx_word' id='word_1_83' title='bbox 1552 911 1612 964; x_wconf 83' lang='grc' dir='ltr'>δν</span> <span class='ocrx_word' id='word_1_84' title='bbox 1647 911 1738 964; x_wconf 84' lang='grc' dir='ltr'>ού-</span> 
     </span>
     <span class='ocr_line' id='line_1_12' title="bbox 159 1001 1738 1084; baseline -0.006 -19"><span class='ocrx_word' id='word_1_85' title='bbox 159 1011 318 1084; x_wconf 73' lang='grc' dir='ltr'>ρανος</span> <span class='ocrx_word' id='word_1_86' title='bbox 340 1007 433 1064; x_wconf 81' lang='grc' dir='ltr'>καὶ</span> <span class='ocrx_word' id='word_1_87' title='bbox 446 1008 516 1079; x_wconf 87' lang='grc' dir='ltr'>γῆ</span> <span class='ocrx_word' id='word_1_88' title='bbox 528 1006 889 1079; x_wconf 83' lang='grc' dir='ltr'>παρήχθησαν</span> <span class='ocrx_word' id='word_1_89' title='bbox 908 1005 999 1059; x_wconf 76' lang='grc' dir='ltr'>καί</span> <span class='ocrx_word' id='word_1_90' title='bbox 1019 1005 1195 1060; x_wconf 82' lang='grc' dir='ltr'>πάντα</span> <span class='ocrx_word' id='word_1_91' title='bbox 1216 1003 1285 1059; x_wconf 74' lang='grc' dir='ltr'>τὰ</span> <span class='ocrx_word' id='word_1_92' title='bbox 1305 1006 1362 1058; x_wconf 82' lang='grc' dir='ltr'>ὲν</span> <span class='ocrx_word' id='word_1_93' title='bbox 1375 1004 1578 1068; x_wconf 82' lang='grc' dir='ltr'>αὐτοῖς·</span> <span class='ocrx_word' id='word_1_94' title='bbox 1598 1001 1738 1058; x_wconf 83' lang='grc' dir='ltr'>κατὰ</span> 
     </span>
     <span class='ocr_line' id='line_1_13' title="bbox 155 1093 1738 1169; baseline -0.005 -13"><span class='ocrx_word' id='word_1_95' title='bbox 155 1101 342 1157; x_wconf 88' lang='grc' dir='ltr'>τοῦτον</span> <span class='ocrx_word' id='word_1_96' title='bbox 362 1101 455 1154; x_wconf 79' lang='grc' dir='ltr'>καὶ</span> <span class='ocrx_word' id='word_1_97' title='bbox 480 1097 714 1169; x_wconf 80' lang='grc' dir='ltr'>ὁΣωτὴρ</span> <span class='ocrx_word' id='word_1_98' title='bbox 740 1097 836 1151; x_wconf 83' lang='grc' dir='ltr'>τοῦ</span> <span class='ocrx_word' id='word_1_99' title='bbox 864 1095 1177 1167; x_wconf 78' lang='grc' dir='ltr'>σύμπαντος</span> <span class='ocrx_word' id='word_1_100' title='bbox 1206 1096 1412 1166; x_wconf 84' lang='grc' dir='ltr'>κόσμου</span> <span class='ocrx_word' id='word_1_101' title='bbox 1437 1093 1499 1149; x_wconf 79' lang='grc' dir='ltr'>τὸ</span> <span class='ocrx_word' id='word_1_102' title='bbox 1531 1095 1630 1166; x_wconf 88' lang='grc' dir='ltr'>τῆς</span> <span class='ocrx_word' id='word_1_103' title='bbox 1659 1096 1738 1149; x_wconf 84' lang='grc' dir='ltr'>οἰ·</span> 
     </span>
     <span class='ocr_line' id='line_1_14' title="bbox 155 1185 1737 1262; baseline -0.006 -15"><span class='ocrx_word' id='word_1_104' title='bbox 155 1191 309 1256; x_wconf 85' lang='grc' dir='ltr'>κείας</span> <span class='ocrx_word' id='word_1_105' title='bbox 327 1189 520 1262; x_wconf 90' lang='grc' dir='ltr'>ἑορτῆς</span> <span class='ocrx_word' id='word_1_106' title='bbox 542 1187 818 1254; x_wconf 79' lang='grc' dir='ltr'>ἑξετὲλεσε</span> <span class='ocrx_word' id='word_1_107' title='bbox 838 1188 1156 1260; x_wconf 81' lang='grc' dir='ltr'>μυστήριον,</span> <span class='ocrx_word' id='word_1_108' title='bbox 1183 1186 1278 1242; x_wconf 79' lang='grc' dir='ltr'>καὶ</span> <span class='ocrx_word' id='word_1_109' title='bbox 1293 1187 1395 1259; x_wconf 81' lang='grc' dir='ltr'>τὴν</span> <span class='ocrx_word' id='word_1_110' title='bbox 1413 1185 1737 1258; x_wconf 72' lang='grc' dir='ltr'>οἰκουμένην</span> 
     </span>
     <span class='ocr_line' id='line_1_15' title="bbox 156 1279 1736 1358; baseline -0.005 -17"><span class='ocrx_word' id='word_1_111' title='bbox 156 1285 310 1358; x_wconf 66' lang='lat'><strong>(2⁸06</strong></span> <span class='ocrx_word' id='word_1_112' title='bbox 335 1285 508 1357; x_wconf 68' lang='grc' dir='ltr'>μέγας</span> <span class='ocrx_word' id='word_1_113' title='bbox 535 1283 780 1357; x_wconf 80' lang='grc' dir='ltr'>φωστὴρ,</span> <span class='ocrx_word' id='word_1_114' title='bbox 801 1281 1080 1346; x_wconf 79' lang='grc' dir='ltr'>εύσεὸείας</span> <span class='ocrx_word' id='word_1_115' title='bbox 1100 1281 1298 1350; x_wconf 81' lang='grc' dir='ltr'>αὐγαῖς</span> <span class='ocrx_word' id='word_1_116' title='bbox 1318 1279 1736 1352; x_wconf 84' lang='grc' dir='ltr'>κατελάμπρυνε</span> 
     </span>
     <span class='ocr_line' id='line_1_16' title="bbox 154 1368 1739 1449; baseline -0.006 -17"><span class='ocrx_word' id='word_1_117' title='bbox 154 1376 249 1432; x_wconf 68' lang='grc' dir='ltr'>καὶ</span> <span class='ocrx_word' id='word_1_118' title='bbox 264 1375 329 1449; x_wconf 80' lang='grc' dir='ltr'>δὴ</span> <span class='ocrx_word' id='word_1_119' title='bbox 342 1374 613 1445; x_wconf 82' lang='grc' dir='ltr'>γενέθλιον</span> <span class='ocrx_word' id='word_1_120' title='bbox 634 1374 839 1444; x_wconf 85' lang='grc' dir='ltr'>κόσμου</span> <span class='ocrx_word' id='word_1_121' title='bbox 855 1372 884 1425; x_wconf 82' lang='grc' dir='ltr'>ὁ</span> <span class='ocrx_word' id='word_1_122' title='bbox 900 1370 1089 1443; x_wconf 82' lang='grc' dir='ltr'>καιρὸς</span> <span class='ocrx_word' id='word_1_123' title='bbox 1109 1368 1390 1442; x_wconf 80' lang='grc' dir='ltr'>περιέχειν</span> <span class='ocrx_word' id='word_1_124' title='bbox 1402 1368 1566 1423; x_wconf 78' lang='grc' dir='ltr'>ἔοικε.</span> <span class='ocrx_word' id='word_1_125' title='bbox 1581 1368 1739 1423; x_wconf 79' lang='grc' dir='ltr'>Κατὰ</span> 
     </span>
     <span class='ocr_line' id='line_1_17' title="bbox 152 1460 1739 1539; baseline -0.006 -15"><span class='ocrx_word' id='word_1_126' title='bbox 152 1469 340 1524; x_wconf 91' lang='grc' dir='ltr'>τοῦτον</span> <span class='ocrx_word' id='word_1_127' title='bbox 369 1468 427 1522; x_wconf 69' lang='grc' dir='ltr'>δὲ</span> <span class='ocrx_word' id='word_1_128' title='bbox 463 1468 557 1522; x_wconf 75' lang='grc' dir='ltr'>τὸν</span> <span class='ocrx_word' id='word_1_129' title='bbox 584 1466 776 1539; x_wconf 78' lang='grc' dir='ltr'>καιρὸν</span> <span class='ocrx_word' id='word_1_130' title='bbox 802 1467 897 1520; x_wconf 76' lang='grc' dir='ltr'>καὶ</span> <span class='ocrx_word' id='word_1_131' title='bbox 918 1464 1088 1529; x_wconf 80' lang='grc' dir='ltr'>τύπος</span> <span class='ocrx_word' id='word_1_132' title='bbox 1118 1463 1369 1525; x_wconf 76' lang='grc' dir='ltr'>ἐτελεῖτο,</span> <span class='ocrx_word' id='word_1_133' title='bbox 1398 1461 1461 1516; x_wconf 79' lang='grc' dir='ltr'>τὸ</span> <span class='ocrx_word' id='word_1_134' title='bbox 1509 1460 1739 1517; x_wconf 79' lang='grc' dir='ltr'>παλαιὸν</span> 
     </span>
     <span class='ocr_line' id='line_1_18' title="bbox 153 1551 1739 1631; baseline -0.006 -16"><span class='ocrx_word' id='word_1_135' title='bbox 153 1561 368 1631; x_wconf 81' lang='grc' dir='ltr'>Πάσχα,</span> <span class='ocrx_word' id='word_1_136' title='bbox 391 1558 420 1612; x_wconf 79' lang='grc' dir='ltr'><strong>ὅ</strong></span> <span class='ocrx_word' id='word_1_137' title='bbox 452 1559 546 1612; x_wconf 79' lang='grc' dir='ltr'>καὶ</span> <span class='ocrx_word' id='word_1_138' title='bbox 576 1557 923 1628; x_wconf 72' lang='grc' dir='ltr'>διαδατήριον</span> <span class='ocrx_word' id='word_1_139' title='bbox 944 1555 1160 1628; x_wconf 74' lang='grc' dir='ltr'>εἴρηται</span> <span class='ocrx_word' id='word_1_140' title='bbox 1184 1570 1200 1587; x_wconf 88' lang='grc'><em>·</em></span> <span class='ocrx_word' id='word_1_141' title='bbox 1243 1551 1382 1608; x_wconf 83' lang='grc' dir='ltr'>ἀλλὰ</span> <span class='ocrx_word' id='word_1_142' title='bbox 1406 1554 1503 1607; x_wconf 74' lang='grc' dir='ltr'>καὶ</span> <span class='ocrx_word' id='word_1_143' title='bbox 1530 1551 1739 1623; x_wconf 61' lang='lat'>2:906&amp;-</span> 
     </span>
     <span class='ocr_line' id='line_1_19' title="bbox 153 1641 1741 1723; baseline -0.006 -16"><span class='ocrx_word' id='word_1_144' title='bbox 153 1670 246 1708; x_wconf 87' lang='grc' dir='ltr'>του</span> <span class='ocrx_word' id='word_1_145' title='bbox 277 1651 494 1723; x_wconf 80' lang='grc' dir='ltr'>σφαγῆς</span> <span class='ocrx_word' id='word_1_146' title='bbox 521 1648 788 1722; x_wconf 78' lang='grc' dir='ltr'>σύμὸολον</span> <span class='ocrx_word' id='word_1_147' title='bbox 812 1648 1007 1721; x_wconf 82' lang='grc' dir='ltr'>ἑφερεν</span> <span class='ocrx_word' id='word_1_148' title='bbox 1029 1664 1042 1675; x_wconf 90' lang='grc'><em>·</em></span> <span class='ocrx_word' id='word_1_149' title='bbox 1082 1646 1218 1701; x_wconf 70' lang='grc' dir='ltr'>ἀλλὰ</span> <span class='ocrx_word' id='word_1_150' title='bbox 1243 1645 1337 1701; x_wconf 79' lang='grc' dir='ltr'>καὶ</span> <span class='ocrx_word' id='word_1_151' title='bbox 1369 1642 1580 1716; x_wconf 81' lang='grc' dir='ltr'>τροφῆς</span> <span class='ocrx_word' id='word_1_152' title='bbox 1610 1641 1741 1708; x_wconf 72' lang='grc' dir='ltr'>ἀζύ-</span> 
     </span>
     <span class='ocr_line' id='line_1_20' title="bbox 158 1731 1742 1816; baseline -0.008 -19"><span class='ocrx_word' id='word_1_153' title='bbox 158 1760 273 1816; x_wconf 90' lang='grc' dir='ltr'>μων</span> <span class='ocrx_word' id='word_1_154' title='bbox 300 1743 480 1815; x_wconf 77' lang='grc' dir='ltr'>ἄρτων</span> <span class='ocrx_word' id='word_1_155' title='bbox 509 1740 752 1812; x_wconf 70' lang='grc' dir='ltr'>ᾐνίττετο</span> <span class='ocrx_word' id='word_1_156' title='bbox 781 1738 986 1793; x_wconf 88' lang='grc' dir='ltr'>εἰκόνα.</span> <span class='ocrx_word' id='word_1_157' title='bbox 1010 1736 1195 1791; x_wconf 90' lang='grc' dir='ltr'>Ταῦτα</span> <span class='ocrx_word' id='word_1_158' title='bbox 1216 1735 1275 1789; x_wconf 82' lang='grc' dir='ltr'>δὲ</span> <span class='ocrx_word' id='word_1_159' title='bbox 1305 1735 1400 1789; x_wconf 76' lang='grc' dir='ltr'>ἐπὶ</span> <span class='ocrx_word' id='word_1_160' title='bbox 1421 1732 1521 1797; x_wconf 82' lang='grc' dir='ltr'>τὴν</span> <span class='ocrx_word' id='word_1_161' title='bbox 1564 1731 1742 1803; x_wconf 72' lang='grc' dir='ltr'>σωτή-</span> 
     </span>
    </p>
   </div>
   <div class='ocr_carea' id='block_1_9' title="bbox 1834 816 3423 891">
    <p class='ocr_par' dir='ltr' id='par_1_9' title="bbox 1834 816 3423 891">
     <span class='ocr_line' id='line_1_21' title="bbox 1834 816 3423 891; baseline 0.001 -15"><span class='ocrx_word' id='word_1_162' title='bbox 1834 822 2003 876; x_wconf 86' lang='lat' dir='ltr'>etiam</span> <span class='ocrx_word' id='word_1_163' title='bbox 2039 820 2278 876; x_wconf 77' lang='lat' dir='ltr'>universi</span> <span class='ocrx_word' id='word_1_164' title='bbox 2313 818 2591 873; x_wconf 73' lang='lat' dir='ltr'>creatione</span> <span class='ocrx_word' id='word_1_165' title='bbox 2635 816 2988 883; x_wconf 76' lang='lat' dir='ltr'>decurrebat,</span> <span class='ocrx_word' id='word_1_166' title='bbox 3028 829 3140 889; x_wconf 78' lang='lat' dir='ltr'>quo</span> <span class='ocrx_word' id='word_1_167' title='bbox 3182 827 3423 891; x_wconf 85' lang='lat' dir='ltr'>tempore</span> 
     </span>
    </p>
   </div>
   <div class='ocr_carea' id='block_1_10' title="bbox 1836 907 3433 1805">
    <p class='ocr_par' dir='ltr' id='par_1_10' title="bbox 1836 907 3433 1805">
     <span class='ocr_line' id='line_1_22' title="bbox 1839 907 3423 982; baseline 0.001 -16"><span class='ocrx_word' id='word_1_168' title='bbox 1839 922 1988 967; x_wconf 87' lang='lat' dir='ltr'>terra</span> <span class='ocrx_word' id='word_1_169' title='bbox 2035 912 2378 982; x_wconf 72' lang='lat' dir='ltr'>germinavit,</span> <span class='ocrx_word' id='word_1_170' title='bbox 2427 919 2484 965; x_wconf 92' lang='lat' dir='ltr'>et</span> <span class='ocrx_word' id='word_1_171' title='bbox 2541 907 2833 964; x_wconf 85' lang='lat' dir='ltr'>luminaria</span> <span class='ocrx_word' id='word_1_172' title='bbox 2887 909 3214 966; x_wconf 85' lang='lat' dir='ltr'>exstiterunt</span> <span class='ocrx_word' id='word_1_173' title='bbox 3257 927 3274 965; x_wconf 73' lang='grc' dir='ltr'>ε</span> <span class='ocrx_word' id='word_1_174' title='bbox 3314 924 3423 982; x_wconf 85' lang='lat' dir='ltr'>quo</span> 
     </span>
     <span class='ocr_line' id='line_1_23' title="bbox 1839 999 3421 1074; baseline 0.002 -19"><span class='ocrx_word' id='word_1_175' title='bbox 1839 1012 2087 1072; x_wconf 90' lang='lat' dir='ltr'>tempore</span> <span class='ocrx_word' id='word_1_176' title='bbox 2113 1000 2334 1068; x_wconf 83' lang='lat' dir='ltr'>coelum,</span> <span class='ocrx_word' id='word_1_177' title='bbox 2367 1010 2547 1068; x_wconf 82' lang='lat' dir='ltr'>terra,</span> <span class='ocrx_word' id='word_1_178' title='bbox 2586 1007 2642 1054; x_wconf 89' lang='lat' dir='ltr'>et</span> <span class='ocrx_word' id='word_1_179' title='bbox 2679 1000 2865 1054; x_wconf 88' lang='lat' dir='ltr'>omnia</span> <span class='ocrx_word' id='word_1_180' title='bbox 2898 1015 3022 1071; x_wconf 77' lang='lat' dir='ltr'>quae</span> <span class='ocrx_word' id='word_1_181' title='bbox 3056 999 3113 1057; x_wconf 89' lang='lat' dir='ltr'>in</span> <span class='ocrx_word' id='word_1_182' title='bbox 3148 1003 3232 1060; x_wconf 88' lang='lat' dir='ltr'>eis</span> <span class='ocrx_word' id='word_1_183' title='bbox 3263 1013 3421 1074; x_wconf 86' lang='lat' dir='ltr'>sunt,</span> 
     </span>
     <span class='ocr_line' id='line_1_24' title="bbox 1837 1090 3421 1165; baseline 0.001 -15"><span class='ocrx_word' id='word_1_184' title='bbox 1837 1093 2099 1165; x_wconf 85' lang='lat' dir='ltr'>producta</span> <span class='ocrx_word' id='word_1_185' title='bbox 2139 1092 2382 1148; x_wconf 83' lang='lat' dir='ltr'>luerunt.</span> <span class='ocrx_word' id='word_1_186' title='bbox 2413 1090 2528 1148; x_wconf 85' lang='lat' dir='ltr'>lloc</span> <span class='ocrx_word' id='word_1_187' title='bbox 2553 1091 2670 1163; x_wconf 82' lang='lat' dir='ltr'>ipso</span> <span class='ocrx_word' id='word_1_188' title='bbox 2703 1100 2946 1162; x_wconf 80' lang='lat' dir='ltr'>tempore</span> <span class='ocrx_word' id='word_1_189' title='bbox 2978 1092 3214 1151; x_wconf 82' lang='lat' dir='ltr'>universi</span> <span class='ocrx_word' id='word_1_190' title='bbox 3237 1094 3421 1152; x_wconf 88' lang='lat' dir='ltr'>mundi</span> 
     </span>
     <span class='ocr_line' id='line_1_25' title="bbox 1839 1183 3426 1259; baseline 0.001 -17"><span class='ocrx_word' id='word_1_191' title='bbox 1839 1185 2101 1242; x_wconf 79' lang='lat' dir='ltr'>Servatur</span> <span class='ocrx_word' id='word_1_192' title='bbox 2129 1183 2493 1240; x_wconf 78' lang='lat' dir='ltr'>solemnitatis</span> <span class='ocrx_word' id='word_1_193' title='bbox 2517 1199 2630 1241; x_wconf 73' lang='lat' dir='ltr'>suae</span> <span class='ocrx_word' id='word_1_194' title='bbox 2660 1184 2979 1255; x_wconf 75' lang='lat' dir='ltr'>mysterium</span> <span class='ocrx_word' id='word_1_195' title='bbox 3005 1185 3234 1258; x_wconf 84' lang='lat' dir='ltr'>peregit;</span> <span class='ocrx_word' id='word_1_196' title='bbox 3263 1195 3426 1259; x_wconf 82' lang='lat' dir='ltr'>atque</span> 
     </span>
     <span class='ocr_line' id='line_1_26' title="bbox 1837 1275 3428 1350; baseline 0.002 -18"><span class='ocrx_word' id='word_1_197' title='bbox 1837 1277 2025 1332; x_wconf 84' lang='lat' dir='ltr'>orbem</span> <span class='ocrx_word' id='word_1_198' title='bbox 2057 1285 2328 1332; x_wconf 87' lang='lat' dir='ltr'>terrarum</span> <span class='ocrx_word' id='word_1_199' title='bbox 2364 1275 2635 1331; x_wconf 87' lang='lat' dir='ltr'>luminare</span> <span class='ocrx_word' id='word_1_200' title='bbox 2673 1289 2928 1343; x_wconf 77' lang='lat' dir='ltr'>magnum</span> <span class='ocrx_word' id='word_1_201' title='bbox 2959 1289 3104 1332; x_wconf 71' lang='lat' dir='ltr'>vera</span> <span class='ocrx_word' id='word_1_202' title='bbox 3149 1277 3428 1350; x_wconf 86' lang='lat' dir='ltr'>religionis</span> 
     </span>
     <span class='ocr_line' id='line_1_27' title="bbox 1838 1367 3429 1440; baseline 0.001 -14"><span class='ocrx_word' id='word_1_203' title='bbox 1838 1369 2222 1440; x_wconf 81' lang='lat' dir='ltr'>splendoribus</span> <span class='ocrx_word' id='word_1_204' title='bbox 2250 1367 2541 1425; x_wconf 85' lang='lat' dir='ltr'>illustravit</span> <span class='ocrx_word' id='word_1_205' title='bbox 2561 1407 2578 1432; x_wconf 90' lang='lat'>,</span> <span class='ocrx_word' id='word_1_206' title='bbox 2610 1367 2913 1437; x_wconf 86' lang='lat' dir='ltr'>mundique</span> <span class='ocrx_word' id='word_1_207' title='bbox 2959 1367 3144 1425; x_wconf 86' lang='lat' dir='ltr'>natale</span> <span class='ocrx_word' id='word_1_208' title='bbox 3169 1371 3429 1428; x_wconf 82' lang='lat' dir='ltr'>reducere</span> 
     </span>
     <span class='ocr_line' id='line_1_28' title="bbox 1836 1459 3430 1531; baseline 0.005 -18"><span class='ocrx_word' id='word_1_209' title='bbox 1836 1462 2014 1519; x_wconf 76' lang='lat' dir='ltr'>visum</span> <span class='ocrx_word' id='word_1_210' title='bbox 2048 1469 2154 1518; x_wconf 88' lang='lat' dir='ltr'>est.</span> <span class='ocrx_word' id='word_1_211' title='bbox 2204 1459 2319 1517; x_wconf 86' lang='lat' dir='ltr'>lloe</span> <span class='ocrx_word' id='word_1_212' title='bbox 2349 1468 2598 1531; x_wconf 88' lang='lat' dir='ltr'>tempore</span> <span class='ocrx_word' id='word_1_213' title='bbox 2634 1459 2807 1530; x_wconf 85' lang='lat' dir='ltr'>ligura</span> <span class='ocrx_word' id='word_1_214' title='bbox 2839 1459 3244 1530; x_wconf 73' lang='lat' dir='ltr'>perficiebatur,</span> <span class='ocrx_word' id='word_1_215' title='bbox 3275 1470 3430 1521; x_wconf 80' lang='lat' dir='ltr'>vetus</span> 
     </span>
     <span class='ocr_line' id='line_1_29' title="bbox 1839 1550 3433 1630; baseline 0.001 -22"><span class='ocrx_word' id='word_1_216' title='bbox 1839 1553 2095 1608; x_wconf 89' lang='lat' dir='ltr'>nimirum</span> <span class='ocrx_word' id='word_1_217' title='bbox 2122 1550 2333 1607; x_wconf 80' lang='lat' dir='ltr'>Pascha</span> <span class='ocrx_word' id='word_1_218' title='bbox 2361 1566 2457 1607; x_wconf 88' lang='lat' dir='ltr'>scu</span> <span class='ocrx_word' id='word_1_219' title='bbox 2492 1551 2758 1607; x_wconf 78' lang='lat' dir='ltr'>transitus</span> <span class='ocrx_word' id='word_1_220' title='bbox 2795 1568 2810 1606; x_wconf 91' lang='lat'><strong>:</strong></span> <span class='ocrx_word' id='word_1_221' title='bbox 2844 1552 3070 1624; x_wconf 88' lang='lat' dir='ltr'>insuper</span> <span class='ocrx_word' id='word_1_222' title='bbox 3095 1553 3262 1610; x_wconf 86' lang='lat' dir='ltr'>etiam</span> <span class='ocrx_word' id='word_1_223' title='bbox 3291 1567 3433 1630; x_wconf 74' lang='lat' dir='ltr'>sym·</span> 
     </span>
     <span class='ocr_line' id='line_1_30' title="bbox 1838 1642 3431 1718; baseline 0.003 -19"><span class='ocrx_word' id='word_1_224' title='bbox 1838 1643 2023 1699; x_wconf 87' lang='lat' dir='ltr'>bolum</span> <span class='ocrx_word' id='word_1_225' title='bbox 2050 1657 2204 1699; x_wconf 80' lang='lat' dir='ltr'>caesae</span> <span class='ocrx_word' id='word_1_226' title='bbox 2224 1642 2345 1699; x_wconf 84' lang='lat' dir='ltr'>ovis</span> <span class='ocrx_word' id='word_1_227' title='bbox 2377 1643 2576 1706; x_wconf 74' lang='lat' dir='ltr'>tleltat;</span> <span class='ocrx_word' id='word_1_228' title='bbox 2600 1642 2837 1714; x_wconf 87' lang='lat' dir='ltr'>denique</span> <span class='ocrx_word' id='word_1_229' title='bbox 2874 1645 3053 1717; x_wconf 77' lang='lat' dir='ltr'>azymi</span> <span class='ocrx_word' id='word_1_230' title='bbox 3083 1645 3243 1718; x_wconf 80' lang='lat' dir='ltr'>panis</span> <span class='ocrx_word' id='word_1_231' title='bbox 3281 1659 3431 1712; x_wconf 76' lang='lat' dir='ltr'>esus,</span> 
     </span>
     <span class='ocr_line' id='line_1_31' title="bbox 1840 1733 3433 1805; baseline 0.003 -17"><span class='ocrx_word' id='word_1_232' title='bbox 1840 1735 2093 1805; x_wconf 74' lang='lat' dir='ltr'>imaginis</span> <span class='ocrx_word' id='word_1_233' title='bbox 2120 1733 2404 1804; x_wconf 73' lang='lat' dir='ltr'>cujusdam</span> <span class='ocrx_word' id='word_1_234' title='bbox 2438 1733 2615 1790; x_wconf 78' lang='lat' dir='ltr'>instar</span> <span class='ocrx_word' id='word_1_235' title='bbox 2638 1744 2778 1790; x_wconf 85' lang='lat' dir='ltr'>crat.</span> <span class='ocrx_word' id='word_1_236' title='bbox 2815 1735 2947 1803; x_wconf 79' lang='lat' dir='ltr'>Quae</span> <span class='ocrx_word' id='word_1_237' title='bbox 2987 1737 3172 1795; x_wconf 81' lang='lat' dir='ltr'>omnia</span> <span class='ocrx_word' id='word_1_238' title='bbox 3199 1737 3254 1794; x_wconf 90' lang='lat' dir='ltr'>in</span> <span class='ocrx_word' id='word_1_239' title='bbox 3303 1737 3433 1796; x_wconf 77' lang='lat' dir='ltr'>Ser-</span> 
     </span>
    </p>
   </div>
   <div class='ocr_carea' id='block_1_11' title="bbox 158 1816 3430 1908">
    <p class='ocr_par' dir='ltr' id='par_1_11' title="bbox 158 1816 3430 1908">
     <span class='ocr_line' id='line_1_32' title="bbox 158 1816 3430 1908; baseline -0 -20"><span class='ocrx_word' id='word_1_240' title='bbox 158 1852 272 1908; x_wconf 82' lang='grc' dir='ltr'>ριον</span> <span class='ocrx_word' id='word_1_241' title='bbox 303 1834 495 1907; x_wconf 79' lang='grc' dir='ltr'>ἑορτὴν</span> <span class='ocrx_word' id='word_1_242' title='bbox 540 1832 757 1886; x_wconf 67' lang='grc' dir='ltr'>ἅπαντα</span> <span class='ocrx_word' id='word_1_243' title='bbox 793 1827 1231 1901; x_wconf 83' lang='grc' dir='ltr'>συνεπληροῦτο·</span> <span class='ocrx_word' id='word_1_244' title='bbox 1260 1826 1403 1881; x_wconf 82' lang='grc' dir='ltr'>τότε</span> <span class='ocrx_word' id='word_1_245' title='bbox 1440 1821 1549 1894; x_wconf 84' lang='grc' dir='ltr'>γὰρ</span> <span class='ocrx_word' id='word_1_246' title='bbox 1597 1820 1736 1894; x_wconf 82' lang='grc' dir='ltr'>πρό·</span> <span class='ocrx_word' id='word_1_247' title='bbox 1769 1816 1812 1871; x_wconf 81' lang='grc' dir='ltr'><strong>Β</strong></span> <span class='ocrx_word' id='word_1_248' title='bbox 1835 1832 2041 1885; x_wconf 59' lang='lat' dir='ltr'>satoris</span> <span class='ocrx_word' id='word_1_249' title='bbox 2090 1829 2438 1887; x_wconf 67' lang='lat' dir='ltr'>solemnitate</span> <span class='ocrx_word' id='word_1_250' title='bbox 2490 1829 2760 1898; x_wconf 85' lang='lat' dir='ltr'>completa</span> <span class='ocrx_word' id='word_1_251' title='bbox 2825 1840 2978 1889; x_wconf 88' lang='lat' dir='ltr'>sunt.</span> <span class='ocrx_word' id='word_1_252' title='bbox 3035 1829 3302 1906; x_wconf 80' lang='lat' dir='ltr'>Namque·</span> <span class='ocrx_word' id='word_1_253' title='bbox 3339 1831 3430 1888; x_wconf 85' lang='lat' dir='ltr'>illa</span> 
     </span>
    </p>
   </div>
   <div class='ocr_carea' id='block_1_12' title="bbox 155 1909 1750 3190">
    <p class='ocr_par' dir='ltr' id='par_1_12' title="bbox 155 1909 1750 3190">
     <span class='ocr_line' id='line_1_33' title="bbox 156 1909 1737 1993; baseline -0.008 -15"><span class='ocrx_word' id='word_1_254' title='bbox 156 1925 318 1979; x_wconf 77' lang='grc' dir='ltr'>δατον</span> <span class='ocrx_word' id='word_1_255' title='bbox 342 1923 504 1986; x_wconf 81' lang='grc' dir='ltr'>αὐτὸς</span> <span class='ocrx_word' id='word_1_256' title='bbox 532 1916 601 1993; x_wconf 82' lang='grc' dir='ltr'>ἦν</span> <span class='ocrx_word' id='word_1_257' title='bbox 635 1918 757 1974; x_wconf 81' lang='grc' dir='ltr'>καθ’</span> <span class='ocrx_word' id='word_1_258' title='bbox 794 1918 824 1972; x_wconf 82' lang='grc' dir='ltr'>δ</span> <span class='ocrx_word' id='word_1_259' title='bbox 865 1918 1173 1991; x_wconf 82' lang='grc' dir='ltr'>περιέκειτο</span> <span class='ocrx_word' id='word_1_260' title='bbox 1201 1915 1385 1988; x_wconf 91' lang='grc' dir='ltr'>σῶμα.</span> <span class='ocrx_word' id='word_1_261' title='bbox 1420 1912 1593 1977; x_wconf 74' lang='grc' dir='ltr'>Αὐτὸς</span> <span class='ocrx_word' id='word_1_262' title='bbox 1642 1909 1737 1966; x_wconf 76' lang='grc' dir='ltr'>καὶ</span> 
     </span>
     <span class='ocr_line' id='line_1_34' title="bbox 155 2004 1737 2090; baseline -0.008 -20"><span class='ocrx_word' id='word_1_263' title='bbox 155 2018 307 2090; x_wconf 79' lang='grc' dir='ltr'>ῆλιος</span> <span class='ocrx_word' id='word_1_264' title='bbox 335 2015 700 2086; x_wconf 82' lang='grc' dir='ltr'>δικαιοσύνης,</span> <span class='ocrx_word' id='word_1_265' title='bbox 733 2012 892 2085; x_wconf 76' lang='grc' dir='ltr'>ἔαρος</span> <span class='ocrx_word' id='word_1_266' title='bbox 921 2011 1059 2083; x_wconf 84' lang='grc' dir='ltr'>δῆτα</span> <span class='ocrx_word' id='word_1_267' title='bbox 1101 2011 1248 2064; x_wconf 89' lang='grc' dir='ltr'>θείου</span> <span class='ocrx_word' id='word_1_268' title='bbox 1310 2007 1406 2064; x_wconf 75' lang='grc' dir='ltr'>καὶ</span> <span class='ocrx_word' id='word_1_269' title='bbox 1460 2004 1737 2080; x_wconf 74' lang='grc' dir='ltr'>σωτηρίου</span> 
     </span>
     <span class='ocr_line' id='line_1_35' title="bbox 156 2092 1742 2183; baseline -0.01 -19"><span class='ocrx_word' id='word_1_270' title='bbox 156 2110 367 2183; x_wconf 83' lang='grc' dir='ltr'>τροπῆς</span> <span class='ocrx_word' id='word_1_271' title='bbox 397 2108 504 2163; x_wconf 82' lang='grc' dir='ltr'>ἀπὸ</span> <span class='ocrx_word' id='word_1_272' title='bbox 533 2107 791 2178; x_wconf 81' lang='grc' dir='ltr'>χειρόνων</span> <span class='ocrx_word' id='word_1_273' title='bbox 820 2106 913 2159; x_wconf 74' lang='grc' dir='ltr'>ἐπὶ</span> <span class='ocrx_word' id='word_1_274' title='bbox 945 2103 1014 2158; x_wconf 76' lang='grc' dir='ltr'>τὰ</span> <span class='ocrx_word' id='word_1_275' title='bbox 1039 2103 1272 2175; x_wconf 86' lang='grc' dir='ltr'>κρείττω</span> <span class='ocrx_word' id='word_1_276' title='bbox 1294 2098 1386 2154; x_wconf 74' lang='grc' dir='ltr'>τὸν</span> <span class='ocrx_word' id='word_1_277' title='bbox 1410 2097 1521 2151; x_wconf 91' lang='grc' dir='ltr'>τῶν</span> <span class='ocrx_word' id='word_1_278' title='bbox 1536 2092 1742 2167; x_wconf 79' lang='grc' dir='ltr'>ἀνθρώ-</span> 
     </span>
     <span class='ocr_line' id='line_1_36' title="bbox 160 2188 1741 2272; baseline -0.013 -13"><span class='ocrx_word' id='word_1_279' title='bbox 160 2221 278 2258; x_wconf 85' lang='grc' dir='ltr'>πων</span> <span class='ocrx_word' id='word_1_280' title='bbox 311 2202 423 2272; x_wconf 84' lang='grc' dir='ltr'>βίον</span> <span class='ocrx_word' id='word_1_281' title='bbox 470 2198 851 2269; x_wconf 76' lang='grc' dir='ltr'>διαλαῦούσης.</span> <span class='ocrx_word' id='word_1_282' title='bbox 876 2195 1195 2266; x_wconf 73' lang='grc' dir='ltr'>Αἰγυπτίων</span> <span class='ocrx_word' id='word_1_283' title='bbox 1224 2192 1322 2266; x_wconf 85' lang='grc' dir='ltr'>μὲν</span> <span class='ocrx_word' id='word_1_284' title='bbox 1346 2188 1597 2261; x_wconf 82' lang='grc' dir='ltr'>δαίμοσιν</span> <span class='ocrx_word' id='word_1_285' title='bbox 1628 2188 1741 2240; x_wconf 86' lang='grc' dir='ltr'>εἰσ-</span> 
     </span>
     <span class='ocr_line' id='line_1_37' title="bbox 160 2276 1739 2364; baseline -0.013 -14"><span class='ocrx_word' id='word_1_286' title='bbox 160 2300 240 2350; x_wconf 80' lang='grc' dir='ltr'>έτι</span> <span class='ocrx_word' id='word_1_287' title='bbox 266 2297 358 2349; x_wconf 78' lang='grc' dir='ltr'>καὶ</span> <span class='ocrx_word' id='word_1_288' title='bbox 399 2294 494 2347; x_wconf 87' lang='grc' dir='ltr'>νῦν</span> <span class='ocrx_word' id='word_1_289' title='bbox 511 2291 757 2362; x_wconf 78' lang='grc' dir='ltr'>θεήλατοι</span> <span class='ocrx_word' id='word_1_290' title='bbox 801 2291 1063 2364; x_wconf 83' lang='grc' dir='ltr'>μάστιγες</span> <span class='ocrx_word' id='word_1_291' title='bbox 1105 2284 1574 2354; x_wconf 77' lang='grc' dir='ltr'>καταπέμπονται,</span> <span class='ocrx_word' id='word_1_292' title='bbox 1618 2276 1739 2333; x_wconf 75' lang='grc' dir='ltr'>λαοὶ</span> 
     </span>
     <span class='ocr_line' id='line_1_38' title="bbox 160 2366 1739 2456; baseline -0.013 -17"><span class='ocrx_word' id='word_1_293' title='bbox 160 2388 218 2439; x_wconf 76' lang='grc' dir='ltr'>δὲ</span> <span class='ocrx_word' id='word_1_294' title='bbox 252 2383 522 2456; x_wconf 84' lang='grc' dir='ltr'>πανταχοῦ</span> <span class='ocrx_word' id='word_1_295' title='bbox 550 2384 658 2455; x_wconf 87' lang='grc' dir='ltr'>γῆς</span> <span class='ocrx_word' id='word_1_296' title='bbox 683 2382 959 2444; x_wconf 82' lang='grc' dir='ltr'>οἰκοῦντες</span> <span class='ocrx_word' id='word_1_297' title='bbox 990 2379 1091 2450; x_wconf 78' lang='grc' dir='ltr'>τὴν</span> <span class='ocrx_word' id='word_1_298' title='bbox 1122 2375 1272 2445; x_wconf 85' lang='grc' dir='ltr'>σφῶν</span> <span class='ocrx_word' id='word_1_299' title='bbox 1296 2371 1607 2444; x_wconf 75' lang='grc' dir='ltr'>ἐλευθερίαν</span> <span class='ocrx_word' id='word_1_300' title='bbox 1640 2366 1739 2438; x_wconf 81' lang='grc' dir='ltr'>τὴν</span> 
     </span>
     <span class='ocr_line' id='line_1_39' title="bbox 165 2460 1743 2548; baseline -0.013 -15"><span class='ocrx_word' id='word_1_301' title='bbox 165 2480 230 2532; x_wconf 78' lang='grc' dir='ltr'>ἐκ</span> <span class='ocrx_word' id='word_1_302' title='bbox 252 2478 353 2548; x_wconf 85' lang='grc' dir='ltr'>τῆς</span> <span class='ocrx_word' id='word_1_303' title='bbox 399 2475 769 2540; x_wconf 85' lang='grc' dir='ltr'>πολυπλανοῦς</span> <span class='ocrx_word' id='word_1_304' title='bbox 789 2473 1078 2544; x_wconf 83' lang='grc' dir='ltr'>ἀθεότητος</span> <span class='ocrx_word' id='word_1_305' title='bbox 1111 2465 1450 2541; x_wconf 78' lang='grc' dir='ltr'>ἑορτάζουσι.</span> <span class='ocrx_word' id='word_1_306' title='bbox 1475 2462 1596 2516; x_wconf 88' lang='grc' dir='ltr'>Τῶν</span> <span class='ocrx_word' id='word_1_307' title='bbox 1618 2460 1743 2514; x_wconf 84' lang='grc' dir='ltr'>λαο-</span> 
     </span>
     <span class='ocr_line' id='line_1_40' title="bbox 164 2549 1743 2635; baseline -0.011 -15"><span class='ocrx_word' id='word_1_308' title='bbox 164 2566 382 2619; x_wconf 89' lang='grc' dir='ltr'>πλανῶν</span> <span class='ocrx_word' id='word_1_309' title='bbox 407 2566 465 2618; x_wconf 84' lang='grc' dir='ltr'>δὲ</span> <span class='ocrx_word' id='word_1_310' title='bbox 505 2565 833 2635; x_wconf 80' lang='grc' dir='ltr'>πνευμάτων</span> <span class='ocrx_word' id='word_1_311' title='bbox 883 2558 1249 2630; x_wconf 82' lang='grc' dir='ltr'>πεπαυμένων</span> <span class='ocrx_word' id='word_1_312' title='bbox 1266 2599 1283 2617; x_wconf 89' lang='grc'><strong>.</strong></span> <span class='ocrx_word' id='word_1_313' title='bbox 1339 2553 1435 2609; x_wconf 75' lang='grc' dir='ltr'>καὶ</span> <span class='ocrx_word' id='word_1_314' title='bbox 1476 2549 1743 2625; x_wconf 87' lang='grc' dir='ltr'>χειμῶνος</span> 
     </span>
     <span class='ocr_line' id='line_1_41' title="bbox 167 2644 1745 2725; baseline -0.009 -15"><span class='ocrx_word' id='word_1_315' title='bbox 167 2657 372 2722; x_wconf 84' lang='grc' dir='ltr'>κακῶν,</span> <span class='ocrx_word' id='word_1_316' title='bbox 401 2655 604 2710; x_wconf 83' lang='grc' dir='ltr'>καινῶν</span> <span class='ocrx_word' id='word_1_317' title='bbox 637 2652 866 2725; x_wconf 84' lang='grc' dir='ltr'>καρπῶν</span> <span class='ocrx_word' id='word_1_318' title='bbox 908 2649 1138 2722; x_wconf 80' lang='grc' dir='ltr'>εὐφορία</span> <span class='ocrx_word' id='word_1_319' title='bbox 1157 2647 1433 2720; x_wconf 85' lang='grc' dir='ltr'>διαφόροις</span> <span class='ocrx_word' id='word_1_320' title='bbox 1472 2644 1745 2718; x_wconf 87' lang='grc' dir='ltr'>χαρίσμα-</span> 
     </span>
     <span class='ocr_line' id='line_1_42' title="bbox 168 2737 1747 2817; baseline -0.008 -14"><span class='ocrx_word' id='word_1_321' title='bbox 168 2765 251 2803; x_wconf 88' lang='grc' dir='ltr'>σιν</span> <span class='ocrx_word' id='word_1_322' title='bbox 280 2748 436 2817; x_wconf 82' lang='grc' dir='ltr'>ἁγίου</span> <span class='ocrx_word' id='word_1_323' title='bbox 453 2746 771 2817; x_wconf 87' lang='grc' dir='ltr'>Πνεύματος</span> <span class='ocrx_word' id='word_1_324' title='bbox 792 2743 891 2817; x_wconf 78' lang='grc' dir='ltr'>την</span> <span class='ocrx_word' id='word_1_325' title='bbox 941 2742 1267 2813; x_wconf 82' lang='grc' dir='ltr'>Ἐκκλησίαν</span> <span class='ocrx_word' id='word_1_326' title='bbox 1306 2738 1403 2794; x_wconf 86' lang='grc' dir='ltr'>τοῦ</span> <span class='ocrx_word' id='word_1_327' title='bbox 1434 2737 1571 2793; x_wconf 85' lang='grc' dir='ltr'>Θεοῦ</span> <span class='ocrx_word' id='word_1_328' title='bbox 1624 2753 1747 2791; x_wconf 86' lang='grc' dir='ltr'>στε-</span> 
     </span>
     <span class='ocr_line' id='line_1_43' title="bbox 164 2829 1745 2913; baseline -0.011 -15"><span class='ocrx_word' id='word_1_329' title='bbox 164 2840 351 2913; x_wconf 80' lang='grc' dir='ltr'>φανοῖ·</span> <span class='ocrx_word' id='word_1_330' title='bbox 380 2840 475 2894; x_wconf 76' lang='grc' dir='ltr'>καὶ</span> <span class='ocrx_word' id='word_1_331' title='bbox 503 2836 690 2902; x_wconf 80' lang='grc' dir='ltr'>ἁπλῶς</span> <span class='ocrx_word' id='word_1_332' title='bbox 721 2837 830 2891; x_wconf 75' lang='grc' dir='ltr'>πᾶν</span> <span class='ocrx_word' id='word_1_333' title='bbox 857 2835 1012 2905; x_wconf 77' lang='grc' dir='ltr'>γένος</span> <span class='ocrx_word' id='word_1_334' title='bbox 1038 2832 1346 2905; x_wconf 75' lang='grc' dir='ltr'>ἀνθρώπιον</span> <span class='ocrx_word' id='word_1_335' title='bbox 1392 2829 1485 2883; x_wconf 81' lang='grc' dir='ltr'>ἑπὶ</span> <span class='ocrx_word' id='word_1_336' title='bbox 1510 2830 1573 2884; x_wconf 75' lang='grc' dir='ltr'>τὸ</span> <span class='ocrx_word' id='word_1_337' title='bbox 1603 2830 1745 2902; x_wconf 77' lang='grc' dir='ltr'>ἠμέ-</span> 
     </span>
     <span class='ocr_line' id='line_1_44' title="bbox 162 2921 1750 3004; baseline -0.007 -19"><span class='ocrx_word' id='word_1_338' title='bbox 162 2947 319 3004; x_wconf 83' lang='grc' dir='ltr'>τερον</span> <span class='ocrx_word' id='word_1_339' title='bbox 345 2929 741 3001; x_wconf 76' lang='grc' dir='ltr'>μεταόἐόληται</span> <span class='ocrx_word' id='word_1_340' title='bbox 760 2943 775 2957; x_wconf 90' lang='grc'><em>·</em></span> <span class='ocrx_word' id='word_1_341' title='bbox 805 2925 980 2999; x_wconf 85' lang='grc' dir='ltr'>χῶραι</span> <span class='ocrx_word' id='word_1_342' title='bbox 1005 2925 1062 2979; x_wconf 85' lang='grc' dir='ltr'>δὲ</span> <span class='ocrx_word' id='word_1_343' title='bbox 1085 2927 1281 2986; x_wconf 71' lang='grc' dir='ltr'>πᾶσαι,</span> <span class='ocrx_word' id='word_1_344' title='bbox 1305 2922 1441 2994; x_wconf 79' lang='grc' dir='ltr'>πρὸς</span> <span class='ocrx_word' id='word_1_345' title='bbox 1461 2921 1556 2976; x_wconf 89' lang='grc' dir='ltr'>τοῦ</span> <span class='ocrx_word' id='word_1_346' title='bbox 1574 2938 1750 2993; x_wconf 89' lang='grc' dir='ltr'>γεωρ-</span> 
     </span>
     <span class='ocr_line' id='line_1_45' title="bbox 162 3013 1749 3096; baseline -0.008 -17"><span class='ocrx_word' id='word_1_347' title='bbox 162 3019 265 3096; x_wconf 88' lang='grc' dir='ltr'>γοῦ</span> <span class='ocrx_word' id='word_1_348' title='bbox 316 3022 486 3092; x_wconf 84' lang='grc' dir='ltr'>Λόγου</span> <span class='ocrx_word' id='word_1_349' title='bbox 528 3021 630 3093; x_wconf 84' lang='grc' dir='ltr'>τῆς</span> <span class='ocrx_word' id='word_1_350' title='bbox 658 3020 797 3074; x_wconf 76' lang='grc' dir='ltr'>κατὰ</span> <span class='ocrx_word' id='word_1_351' title='bbox 847 3018 1027 3090; x_wconf 80' lang='grc' dir='ltr'>ψυχὴν</span> <span class='ocrx_word' id='word_1_352' title='bbox 1077 3016 1352 3088; x_wconf 87' lang='grc' dir='ltr'>γεωργίας</span> <span class='ocrx_word' id='word_1_353' title='bbox 1373 3013 1652 3084; x_wconf 86' lang='grc' dir='ltr'>τυχοῦσαι,</span> <span class='ocrx_word' id='word_1_354' title='bbox 1680 3013 1749 3068; x_wconf 69' lang='grc' dir='ltr'>τὰ</span> 
     </span>
     <span class='ocr_line' id='line_1_46' title="bbox 162 3106 1749 3190; baseline -0.007 -20"><span class='ocrx_word' id='word_1_355' title='bbox 162 3117 341 3190; x_wconf 77' lang='grc' dir='ltr'>ὡραῖα</span> <span class='ocrx_word' id='word_1_356' title='bbox 377 3115 476 3187; x_wconf 81' lang='grc' dir='ltr'>τῆς</span> <span class='ocrx_word' id='word_1_357' title='bbox 518 3112 721 3185; x_wconf 80' lang='grc' dir='ltr'>ἀρετῆς</span> <span class='ocrx_word' id='word_1_358' title='bbox 760 3110 896 3182; x_wconf 77' lang='grc' dir='ltr'>ἄνθη</span> <span class='ocrx_word' id='word_1_359' title='bbox 928 3109 1361 3182; x_wconf 77' lang='grc' dir='ltr'>βεόλαστήκασιν</span> <span class='ocrx_word' id='word_1_360' title='bbox 1386 3124 1400 3139; x_wconf 92' lang='grc'><em>·</em></span> <span class='ocrx_word' id='word_1_361' title='bbox 1457 3106 1595 3161; x_wconf 78' lang='grc' dir='ltr'>ἀλλὰ</span> <span class='ocrx_word' id='word_1_362' title='bbox 1653 3106 1749 3160; x_wconf 72' lang='grc' dir='ltr'>καὶ</span> 
     </span>
    </p>
   </div>
   <div class='ocr_carea' id='block_1_13' title="bbox 1838 1922 3437 3192">
    <p class='ocr_par' dir='ltr' id='par_1_13' title="bbox 1838 1922 3437 3192">
     <span class='ocr_line' id='line_1_47' title="bbox 1838 1922 3430 1994; baseline 0 -16"><span class='ocrx_word' id='word_1_363' title='bbox 1838 1922 1980 1988; x_wconf 84' lang='lat' dir='ltr'>ovis,</span> <span class='ocrx_word' id='word_1_364' title='bbox 2038 1922 2155 1985; x_wconf 89' lang='lat' dir='ltr'>ipse</span> <span class='ocrx_word' id='word_1_365' title='bbox 2206 1931 2346 1985; x_wconf 86' lang='lat' dir='ltr'>erat,</span> <span class='ocrx_word' id='word_1_366' title='bbox 2391 1929 2661 1990; x_wconf 84' lang='lat' dir='ltr'>qnatenus</span> <span class='ocrx_word' id='word_1_367' title='bbox 2724 1934 2925 1992; x_wconf 86' lang='lat' dir='ltr'>corpus</span> <span class='ocrx_word' id='word_1_368' title='bbox 2985 1922 3430 1994; x_wconf 85' lang='lat' dir='ltr'>circumpositum</span> 
     </span>
     <span class='ocr_line' id='line_1_48' title="bbox 1841 2011 3434 2083; baseline 0.001 -14"><span class='ocrx_word' id='word_1_369' title='bbox 1841 2013 2099 2069; x_wconf 77' lang='lat' dir='ltr'>habebat.</span> <span class='ocrx_word' id='word_1_370' title='bbox 2129 2012 2251 2083; x_wconf 90' lang='lat' dir='ltr'>lpse</span> <span class='ocrx_word' id='word_1_371' title='bbox 2283 2011 2450 2067; x_wconf 84' lang='lat' dir='ltr'>etiam</span> <span class='ocrx_word' id='word_1_372' title='bbox 2476 2012 2558 2066; x_wconf 89' lang='lat' dir='ltr'>sol</span> <span class='ocrx_word' id='word_1_373' title='bbox 2579 2011 2805 2079; x_wconf 64' lang='lat' dir='ltr'>justitiae</span> <span class='ocrx_word' id='word_1_374' title='bbox 2829 2053 2847 2078; x_wconf 91' lang='lat'>,</span> <span class='ocrx_word' id='word_1_375' title='bbox 2883 2027 3008 2068; x_wconf 91' lang='lat' dir='ltr'>cum</span> <span class='ocrx_word' id='word_1_376' title='bbox 3038 2013 3151 2083; x_wconf 79' lang='lat' dir='ltr'>lam</span> <span class='ocrx_word' id='word_1_377' title='bbox 3180 2029 3276 2070; x_wconf 83' lang='lat' dir='ltr'>ver</span> <span class='ocrx_word' id='word_1_378' title='bbox 3297 2015 3434 2071; x_wconf 81' lang='lat' dir='ltr'>divi·</span> 
     </span>
     <span class='ocr_line' id='line_1_49' title="bbox 1843 2103 3432 2175; baseline 0.001 -14"><span class='ocrx_word' id='word_1_379' title='bbox 1843 2121 1929 2161; x_wconf 81' lang='lat' dir='ltr'>nae</span> <span class='ocrx_word' id='word_1_380' title='bbox 1956 2104 2321 2175; x_wconf 79' lang='lat' dir='ltr'>salutarisque</span> <span class='ocrx_word' id='word_1_381' title='bbox 2352 2103 2735 2159; x_wconf 83' lang='lat' dir='ltr'>conversionis</span> <span class='ocrx_word' id='word_1_382' title='bbox 2762 2118 2792 2157; x_wconf 88' lang='lat' dir='ltr'>a</span> <span class='ocrx_word' id='word_1_383' title='bbox 2830 2105 3195 2163; x_wconf 86' lang='lat' dir='ltr'>deterioribus</span> <span class='ocrx_word' id='word_1_384' title='bbox 3231 2106 3288 2162; x_wconf 92' lang='lat' dir='ltr'>ln</span> <span class='ocrx_word' id='word_1_385' title='bbox 3312 2121 3432 2163; x_wconf 88' lang='lat' dir='ltr'>me-</span> 
     </span>
     <span class='ocr_line' id='line_1_50' title="bbox 1843 2191 3434 2270; baseline 0.001 -17"><span class='ocrx_word' id='word_1_386' title='bbox 1843 2198 2004 2262; x_wconf 87' lang='lat' dir='ltr'>liora,</span> <span class='ocrx_word' id='word_1_387' title='bbox 2040 2196 2325 2252; x_wconf 90' lang='lat' dir='ltr'>bominum</span> <span class='ocrx_word' id='word_1_388' title='bbox 2370 2191 2616 2249; x_wconf 88' lang='lat' dir='ltr'>moribus</span> <span class='ocrx_word' id='word_1_389' title='bbox 2657 2195 2996 2264; x_wconf 81' lang='lat' dir='ltr'>supervenit.</span> <span class='ocrx_word' id='word_1_390' title='bbox 3056 2193 3434 2270; x_wconf 68' lang='lat' dir='ltr'>AEgypuomm</span> 
     </span>
     <span class='ocr_line' id='line_1_51' title="bbox 1842 2285 3430 2360; baseline 0.001 -17"><span class='ocrx_word' id='word_1_391' title='bbox 1842 2289 2033 2359; x_wconf 86' lang='lat' dir='ltr'>ntique</span> <span class='ocrx_word' id='word_1_392' title='bbox 2071 2287 2412 2343; x_wconf 82' lang='lat' dir='ltr'>daemonibus</span> <span class='ocrx_word' id='word_1_393' title='bbox 2468 2298 2616 2340; x_wconf 90' lang='lat' dir='ltr'>nunc</span> <span class='ocrx_word' id='word_1_394' title='bbox 2646 2285 2813 2339; x_wconf 86' lang='lat' dir='ltr'>etiam</span> <span class='ocrx_word' id='word_1_395' title='bbox 2854 2285 3028 2360; x_wconf 65' lang='lat' dir='ltr'>plage</span> <span class='ocrx_word' id='word_1_396' title='bbox 3053 2285 3430 2360; x_wconf 84' lang='lat' dir='ltr'>imponuntur,</span> 
     </span>
     <span class='ocr_line' id='line_1_52' title="bbox 1844 2377 3434 2452; baseline 0.003 -18"><span class='ocrx_word' id='word_1_397' title='bbox 1844 2382 2029 2452; x_wconf 79' lang='lat' dir='ltr'>populi</span> <span class='ocrx_word' id='word_1_398' title='bbox 2055 2381 2257 2451; x_wconf 86' lang='lat' dir='ltr'>ubique</span> <span class='ocrx_word' id='word_1_399' title='bbox 2289 2387 2561 2434; x_wconf 87' lang='lat' dir='ltr'>terrarum</span> <span class='ocrx_word' id='word_1_400' title='bbox 2598 2377 2901 2434; x_wconf 84' lang='lat' dir='ltr'>incolentes</span> <span class='ocrx_word' id='word_1_401' title='bbox 2928 2378 3242 2438; x_wconf 78' lang='lat' dir='ltr'>libertatem</span> <span class='ocrx_word' id='word_1_402' title='bbox 3279 2395 3434 2439; x_wconf 81' lang='lat' dir='ltr'>suant</span> 
     </span>
     <span class='ocr_line' id='line_1_53' title="bbox 1844 2468 3437 2540; baseline 0.004 -12"><span class='ocrx_word' id='word_1_403' title='bbox 1844 2489 1875 2528; x_wconf 85' lang='lat' dir='ltr'>a</span> <span class='ocrx_word' id='word_1_404' title='bbox 1927 2471 2253 2529; x_wconf 78' lang='lat' dir='ltr'>multiformi</span> <span class='ocrx_word' id='word_1_405' title='bbox 2310 2468 2733 2540; x_wconf 76' lang='lat' dir='ltr'>irreligiositatis</span> <span class='ocrx_word' id='word_1_406' title='bbox 2764 2483 2956 2526; x_wconf 85' lang='lat' dir='ltr'>errore</span> <span class='ocrx_word' id='word_1_407' title='bbox 3003 2471 3254 2530; x_wconf 75' lang='lat' dir='ltr'>hilariter</span> <span class='ocrx_word' id='word_1_408' title='bbox 3292 2473 3437 2534; x_wconf 73' lang='lat' dir='ltr'>celo-</span> 
     </span>
     <span class='ocr_line' id='line_1_54' title="bbox 1844 2559 3432 2636; baseline 0.003 -15"><span class='ocrx_word' id='word_1_409' title='bbox 1844 2567 2026 2621; x_wconf 83' lang='lat' dir='ltr'>l›rant.</span> <span class='ocrx_word' id='word_1_410' title='bbox 2098 2564 2438 2633; x_wconf 82' lang='lat' dir='ltr'>Compressis</span> <span class='ocrx_word' id='word_1_411' title='bbox 2481 2575 2611 2632; x_wconf 85' lang='lat' dir='ltr'>ergo</span> <span class='ocrx_word' id='word_1_412' title='bbox 2664 2559 3051 2632; x_wconf 83' lang='lat' dir='ltr'>deceptoribus</span> <span class='ocrx_word' id='word_1_413' title='bbox 3111 2563 3432 2636; x_wconf 83' lang='lat' dir='ltr'>populorum</span> 
     </span>
     <span class='ocr_line' id='line_1_55' title="bbox 1845 2654 3432 2729; baseline 0.002 -16"><span class='ocrx_word' id='word_1_414' title='bbox 1845 2657 2132 2729; x_wconf 83' lang='lat' dir='ltr'>spiritibus</span> <span class='ocrx_word' id='word_1_415' title='bbox 2170 2668 2226 2711; x_wconf 88' lang='lat' dir='ltr'>et</span> <span class='ocrx_word' id='word_1_416' title='bbox 2272 2655 2539 2711; x_wconf 88' lang='lat' dir='ltr'>malorum</span> <span class='ocrx_word' id='word_1_417' title='bbox 2592 2654 2794 2718; x_wconf 84' lang='lat' dir='ltr'>bieme,</span> <span class='ocrx_word' id='word_1_418' title='bbox 2841 2669 3106 2712; x_wconf 77' lang='lat' dir='ltr'>novorum</span> <span class='ocrx_word' id='word_1_419' title='bbox 3153 2655 3432 2716; x_wconf 83' lang='lat' dir='ltr'>l&#39;ructnutn</span> 
     </span>
     <span class='ocr_line' id='line_1_56' title="bbox 1848 2745 3432 2819; baseline 0.004 -17"><span class='ocrx_word' id='word_1_420' title='bbox 1848 2751 2066 2805; x_wconf 82' lang='lat' dir='ltr'>ubertas</span> <span class='ocrx_word' id='word_1_421' title='bbox 2087 2747 2254 2803; x_wconf 81' lang='lat' dir='ltr'>variis</span> <span class='ocrx_word' id='word_1_422' title='bbox 2296 2747 2470 2803; x_wconf 84' lang='lat' dir='ltr'>sancti</span> <span class='ocrx_word' id='word_1_423' title='bbox 2518 2746 2760 2819; x_wconf 82' lang='lat' dir='ltr'>Spiritus</span> <span class='ocrx_word' id='word_1_424' title='bbox 2799 2746 2960 2804; x_wconf 84' lang='lat' dir='ltr'>donis</span> <span class='ocrx_word' id='word_1_425' title='bbox 2994 2746 3091 2806; x_wconf 84' lang='lat' dir='ltr'>Dei</span> <span class='ocrx_word' id='word_1_426' title='bbox 3129 2745 3432 2808; x_wconf 74' lang='lat' dir='ltr'>Ecclesiam</span> 
     </span>
     <span class='ocr_line' id='line_1_57' title="bbox 1848 2838 3432 2911; baseline 0.002 -15"><span class='ocrx_word' id='word_1_427' title='bbox 1848 2849 2118 2908; x_wconf 75' lang='lat' dir='ltr'>exornat3</span> <span class='ocrx_word' id='word_1_428' title='bbox 2175 2850 2339 2911; x_wconf 88' lang='lat' dir='ltr'>atque</span> <span class='ocrx_word' id='word_1_429' title='bbox 2391 2847 2454 2895; x_wconf 90' lang='lat' dir='ltr'>ut</span> <span class='ocrx_word' id='word_1_430' title='bbox 2505 2839 2820 2896; x_wconf 78' lang='lat' dir='ltr'>summatim</span> <span class='ocrx_word' id='word_1_431' title='bbox 2868 2838 3073 2908; x_wconf 83' lang='lat' dir='ltr'>(licam,</span> <span class='ocrx_word' id='word_1_432' title='bbox 3117 2839 3432 2901; x_wconf 72' lang='lat' dir='ltr'>universum</span> 
     </span>
     <span class='ocr_line' id='line_1_58' title="bbox 1851 2931 3431 3003; baseline 0.001 -13"><span class='ocrx_word' id='word_1_433' title='bbox 1851 2934 2135 2990; x_wconf 80' lang='lat' dir='ltr'>hominnm</span> <span class='ocrx_word' id='word_1_434' title='bbox 2185 2948 2355 3003; x_wconf 82' lang='lat' dir='ltr'>genus</span> <span class='ocrx_word' id='word_1_435' title='bbox 2408 2931 2478 2988; x_wconf 82' lang='lat' dir='ltr'>ad</span> <span class='ocrx_word' id='word_1_436' title='bbox 2539 2939 2727 3003; x_wconf 86' lang='lat' dir='ltr'>partes</span> <span class='ocrx_word' id='word_1_437' title='bbox 2799 2939 3020 2990; x_wconf 86' lang='lat' dir='ltr'>nostras</span> <span class='ocrx_word' id='word_1_438' title='bbox 3097 2932 3431 2998; x_wconf 79' lang='lat' dir='ltr'>transilivit;</span> 
     </span>
     <span class='ocr_line' id='line_1_59' title="bbox 1852 3023 3432 3100; baseline 0 -16"><span class='ocrx_word' id='word_1_439' title='bbox 1852 3037 2063 3084; x_wconf 86' lang='lat' dir='ltr'>cunctae</span> <span class='ocrx_word' id='word_1_440' title='bbox 2093 3027 2346 3100; x_wconf 85' lang='lat' dir='ltr'>regiones</span> <span class='ocrx_word' id='word_1_441' title='bbox 2368 3039 2401 3082; x_wconf 89' lang='lat' dir='ltr'>a</span> <span class='ocrx_word' id='word_1_442' title='bbox 2434 3024 2618 3082; x_wconf 75' lang='lat' dir='ltr'>Verbo</span> <span class='ocrx_word' id='word_1_443' title='bbox 2643 3023 2882 3097; x_wconf 85' lang='lat' dir='ltr'>agricola</span> <span class='ocrx_word' id='word_1_444' title='bbox 2927 3025 3123 3082; x_wconf 69' lang='lat' dir='ltr'>anima</span> <span class='ocrx_word' id='word_1_445' title='bbox 3165 3025 3432 3084; x_wconf 82' lang='lat' dir='ltr'>culturam</span> 
     </span>
     <span class='ocr_line' id='line_1_60' title="bbox 1854 3117 3435 3192; baseline -0.001 -14"><span class='ocrx_word' id='word_1_446' title='bbox 1854 3131 2114 3192; x_wconf 68' lang='lat' dir='ltr'>expertae,</span> <span class='ocrx_word' id='word_1_447' title='bbox 2138 3119 2400 3192; x_wconf 78' lang='lat' dir='ltr'>pulcbrns</span> <span class='ocrx_word' id='word_1_448' title='bbox 2420 3119 2642 3177; x_wconf 77' lang='lat' dir='ltr'>virtutis</span> <span class='ocrx_word' id='word_1_449' title='bbox 2663 3117 2828 3175; x_wconf 80' lang='lat' dir='ltr'>nores</span> <span class='ocrx_word' id='word_1_450' title='bbox 2851 3117 3226 3190; x_wconf 73' lang='lat' dir='ltr'>germinarunt</span> <span class='ocrx_word' id='word_1_451' title='bbox 3257 3135 3276 3177; x_wconf 74' lang='grc' dir='ltr'>ε</span> <span class='ocrx_word' id='word_1_452' title='bbox 3308 3134 3435 3176; x_wconf 86' lang='lat' dir='ltr'>nos·</span> 
     </span>
    </p>
   </div>
   <div class='ocr_carea' id='block_1_14' title="bbox 165 3188 3434 3286">
    <p class='ocr_par' dir='ltr' id='par_1_14' title="bbox 165 3188 3434 3286">
     <span class='ocr_line' id='line_1_61' title="bbox 165 3188 3434 3286; baseline 0 -17"><span class='ocrx_word' id='word_1_453' title='bbox 165 3210 276 3264; x_wconf 83' lang='grc' dir='ltr'>τῶν</span> <span class='ocrx_word' id='word_1_454' title='bbox 298 3207 394 3262; x_wconf 82' lang='grc' dir='ltr'>τοῦ</span> <span class='ocrx_word' id='word_1_455' title='bbox 439 3207 664 3270; x_wconf 60' lang='grc' dir='ltr'>σκότους</span> <span class='ocrx_word' id='word_1_456' title='bbox 698 3203 887 3259; x_wconf 65' lang='grc' dir='ltr'>κακῶν</span> <span class='ocrx_word' id='word_1_457' title='bbox 933 3201 1393 3273; x_wconf 64' lang='grc' dir='ltr'>ἢλευθερωμίνθῑ,</span> <span class='ocrx_word' id='word_1_458' title='bbox 1455 3198 1632 3270; x_wconf 62' lang='grc' dir='ltr'>φωτὸς</span> <span class='ocrx_word' id='word_1_459' title='bbox 1683 3199 1743 3253; x_wconf 68' lang='lat' dir='ltr'>tv</span> <span class='ocrx_word' id='word_1_460' title='bbox 1770 3188 1813 3245; x_wconf 74' lang='lat' dir='ltr'>C</span> <span class='ocrx_word' id='word_1_461' title='bbox 1845 3197 1955 3286; x_wconf 79' lang='lat' dir='ltr'>qne</span> <span class='ocrx_word' id='word_1_462' title='bbox 2001 3211 2242 3270; x_wconf 89' lang='lat' dir='ltr'>tenebris</span> <span class='ocrx_word' id='word_1_463' title='bbox 2298 3213 2567 3269; x_wconf 86' lang='lat' dir='ltr'>malornm</span> <span class='ocrx_word' id='word_1_464' title='bbox 2627 3210 2836 3282; x_wconf 79' lang='lat' dir='ltr'>erepti,</span> <span class='ocrx_word' id='word_1_465' title='bbox 2894 3210 3016 3269; x_wconf 86' lang='lat' dir='ltr'>luce</span> <span class='ocrx_word' id='word_1_466' title='bbox 3065 3210 3212 3284; x_wconf 85' lang='lat' dir='ltr'>digni</span> <span class='ocrx_word' id='word_1_467' title='bbox 3261 3212 3434 3272; x_wconf 86' lang='lat' dir='ltr'>babiti</span> 
     </span>
    </p>
   </div>
   <div class='ocr_carea' id='block_1_15' title="bbox 168 3295 1761 4482">
    <p class='ocr_par' dir='ltr' id='par_1_15' title="bbox 168 3295 1263 3375">
     <span class='ocr_line' id='line_1_62' title="bbox 168 3295 1263 3375; baseline -0.006 -20"><span class='ocrx_word' id='word_1_468' title='bbox 168 3302 351 3375; x_wconf 72' lang='grc' dir='ltr'>ἡμέρᾳ</span> <span class='ocrx_word' id='word_1_469' title='bbox 377 3298 511 3354; x_wconf 85' lang='grc' dir='ltr'>Θεοῦ</span> <span class='ocrx_word' id='word_1_470' title='bbox 534 3298 789 3370; x_wconf 81' lang='grc' dir='ltr'>γνώσεως</span> <span class='ocrx_word' id='word_1_471' title='bbox 824 3295 1263 3368; x_wconf 79' lang='grc' dir='ltr'>κατηξιώθημεν.</span> 
     </span>
    </p>

    <p class='ocr_par' dir='ltr' id='par_1_16' title="bbox 173 3379 1761 4482">
     <span class='ocr_line' id='line_1_63' title="bbox 248 3379 1748 3461; baseline -0.003 -14"><span class='ocrx_word' id='word_1_472' title='bbox 248 3394 311 3448; x_wconf 82' lang='grc' dir='ltr'>δ’.</span> <span class='ocrx_word' id='word_1_473' title='bbox 326 3390 562 3446; x_wconf 84' lang='grc' dir='ltr'>Τοιαῦτα</span> <span class='ocrx_word' id='word_1_474' title='bbox 589 3390 660 3445; x_wconf 80' lang='grc' dir='ltr'>τὰ</span> <span class='ocrx_word' id='word_1_475' title='bbox 675 3387 838 3444; x_wconf 80' lang='grc' dir='ltr'>καινὰ</span> <span class='ocrx_word' id='word_1_476' title='bbox 855 3386 1156 3461; x_wconf 78' lang='grc' dir='ltr'>μαθήματα</span> <span class='ocrx_word' id='word_1_477' title='bbox 1177 3383 1345 3441; x_wconf 78' lang='grc' dir='ltr'>πάλαι</span> <span class='ocrx_word' id='word_1_478' title='bbox 1363 3385 1464 3458; x_wconf 75' lang='grc' dir='ltr'>μὲν</span> <span class='ocrx_word' id='word_1_479' title='bbox 1486 3385 1576 3442; x_wconf 78' lang='grc' dir='ltr'>διὰ</span> <span class='ocrx_word' id='word_1_480' title='bbox 1602 3379 1748 3460; x_wconf 83' lang='grc' dir='ltr'>’συμ-</span> 
     </span>
     <span class='ocr_line' id='line_1_64' title="bbox 173 3477 1751 3554; baseline -0.004 -14"><span class='ocrx_word' id='word_1_481' title='bbox 173 3486 342 3541; x_wconf 83' lang='grc' dir='ltr'>6όλων</span> <span class='ocrx_word' id='word_1_482' title='bbox 384 3482 809 3554; x_wconf 77' lang='grc' dir='ltr'>ἑπεσκιασμένα,</span> <span class='ocrx_word' id='word_1_483' title='bbox 860 3479 1055 3535; x_wconf 75' lang='grc' dir='ltr'>νεωστὶ</span> <span class='ocrx_word' id='word_1_484' title='bbox 1103 3477 1161 3533; x_wconf 71' lang='grc' dir='ltr'>δὲ</span> <span class='ocrx_word' id='word_1_485' title='bbox 1188 3477 1272 3542; x_wconf 86' lang='grc' dir='ltr'>είς</span> <span class='ocrx_word' id='word_1_486' title='bbox 1302 3477 1419 3550; x_wconf 85' lang='grc' dir='ltr'>φῶς</span> <span class='ocrx_word' id='word_1_487' title='bbox 1478 3479 1751 3534; x_wconf 77' lang='grc' dir='ltr'>ἀνακεκα-</span> 
     </span>
     <span class='ocr_line' id='line_1_65' title="bbox 174 3568 1751 3649; baseline -0.004 -18"><span class='ocrx_word' id='word_1_488' title='bbox 174 3577 443 3649; x_wconf 77' lang='grc' dir='ltr'>λυμμὲνα.</span> <span class='ocrx_word' id='word_1_489' title='bbox 473 3577 584 3632; x_wconf 78' lang='grc' dir='ltr'>Καὶ</span> <span class='ocrx_word' id='word_1_490' title='bbox 609 3575 673 3649; x_wconf 76' lang='grc' dir='ltr'>δὴ</span> <span class='ocrx_word' id='word_1_491' title='bbox 702 3574 799 3630; x_wconf 77' lang='grc' dir='ltr'>καὶ</span> <span class='ocrx_word' id='word_1_492' title='bbox 823 3570 1069 3646; x_wconf 71' lang='grc' dir='ltr'>ἡμείςτὸ</span> <span class='ocrx_word' id='word_1_493' title='bbox 1102 3568 1397 3642; x_wconf 78' lang='grc' dir='ltr'>κεφάλαιον</span> <span class='ocrx_word' id='word_1_494' title='bbox 1431 3569 1536 3643; x_wconf 87' lang='grc' dir='ltr'>τῆς</span> <span class='ocrx_word' id='word_1_495' title='bbox 1557 3571 1751 3644; x_wconf 86' lang='grc' dir='ltr'>ἑορτῆς</span> 
     </span>
     <span class='ocr_line' id='line_1_66' title="bbox 176 3664 1754 3743; baseline -0.004 -17"><span class='ocrx_word' id='word_1_496' title='bbox 176 3671 390 3726; x_wconf 81' lang='grc' dir='ltr'>κύκλων</span> <span class='ocrx_word' id='word_1_497' title='bbox 422 3669 533 3743; x_wconf 77' lang='lat'><strong>(28)</strong></span> <span class='ocrx_word' id='word_1_498' title='bbox 565 3668 833 3743; x_wconf 79' lang='grc' dir='ltr'>περιόδοις</span> <span class='ocrx_word' id='word_1_499' title='bbox 852 3666 972 3722; x_wconf 87' lang='grc' dir='ltr'>καθ’</span> <span class='ocrx_word' id='word_1_500' title='bbox 988 3664 1754 3739; x_wconf 76' lang='grc' dir='ltr'>ἑκαστονὲτοςάναζωπυροῦ-</span> 
     </span>
     <span class='ocr_line' id='line_1_67' title="bbox 181 3758 1753 3835; baseline -0.003 -18"><span class='ocrx_word' id='word_1_501' title='bbox 181 3781 300 3832; x_wconf 79' lang='grc' dir='ltr'>μεν,</span> <span class='ocrx_word' id='word_1_502' title='bbox 319 3761 589 3835; x_wconf 71' lang='grc' dir='ltr'>προὲορτα</span> <span class='ocrx_word' id='word_1_503' title='bbox 627 3760 727 3834; x_wconf 66' lang='grc' dir='ltr'>μὲν</span> <span class='ocrx_word' id='word_1_504' title='bbox 759 3758 1219 3833; x_wconf 80' lang='grc' dir='ltr'>προπαρασκευῆς</span> <span class='ocrx_word' id='word_1_505' title='bbox 1237 3758 1401 3814; x_wconf 76' lang='grc' dir='ltr'>ἑνεκα</span> <span class='ocrx_word' id='word_1_506' title='bbox 1419 3758 1521 3831; x_wconf 77' lang='grc' dir='ltr'>τὴν</span> <span class='ocrx_word' id='word_1_507' title='bbox 1551 3774 1753 3812; x_wconf 86' lang='grc' dir='ltr'>τεσσα-</span> 
     </span>
     <span class='ocr_line' id='line_1_68' title="bbox 179 3848 1754 3931; baseline -0.004 -21"><span class='ocrx_word' id='word_1_508' title='bbox 179 3854 583 3931; x_wconf 82' lang='grc' dir='ltr'>ρακονθήμερον</span> <span class='ocrx_word' id='word_1_509' title='bbox 596 3853 826 3925; x_wconf 65' lang='grc' dir='ltr'>ἄσκησιν</span> <span class='ocrx_word' id='word_1_510' title='bbox 842 3852 1362 3925; x_wconf 76' lang='grc' dir='ltr'>τταραλαμὸάνοντες</span> <span class='ocrx_word' id='word_1_511' title='bbox 1377 3849 1522 3906; x_wconf 78' lang='grc' dir='ltr'>κατὰ</span> <span class='ocrx_word' id='word_1_512' title='bbox 1539 3849 1630 3905; x_wconf 77' lang='grc' dir='ltr'>τὸν</span> <span class='ocrx_word' id='word_1_513' title='bbox 1644 3848 1754 3904; x_wconf 90' lang='grc' dir='ltr'>τῶν</span> 
     </span>
     <span class='ocr_line' id='line_1_69' title="bbox 180 3941 1755 4019; baseline -0.005 -15"><span class='ocrx_word' id='word_1_514' title='bbox 180 3950 352 4019; x_wconf 79' lang='grc' dir='ltr'>ἁγίων</span> <span class='ocrx_word' id='word_1_515' title='bbox 383 3947 543 4019; x_wconf 81' lang='grc' dir='ltr'>ζῆλον</span> <span class='ocrx_word' id='word_1_516' title='bbox 572 3945 849 4009; x_wconf 79' lang='grc' dir='ltr'>Μωῦσὲως</span> <span class='ocrx_word' id='word_1_517' title='bbox 878 3943 972 3999; x_wconf 74' lang='grc' dir='ltr'>καὶ</span> <span class='ocrx_word' id='word_1_518' title='bbox 1010 3942 1212 4010; x_wconf 79' lang='grc' dir='ltr'>Ἠλίου,</span> <span class='ocrx_word' id='word_1_519' title='bbox 1242 3943 1341 4015; x_wconf 76' lang='grc' dir='ltr'>τὴν</span> <span class='ocrx_word' id='word_1_520' title='bbox 1359 3942 1417 3998; x_wconf 80' lang='grc' dir='ltr'>δὲ</span> <span class='ocrx_word' id='word_1_521' title='bbox 1444 3943 1637 4016; x_wconf 75' lang='grc' dir='ltr'>ἑορτὴν</span> <span class='ocrx_word' id='word_1_522' title='bbox 1657 3941 1755 3997; x_wconf 83' lang='grc' dir='ltr'>αύ-</span> 
     </span>
     <span class='ocr_line' id='line_1_70' title="bbox 180 4033 1755 4114; baseline -0.007 -17"><span class='ocrx_word' id='word_1_523' title='bbox 180 4044 278 4114; x_wconf 80' lang='grc' dir='ltr'>τὴν</span> <span class='ocrx_word' id='word_1_524' title='bbox 299 4044 379 4106; x_wconf 87' lang='grc' dir='ltr'>εἰς</span> <span class='ocrx_word' id='word_1_525' title='bbox 409 4040 639 4112; x_wconf 77' lang='grc' dir='ltr'>ἄληστον</span> <span class='ocrx_word' id='word_1_526' title='bbox 677 4036 849 4092; x_wconf 87' lang='grc' dir='ltr'>αἰῶνα</span> <span class='ocrx_word' id='word_1_527' title='bbox 877 4035 1278 4109; x_wconf 83' lang='grc' dir='ltr'>ἀνανεούμενοι.</span> <span class='ocrx_word' id='word_1_528' title='bbox 1307 4033 1420 4107; x_wconf 79' lang='grc' dir='ltr'>Τὴν</span> <span class='ocrx_word' id='word_1_529' title='bbox 1453 4033 1584 4105; x_wconf 89' lang='grc' dir='ltr'>γοῦν</span> <span class='ocrx_word' id='word_1_530' title='bbox 1617 4033 1755 4105; x_wconf 77' lang='grc' dir='ltr'>πρὸς</span> 
     </span>
     <span class='ocr_line' id='line_1_71' title="bbox 180 4121 1754 4204; baseline -0.006 -14"><span class='ocrx_word' id='word_1_531' title='bbox 180 4137 272 4190; x_wconf 75' lang='grc' dir='ltr'>τὸν</span> <span class='ocrx_word' id='word_1_532' title='bbox 324 4132 456 4187; x_wconf 76' lang='grc' dir='ltr'>Θεὸν</span> <span class='ocrx_word' id='word_1_533' title='bbox 489 4129 714 4204; x_wconf 84' lang='grc' dir='ltr'>πορείαν</span> <span class='ocrx_word' id='word_1_534' title='bbox 761 4126 1124 4199; x_wconf 82' lang='grc' dir='ltr'>στελλόμενοι,</span> <span class='ocrx_word' id='word_1_535' title='bbox 1171 4125 1273 4191; x_wconf 80' lang='grc' dir='ltr'>τὰς</span> <span class='ocrx_word' id='word_1_536' title='bbox 1324 4126 1424 4198; x_wconf 78' lang='grc' dir='ltr'>μὲν</span> <span class='ocrx_word' id='word_1_537' title='bbox 1464 4124 1636 4196; x_wconf 82' lang='grc' dir='ltr'>ὀσφῦς</span> <span class='ocrx_word' id='word_1_538' title='bbox 1691 4121 1754 4181; x_wconf 82' lang='grc' dir='ltr'>εὖ</span> 
     </span>
     <span class='ocr_line' id='line_1_72' title="bbox 186 4218 1758 4299; baseline -0.006 -18"><span class='ocrx_word' id='word_1_539' title='bbox 186 4227 331 4299; x_wconf 80' lang='grc' dir='ltr'>μάλα</span> <span class='ocrx_word' id='word_1_540' title='bbox 363 4223 549 4296; x_wconf 77' lang='grc' dir='ltr'>δεσμιῖ)</span> <span class='ocrx_word' id='word_1_541' title='bbox 608 4220 960 4294; x_wconf 85' lang='grc' dir='ltr'>σωφροσύνης</span> <span class='ocrx_word' id='word_1_542' title='bbox 1001 4218 1387 4293; x_wconf 85' lang='grc' dir='ltr'>περιδούμεθα,</span> <span class='ocrx_word' id='word_1_543' title='bbox 1438 4218 1511 4273; x_wconf 79' lang='grc' dir='ltr'>τὰ</span> <span class='ocrx_word' id='word_1_544' title='bbox 1552 4218 1609 4274; x_wconf 71' lang='lat' dir='ltr'>st</span> <span class='ocrx_word' id='word_1_545' title='bbox 1657 4219 1758 4291; x_wconf 88' lang='grc' dir='ltr'>τῆς</span> 
     </span>
     <span class='ocr_line' id='line_1_73' title="bbox 181 4309 1758 4389; baseline -0.004 -18"><span class='ocrx_word' id='word_1_546' title='bbox 181 4318 360 4389; x_wconf 75' lang='grc' dir='ltr'>ψυχῆς</span> <span class='ocrx_word' id='word_1_547' title='bbox 409 4315 714 4388; x_wconf 83' lang='grc' dir='ltr'>βαδίσματα</span> <span class='ocrx_word' id='word_1_548' title='bbox 747 4314 806 4368; x_wconf 89' lang='grc' dir='ltr'>ἑν</span> <span class='ocrx_word' id='word_1_549' title='bbox 836 4309 1106 4384; x_wconf 72' lang='grc' dir='ltr'>ἀσφαλείᾳ</span> <span class='ocrx_word' id='word_1_550' title='bbox 1151 4310 1533 4380; x_wconf 77' lang='grc' dir='ltr'>φυλάττοντες,</span> <span class='ocrx_word' id='word_1_551' title='bbox 1567 4309 1758 4384; x_wconf 81' lang='grc' dir='ltr'>ῶσπερ</span> 
     </span>
     <span class='ocr_line' id='line_1_74' title="bbox 185 4404 1761 4482; baseline -0.004 -17"><span class='ocrx_word' id='word_1_552' title='bbox 185 4414 244 4465; x_wconf 82' lang='grc' dir='ltr'>ἑν</span> <span class='ocrx_word' id='word_1_553' title='bbox 271 4409 577 4482; x_wconf 74' lang='grc' dir='ltr'>ὑποδήμασι</span> <span class='ocrx_word' id='word_1_554' title='bbox 627 4406 694 4481; x_wconf 79' lang='grc' dir='ltr'>δὴ</span> <span class='ocrx_word' id='word_1_555' title='bbox 737 4407 829 4461; x_wconf 82' lang='grc' dir='ltr'>τὸν</span> <span class='ocrx_word' id='word_1_556' title='bbox 859 4407 1059 4479; x_wconf 90' lang='grc' dir='ltr'>δρόμον</span> <span class='ocrx_word' id='word_1_557' title='bbox 1102 4405 1205 4476; x_wconf 87' lang='grc' dir='ltr'>τῆς</span> <span class='ocrx_word' id='word_1_558' title='bbox 1232 4404 1482 4477; x_wconf 76' lang='grc' dir='ltr'>οὐρανίου</span> <span class='ocrx_word' id='word_1_559' title='bbox 1514 4404 1761 4477; x_wconf 77' lang='grc' dir='ltr'>κλήσεως</span> 
     </span>
    </p>
   </div>
   <div class='ocr_carea' id='block_1_16' title="bbox 1851 3303 3433 3746">
    <p class='ocr_par' dir='ltr' id='par_1_17' title="bbox 1851 3303 3042 3377">
     <span class='ocr_line' id='line_1_75' title="bbox 1851 3303 3042 3377; baseline 0 -16"><span class='ocrx_word' id='word_1_560' title='bbox 1851 3305 2052 3362; x_wconf 80' lang='lat' dir='ltr'>luimus</span> <span class='ocrx_word' id='word_1_561' title='bbox 2071 3319 2177 3377; x_wconf 86' lang='lat' dir='ltr'>qna</span> <span class='ocrx_word' id='word_1_562' title='bbox 2211 3303 2301 3362; x_wconf 89' lang='lat' dir='ltr'>die</span> <span class='ocrx_word' id='word_1_563' title='bbox 2334 3303 2427 3360; x_wconf 84' lang='lat' dir='ltr'>Dei</span> <span class='ocrx_word' id='word_1_564' title='bbox 2459 3303 2712 3361; x_wconf 86' lang='lat' dir='ltr'>notitiam</span> <span class='ocrx_word' id='word_1_565' title='bbox 2743 3303 3042 3361; x_wconf 80' lang='lat' dir='ltr'>nausimus.</span> 
     </span>
    </p>

    <p class='ocr_par' dir='ltr' id='par_1_18' title="bbox 1851 3393 3433 3746">
     <span class='ocr_line' id='line_1_76' title="bbox 1920 3393 3433 3472; baseline 0 -20"><span class='ocrx_word' id='word_1_566' title='bbox 1920 3396 1974 3452; x_wconf 73' lang='lat' dir='ltr'>t.</span> <span class='ocrx_word' id='word_1_567' title='bbox 2006 3394 2130 3453; x_wconf 78' lang='lat' dir='ltr'>liaec</span> <span class='ocrx_word' id='word_1_568' title='bbox 2167 3404 2296 3452; x_wconf 85' lang='lat' dir='ltr'>snut</span> <span class='ocrx_word' id='word_1_569' title='bbox 2320 3409 2457 3453; x_wconf 83' lang='lat' dir='ltr'>nova</span> <span class='ocrx_word' id='word_1_570' title='bbox 2488 3395 2838 3465; x_wconf 86' lang='lat' dir='ltr'>documenta,</span> <span class='ocrx_word' id='word_1_571' title='bbox 2872 3394 3001 3451; x_wconf 87' lang='lat' dir='ltr'>olim</span> <span class='ocrx_word' id='word_1_572' title='bbox 3040 3393 3256 3466; x_wconf 88' lang='lat' dir='ltr'>quidem</span> <span class='ocrx_word' id='word_1_573' title='bbox 3288 3409 3433 3472; x_wconf 74' lang='lat' dir='ltr'>sym-</span> 
     </span>
     <span class='ocr_line' id='line_1_77' title="bbox 1851 3486 3431 3559; baseline 0.001 -14"><span class='ocrx_word' id='word_1_574' title='bbox 1851 3488 1990 3545; x_wconf 87' lang='lat' dir='ltr'>bolis</span> <span class='ocrx_word' id='word_1_575' title='bbox 2012 3488 2356 3552; x_wconf 85' lang='lat' dir='ltr'>obumbrata,</span> <span class='ocrx_word' id='word_1_576' title='bbox 2382 3501 2555 3559; x_wconf 88' lang='lat' dir='ltr'>nuper</span> <span class='ocrx_word' id='word_1_577' title='bbox 2582 3496 2762 3542; x_wconf 88' lang='lat' dir='ltr'>autem</span> <span class='ocrx_word' id='word_1_578' title='bbox 2791 3488 2843 3544; x_wconf 88' lang='lat' dir='ltr'>in</span> <span class='ocrx_word' id='word_1_579' title='bbox 2873 3486 3050 3544; x_wconf 88' lang='lat' dir='ltr'>iucem</span> <span class='ocrx_word' id='word_1_580' title='bbox 3085 3486 3431 3546; x_wconf 74' lang='lat' dir='ltr'>manifestam</span> 
     </span>
     <span class='ocr_line' id='line_1_78' title="bbox 1851 3577 3433 3651; baseline 0.003 -17"><span class='ocrx_word' id='word_1_581' title='bbox 1851 3579 2083 3651; x_wconf 86' lang='lat' dir='ltr'>prolata.</span> <span class='ocrx_word' id='word_1_582' title='bbox 2112 3579 2179 3636; x_wconf 83' lang='lat' dir='ltr'>Et</span> <span class='ocrx_word' id='word_1_583' title='bbox 2215 3580 2432 3649; x_wconf 81' lang='lat' dir='ltr'>quidem</span> <span class='ocrx_word' id='word_1_584' title='bbox 2471 3592 2575 3634; x_wconf 90' lang='lat' dir='ltr'>nos</span> <span class='ocrx_word' id='word_1_585' title='bbox 2595 3578 2757 3634; x_wconf 89' lang='lat' dir='ltr'>etiam</span> <span class='ocrx_word' id='word_1_586' title='bbox 2794 3579 3007 3635; x_wconf 88' lang='lat' dir='ltr'>initium</span> <span class='ocrx_word' id='word_1_587' title='bbox 3044 3577 3206 3650; x_wconf 76' lang='lat' dir='ltr'>liujus</span> <span class='ocrx_word' id='word_1_588' title='bbox 3239 3579 3433 3638; x_wconf 85' lang='lat' dir='ltr'>solem·</span> 
     </span>
     <span class='ocr_line' id='line_1_79' title="bbox 1855 3671 3431 3746; baseline 0 -16"><span class='ocrx_word' id='word_1_589' title='bbox 1855 3673 2040 3731; x_wconf 88' lang='lat' dir='ltr'>nitatis</span> <span class='ocrx_word' id='word_1_590' title='bbox 2089 3672 2363 3746; x_wconf 77' lang='lat' dir='ltr'>cyclorum</span> <span class='ocrx_word' id='word_1_591' title='bbox 2407 3672 2646 3746; x_wconf 82' lang='lat' dir='ltr'>periodis</span> <span class='ocrx_word' id='word_1_592' title='bbox 2683 3672 2908 3743; x_wconf 89' lang='lat' dir='ltr'>siugulis</span> <span class='ocrx_word' id='word_1_593' title='bbox 2956 3671 3116 3732; x_wconf 84' lang='lat' dir='ltr'>annis</span> <span class='ocrx_word' id='word_1_594' title='bbox 3156 3673 3431 3732; x_wconf 85' lang='lat' dir='ltr'>instanra-</span> 
     </span>
    </p>
   </div>
   <div class='ocr_carea' id='block_1_17' title="bbox 1856 3768 3433 4484">
    <p class='ocr_par' dir='ltr' id='par_1_19' title="bbox 1856 3768 3433 4484">
     <span class='ocr_line' id='line_1_80' title="bbox 1857 3768 3431 3841; baseline 0.001 -16"><span class='ocrx_word' id='word_1_595' title='bbox 1857 3784 2018 3835; x_wconf 87' lang='lat' dir='ltr'>mus;</span> <span class='ocrx_word' id='word_1_596' title='bbox 2053 3779 2178 3826; x_wconf 82' lang='lat' dir='ltr'>ante</span> <span class='ocrx_word' id='word_1_597' title='bbox 2225 3768 2424 3824; x_wconf 76' lang='lat' dir='ltr'>festum</span> <span class='ocrx_word' id='word_1_598' title='bbox 2476 3768 2716 3841; x_wconf 81' lang='lat' dir='ltr'>quidem,</span> <span class='ocrx_word' id='word_1_599' title='bbox 2768 3770 3178 3841; x_wconf 64' lang='lat' dir='ltr'>praeparationis</span> <span class='ocrx_word' id='word_1_600' title='bbox 3225 3785 3431 3839; x_wconf 80' lang='lat' dir='ltr'>eausa,</span> 
     </span>
     <span class='ocr_line' id='line_1_81' title="bbox 1857 3861 3431 3937; baseline 0.003 -21"><span class='ocrx_word' id='word_1_601' title='bbox 1857 3861 2323 3933; x_wconf 76' lang='lat' dir='ltr'>quadragesimale</span> <span class='ocrx_word' id='word_1_602' title='bbox 2341 3863 2664 3917; x_wconf 79' lang='lat' dir='ltr'>exercitium</span> <span class='ocrx_word' id='word_1_603' title='bbox 2682 3872 3278 3932; x_wconf 82' lang='lat' dir='ltr'>assumentes,sanctos</span> <span class='ocrx_word' id='word_1_604' title='bbox 3291 3862 3431 3937; x_wconf 67' lang='lat' dir='ltr'>Moy-</span> 
     </span>
     <span class='ocr_line' id='line_1_82' title="bbox 1856 3948 3431 4025; baseline 0.001 -17"><span class='ocrx_word' id='word_1_605' title='bbox 1856 3967 1971 4008; x_wconf 86' lang='lat' dir='ltr'>sem</span> <span class='ocrx_word' id='word_1_606' title='bbox 2004 3959 2060 4007; x_wconf 90' lang='lat' dir='ltr'>et</span> <span class='ocrx_word' id='word_1_607' title='bbox 2089 3948 2295 4007; x_wconf 86' lang='lat' dir='ltr'>ileliam</span> <span class='ocrx_word' id='word_1_608' title='bbox 2331 3950 2626 4018; x_wconf 87' lang='lat' dir='ltr'>imitantes,</span> <span class='ocrx_word' id='word_1_609' title='bbox 2656 3952 2829 4022; x_wconf 79' lang='lat' dir='ltr'>ipsum</span> <span class='ocrx_word' id='word_1_610' title='bbox 2860 3965 2988 4009; x_wconf 78' lang='lat' dir='ltr'>vero</span> <span class='ocrx_word' id='word_1_611' title='bbox 3008 3952 3205 4009; x_wconf 79' lang='lat' dir='ltr'>festum</span> <span class='ocrx_word' id='word_1_612' title='bbox 3221 3966 3322 4025; x_wconf 86' lang='lat' dir='ltr'>per</span> <span class='ocrx_word' id='word_1_613' title='bbox 3349 3951 3431 4010; x_wconf 89' lang='lat' dir='ltr'>in·</span> 
     </span>
     <span class='ocr_line' id='line_1_83' title="bbox 1857 4041 3430 4115; baseline -0.001 -15"><span class='ocrx_word' id='word_1_614' title='bbox 1857 4042 2118 4100; x_wconf 84' lang='lat' dir='ltr'>cessabile</span> <span class='ocrx_word' id='word_1_615' title='bbox 2148 4057 2321 4098; x_wconf 80' lang='lat' dir='ltr'>aevum</span> <span class='ocrx_word' id='word_1_616' title='bbox 2372 4052 2697 4115; x_wconf 88' lang='lat' dir='ltr'>repetentes.</span> <span class='ocrx_word' id='word_1_617' title='bbox 2753 4041 2893 4113; x_wconf 79' lang='lat' dir='ltr'>Ergo</span> <span class='ocrx_word' id='word_1_618' title='bbox 2929 4042 3126 4100; x_wconf 89' lang='lat' dir='ltr'>itinere</span> <span class='ocrx_word' id='word_1_619' title='bbox 3152 4044 3221 4101; x_wconf 89' lang='lat' dir='ltr'>ad</span> <span class='ocrx_word' id='word_1_620' title='bbox 3261 4041 3430 4100; x_wconf 83' lang='lat' dir='ltr'>Deum</span> 
     </span>
     <span class='ocr_line' id='line_1_84' title="bbox 1856 4136 3432 4210; baseline 0.002 -17"><span class='ocrx_word' id='word_1_621' title='bbox 1856 4146 2131 4209; x_wconf 83' lang='lat' dir='ltr'>suscepto,</span> <span class='ocrx_word' id='word_1_622' title='bbox 2163 4136 2380 4193; x_wconf 90' lang='lat' dir='ltr'>lumbos</span> <span class='ocrx_word' id='word_1_623' title='bbox 2421 4137 2664 4209; x_wconf 87' lang='lat' dir='ltr'>apprime</span> <span class='ocrx_word' id='word_1_624' title='bbox 2707 4137 3082 4207; x_wconf 71' lang='lat' dir='ltr'>temperantiae</span> <span class='ocrx_word' id='word_1_625' title='bbox 3129 4153 3263 4196; x_wconf 76' lang='lat' dir='ltr'>zona</span> <span class='ocrx_word' id='word_1_626' title='bbox 3295 4153 3432 4210; x_wconf 66' lang='grc' dir='ltr'>ιιι-ε·</span> 
     </span>
     <span class='ocr_line' id='line_1_85' title="bbox 1857 4229 3433 4301; baseline 0 -15"><span class='ocrx_word' id='word_1_627' title='bbox 1857 4229 2150 4301; x_wconf 86' lang='lat' dir='ltr'>cingimus,</span> <span class='ocrx_word' id='word_1_628' title='bbox 2195 4229 2391 4286; x_wconf 70' lang='lat' dir='ltr'>animae</span> <span class='ocrx_word' id='word_1_629' title='bbox 2436 4242 2567 4285; x_wconf 79' lang='lat' dir='ltr'>vero</span> <span class='ocrx_word' id='word_1_630' title='bbox 2626 4244 2848 4300; x_wconf 88' lang='lat' dir='ltr'>gressus</span> <span class='ocrx_word' id='word_1_631' title='bbox 2898 4237 3055 4286; x_wconf 84' lang='lat' dir='ltr'>caute</span> <span class='ocrx_word' id='word_1_632' title='bbox 3106 4231 3433 4298; x_wconf 83' lang='lat' dir='ltr'>munientes,</span> 
     </span>
     <span class='ocr_line' id='line_1_86' title="bbox 1861 4318 3433 4391; baseline -0.001 -14"><span class='ocrx_word' id='word_1_633' title='bbox 1861 4332 2121 4391; x_wconf 85' lang='lat' dir='ltr'>tanquam</span> <span class='ocrx_word' id='word_1_634' title='bbox 2149 4320 2373 4377; x_wconf 88' lang='lat' dir='ltr'>calceati</span> <span class='ocrx_word' id='word_1_635' title='bbox 2406 4318 2648 4377; x_wconf 79' lang='lat' dir='ltr'>coelestis</span> <span class='ocrx_word' id='word_1_636' title='bbox 2676 4319 2977 4377; x_wconf 87' lang='lat' dir='ltr'>vocationis</span> <span class='ocrx_word' id='word_1_637' title='bbox 3020 4334 3240 4377; x_wconf 88' lang='lat' dir='ltr'>cursum</span> <span class='ocrx_word' id='word_1_638' title='bbox 3283 4319 3433 4376; x_wconf 80' lang='lat' dir='ltr'>insti·</span> 
     </span>
     <span class='ocr_line' id='line_1_87' title="bbox 1863 4409 3432 4484; baseline -0.001 -16"><span class='ocrx_word' id='word_1_639' title='bbox 1863 4413 2069 4469; x_wconf 86' lang='lat' dir='ltr'>tuimus</span> <span class='ocrx_word' id='word_1_640' title='bbox 2097 4428 2112 4466; x_wconf 77' lang='lat' dir='ltr'>t</span> <span class='ocrx_word' id='word_1_641' title='bbox 2143 4414 2405 4484; x_wconf 80' lang='lat' dir='ltr'>virgaque</span> <span class='ocrx_word' id='word_1_642' title='bbox 2453 4409 2620 4467; x_wconf 79' lang='lat' dir='ltr'>divini</span> <span class='ocrx_word' id='word_1_643' title='bbox 2670 4411 2846 4478; x_wconf 81' lang='lat' dir='ltr'>verbi,</span> <span class='ocrx_word' id='word_1_644' title='bbox 2896 4426 3006 4467; x_wconf 89' lang='lat' dir='ltr'>non</span> <span class='ocrx_word' id='word_1_645' title='bbox 3060 4411 3178 4467; x_wconf 87' lang='lat' dir='ltr'>sine</span> <span class='ocrx_word' id='word_1_646' title='bbox 3215 4423 3432 4482; x_wconf 86' lang='lat' dir='ltr'>precum</span> 
     </span>
    </p>
   </div>
   <div class='ocr_carea' id='block_1_18' title="bbox 189 4494 3435 4589">
    <p class='ocr_par' dir='ltr' id='par_1_20' title="bbox 189 4494 3435 4589">
     <span class='ocr_line' id='line_1_88' title="bbox 189 4494 3435 4589; baseline 0 -29"><span class='ocrx_word' id='word_1_647' title='bbox 189 4502 696 4575; x_wconf 76' lang='grc' dir='ltr'>παρασκευάζομεν·</span> <span class='ocrx_word' id='word_1_648' title='bbox 728 4498 999 4572; x_wconf 73' lang='grc' dir='ltr'>βακτηρίᾳ</span> <span class='ocrx_word' id='word_1_649' title='bbox 1036 4497 1094 4552; x_wconf 69' lang='grc' dir='ltr'>δὲ</span> <span class='ocrx_word' id='word_1_650' title='bbox 1126 4495 1286 4567; x_wconf 74' lang='grc' dir='ltr'>λόγου</span> <span class='ocrx_word' id='word_1_651' title='bbox 1318 4494 1464 4551; x_wconf 75' lang='grc' dir='ltr'>θείου</span> <span class='ocrx_word' id='word_1_652' title='bbox 1495 4497 1554 4552; x_wconf 79' lang='grc' dir='ltr'>ὲν</span> <span class='ocrx_word' id='word_1_653' title='bbox 1584 4495 1762 4568; x_wconf 71' lang='grc' dir='ltr'>εὐχῶν</span> <span class='ocrx_word' id='word_1_654' title='bbox 1790 4529 1839 4589; x_wconf 69' lang='lat' dir='ltr'>u</span> <span class='ocrx_word' id='word_1_655' title='bbox 1863 4508 2086 4570; x_wconf 83' lang='lat' dir='ltr'>virtute,</span> <span class='ocrx_word' id='word_1_656' title='bbox 2130 4505 2199 4561; x_wconf 86' lang='lat' dir='ltr'>ad</span> <span class='ocrx_word' id='word_1_657' title='bbox 2247 4502 2583 4574; x_wconf 89' lang='lat' dir='ltr'>repellendos</span> <span class='ocrx_word' id='word_1_658' title='bbox 2622 4507 2808 4562; x_wconf 82' lang='lat' dir='ltr'>hostes</span> <span class='ocrx_word' id='word_1_659' title='bbox 2853 4513 3100 4570; x_wconf 86' lang='lat' dir='ltr'>utentes,</span> <span class='ocrx_word' id='word_1_660' title='bbox 3130 4518 3252 4560; x_wconf 88' lang='lat' dir='ltr'>cum</span> <span class='ocrx_word' id='word_1_661' title='bbox 3283 4504 3435 4560; x_wconf 88' lang='lat' dir='ltr'>omni</span> 
     </span>
    </p>
   </div>
   <div class='ocr_carea' id='block_1_19' title="bbox 185 4588 1764 5400">
    <p class='ocr_par' dir='ltr' id='par_1_21' title="bbox 185 4588 1764 5400">
     <span class='ocr_line' id='line_1_89' title="bbox 186 4588 1760 4667; baseline -0.006 -15"><span class='ocrx_word' id='word_1_662' title='bbox 186 4595 412 4667; x_wconf 83' lang='grc' dir='ltr'>δυνάμει</span> <span class='ocrx_word' id='word_1_663' title='bbox 457 4593 593 4667; x_wconf 75' lang='grc' dir='ltr'>πρὸς</span> <span class='ocrx_word' id='word_1_664' title='bbox 646 4594 858 4666; x_wconf 74' lang='grc' dir='ltr'>ἄμυναν</span> <span class='ocrx_word' id='word_1_665' title='bbox 899 4589 1109 4663; x_wconf 79' lang='grc' dir='ltr'>ἐχθρῶν</span> <span class='ocrx_word' id='word_1_666' title='bbox 1154 4588 1448 4662; x_wconf 83' lang='grc' dir='ltr'>χρώμενοι,</span> <span class='ocrx_word' id='word_1_667' title='bbox 1477 4589 1576 4645; x_wconf 77' lang='grc' dir='ltr'>σὺν</span> <span class='ocrx_word' id='word_1_668' title='bbox 1610 4588 1760 4664; x_wconf 81' lang='grc' dir='ltr'>πάσῃ</span> 
     </span>
     <span class='ocr_line' id='line_1_90' title="bbox 189 4682 1759 4762; baseline -0.003 -19"><span class='ocrx_word' id='word_1_669' title='bbox 189 4688 466 4762; x_wconf 76' lang='grc' dir='ltr'>προθυμίᾳ</span> <span class='ocrx_word' id='word_1_670' title='bbox 491 4686 834 4759; x_wconf 74' lang='grc' dir='ltr'>διαόαἰνομεν</span> <span class='ocrx_word' id='word_1_671' title='bbox 854 4686 953 4756; x_wconf 82' lang='grc' dir='ltr'>τὴν</span> <span class='ocrx_word' id='word_1_672' title='bbox 968 4686 1049 4749; x_wconf 84' lang='grc' dir='ltr'>εἰς</span> <span class='ocrx_word' id='word_1_673' title='bbox 1063 4683 1326 4755; x_wconf 75' lang='grc' dir='ltr'>οὐρανοὺς</span> <span class='ocrx_word' id='word_1_674' title='bbox 1348 4682 1617 4757; x_wconf 69' lang='grc' dir='ltr'>φέρουσαν</span> <span class='ocrx_word' id='word_1_675' title='bbox 1641 4682 1759 4738; x_wconf 79' lang='grc' dir='ltr'>διά-</span> 
     </span>
     <span class='ocr_line' id='line_1_91' title="bbox 188 4773 1759 4847; baseline -0.003 -12"><span class='ocrx_word' id='word_1_676' title='bbox 188 4781 368 4844; x_wconf 85' lang='grc' dir='ltr'>6ασιν,</span> <span class='ocrx_word' id='word_1_677' title='bbox 399 4778 715 4842; x_wconf 78' lang='grc' dir='ltr'>σπεύδοντες</span> <span class='ocrx_word' id='word_1_678' title='bbox 740 4777 848 4832; x_wconf 76' lang='grc' dir='ltr'>ἀπὸ</span> <span class='ocrx_word' id='word_1_679' title='bbox 870 4775 980 4830; x_wconf 93' lang='grc' dir='ltr'>τῶν</span> <span class='ocrx_word' id='word_1_680' title='bbox 1010 4775 1137 4847; x_wconf 74' lang='grc' dir='ltr'>τῇδε</span> <span class='ocrx_word' id='word_1_681' title='bbox 1170 4774 1265 4829; x_wconf 61' lang='lat' dir='ltr'>tut</span> <span class='ocrx_word' id='word_1_682' title='bbox 1292 4774 1362 4828; x_wconf 85' lang='grc' dir='ltr'>τὰ</span> <span class='ocrx_word' id='word_1_683' title='bbox 1385 4773 1629 4846; x_wconf 82' lang='grc' dir='ltr'>οὐράνια,</span> <span class='ocrx_word' id='word_1_684' title='bbox 1664 4773 1759 4830; x_wconf 78' lang='grc' dir='ltr'>καὶ</span> 
     </span>
     <span class='ocr_line' id='line_1_92' title="bbox 185 4865 1761 4943; baseline -0.005 -15"><span class='ocrx_word' id='word_1_685' title='bbox 185 4872 296 4928; x_wconf 80' lang='grc' dir='ltr'>ἀπὸ</span> <span class='ocrx_word' id='word_1_686' title='bbox 314 4870 459 4943; x_wconf 82' lang='grc' dir='ltr'>ζωῆς</span> <span class='ocrx_word' id='word_1_687' title='bbox 485 4870 687 4943; x_wconf 89' lang='grc' dir='ltr'>θνητῆς</span> <span class='ocrx_word' id='word_1_688' title='bbox 709 4870 802 4923; x_wconf 75' lang='grc' dir='ltr'>ἐπὶ</span> <span class='ocrx_word' id='word_1_689' title='bbox 833 4867 932 4941; x_wconf 80' lang='grc' dir='ltr'>τὴν</span> <span class='ocrx_word' id='word_1_690' title='bbox 965 4866 1250 4923; x_wconf 80' lang='grc' dir='ltr'>ἀθάνατον·</span> <span class='ocrx_word' id='word_1_691' title='bbox 1280 4865 1425 4921; x_wconf 83' lang='grc' dir='ltr'>οῦτω</span> <span class='ocrx_word' id='word_1_692' title='bbox 1452 4866 1563 4939; x_wconf 85' lang='grc' dir='ltr'>γὰρ</span> <span class='ocrx_word' id='word_1_693' title='bbox 1589 4866 1761 4921; x_wconf 77' lang='grc' dir='ltr'>διαδέ-</span> 
     </span>
     <span class='ocr_line' id='line_1_93' title="bbox 189 4955 1763 5037; baseline -0.002 -19"><span class='ocrx_word' id='word_1_694' title='bbox 189 4963 337 5029; x_wconf 81' lang='grc' dir='ltr'>ξεται</span> <span class='ocrx_word' id='word_1_695' title='bbox 382 4964 529 5037; x_wconf 74' lang='grc' dir='ltr'>ἡμᾶς</span> <span class='ocrx_word' id='word_1_696' title='bbox 556 4962 803 5018; x_wconf 73' lang='grc' dir='ltr'>ἐντεῦθεν</span> <span class='ocrx_word' id='word_1_697' title='bbox 842 4961 912 5016; x_wconf 84' lang='grc' dir='ltr'>τὰ</span> <span class='ocrx_word' id='word_1_698' title='bbox 951 4960 1281 5032; x_wconf 78' lang='grc' dir='ltr'>διαδατήρια</span> <span class='ocrx_word' id='word_1_699' title='bbox 1324 4955 1385 5014; x_wconf 83' lang='grc' dir='ltr'>εῦ</span> <span class='ocrx_word' id='word_1_700' title='bbox 1441 4958 1536 5014; x_wconf 76' lang='grc' dir='ltr'>καὶ</span> <span class='ocrx_word' id='word_1_701' title='bbox 1582 4958 1763 5025; x_wconf 84' lang='grc' dir='ltr'>καλῶς</span> 
     </span>
     <span class='ocr_line' id='line_1_94' title="bbox 187 5052 1761 5128; baseline -0.002 -18"><span class='ocrx_word' id='word_1_702' title='bbox 187 5053 580 5127; x_wconf 74' lang='grc' dir='ltr'>διαδεδηκότας</span> <span class='ocrx_word' id='word_1_703' title='bbox 621 5055 754 5128; x_wconf 75' lang='grc' dir='ltr'>ἄλλη</span> <span class='ocrx_word' id='word_1_704' title='bbox 801 5071 886 5118; x_wconf 91' lang='grc' dir='ltr'>τις</span> <span class='ocrx_word' id='word_1_705' title='bbox 920 5053 1121 5126; x_wconf 88' lang='grc' dir='ltr'>μείζων</span> <span class='ocrx_word' id='word_1_706' title='bbox 1166 5054 1349 5127; x_wconf 80' lang='grc' dir='ltr'>ἑορτή·</span> <span class='ocrx_word' id='word_1_707' title='bbox 1384 5052 1761 5125; x_wconf 78' lang='grc' dir='ltr'>Πεντηκοστὴν</span> 
     </span>
     <span class='ocr_line' id='line_1_95' title="bbox 187 5143 1762 5221; baseline -0.003 -17"><span class='ocrx_word' id='word_1_708' title='bbox 187 5148 358 5218; x_wconf 78' lang='grc' dir='ltr'>αὐτὴν</span> <span class='ocrx_word' id='word_1_709' title='bbox 392 5146 620 5220; x_wconf 81' lang='grc' dir='ltr'>ἑπίκλην</span> <span class='ocrx_word' id='word_1_710' title='bbox 652 5146 917 5221; x_wconf 75' lang='grc' dir='ltr'>Ἐδραίων</span> <span class='ocrx_word' id='word_1_711' title='bbox 946 5145 1136 5211; x_wconf 78' lang='grc' dir='ltr'>παῖδες</span> <span class='ocrx_word' id='word_1_712' title='bbox 1177 5143 1552 5217; x_wconf 74' lang='grc' dir='ltr'>ὀνομάζουσιν,</span> <span class='ocrx_word' id='word_1_713' title='bbox 1579 5144 1762 5199; x_wconf 86' lang='grc' dir='ltr'>εἰκόνα</span> 
     </span>
     <span class='ocr_line' id='line_1_96' title="bbox 196 5235 1764 5311; baseline -0.004 -12"><span class='ocrx_word' id='word_1_714' title='bbox 196 5239 470 5301; x_wconf 69' lang='grc' dir='ltr'>Φέρουσαν</span> <span class='ocrx_word' id='word_1_715' title='bbox 511 5238 611 5310; x_wconf 90' lang='grc' dir='ltr'>τῆς</span> <span class='ocrx_word' id='word_1_716' title='bbox 656 5239 764 5295; x_wconf 90' lang='grc' dir='ltr'>τῶν</span> <span class='ocrx_word' id='word_1_717' title='bbox 807 5237 1054 5311; x_wconf 79' lang='grc' dir='ltr'>οὐρανῶν</span> <span class='ocrx_word' id='word_1_718' title='bbox 1105 5235 1396 5308; x_wconf 84' lang='grc' dir='ltr'>βασιλείας.</span> <span class='ocrx_word' id='word_1_719' title='bbox 1429 5236 1593 5307; x_wconf 70' lang='grc' dir='ltr'>Λέγει</span> <span class='ocrx_word' id='word_1_720' title='bbox 1634 5235 1764 5309; x_wconf 89' lang='grc' dir='ltr'>γοῦν</span> 
     </span>
     <span class='ocr_line' id='line_1_97' title="bbox 266 5336 722 5400; baseline 0.009 -9"><span class='ocrx_word' id='word_1_721' title='bbox 266 5336 315 5368; x_wconf 71' lang='grc'><em>“</em></span> <span class='ocrx_word' id='word_1_722' title='bbox 341 5336 501 5391; x_wconf 81' lang='lat' dir='ltr'>Dent.</span> <span class='ocrx_word' id='word_1_723' title='bbox 526 5350 639 5400; x_wconf 77' lang='lat' dir='ltr'>xvi,</span> <span class='ocrx_word' id='word_1_724' title='bbox 663 5337 722 5395; x_wconf 85' lang='grc'>9.</span> 
     </span>
    </p>
   </div>
   <div class='ocr_carea' id='block_1_20' title="bbox 189 5424 1767 5858">
    <p class='ocr_par' dir='ltr' id='par_1_22' title="bbox 189 5424 1767 5858">
     <span class='ocr_line' id='line_1_98' title="bbox 261 5424 1765 5498; baseline 0 -16"><span class='ocrx_word' id='word_1_725' title='bbox 261 5425 400 5498; x_wconf 71' lang='lat'><strong>(26⁶)</strong></span> <span class='ocrx_word' id='word_1_726' title='bbox 421 5427 722 5496; x_wconf 77' lang='lat' dir='ltr'>sequentes</span> <span class='ocrx_word' id='word_1_727' title='bbox 750 5424 999 5481; x_wconf 79' lang='lat' dir='ltr'>versiculi</span> <span class='ocrx_word' id='word_1_728' title='bbox 1027 5424 1274 5481; x_wconf 83' lang='lat' dir='ltr'>undecim</span> <span class='ocrx_word' id='word_1_729' title='bbox 1302 5439 1472 5494; x_wconf 82' lang='lat' dir='ltr'>usque</span> <span class='ocrx_word' id='word_1_730' title='bbox 1491 5427 1556 5481; x_wconf 85' lang='lat' dir='ltr'>ad</span> <span class='ocrx_word' id='word_1_731' title='bbox 1579 5425 1641 5482; x_wconf 74' lang='grc' dir='ltr'>τὸ</span> <span class='ocrx_word' id='word_1_732' title='bbox 1665 5445 1765 5482; x_wconf 82' lang='grc' dir='ltr'>πα-</span> 
     </span>
     <span class='ocr_line' id='line_1_99' title="bbox 189 5493 1757 5569; baseline 0.003 -19"><span class='ocrx_word' id='word_1_733' title='bbox 189 5497 341 5552; x_wconf 77' lang='grc' dir='ltr'>λαιὸν</span> <span class='ocrx_word' id='word_1_734' title='bbox 406 5498 620 5569; x_wconf 83' lang='grc' dir='ltr'>Πάσχα,</span> <span class='ocrx_word' id='word_1_735' title='bbox 664 5498 900 5551; x_wconf 82' lang='lat' dir='ltr'>citantur</span> <span class='ocrx_word' id='word_1_736' title='bbox 944 5512 1012 5551; x_wconf 74' lang='lat' dir='ltr'>ex</span> <span class='ocrx_word' id='word_1_737' title='bbox 1076 5494 1302 5551; x_wconf 74' lang='lat' dir='ltr'>Eusebio</span> <span class='ocrx_word' id='word_1_738' title='bbox 1334 5493 1425 5560; x_wconf 72' lang='lat' dir='ltr'>{De</span> <span class='ocrx_word' id='word_1_739' title='bbox 1475 5494 1757 5564; x_wconf 71' lang='lat' dir='ltr'>Paschate,</span> 
     </span>
     <span class='ocr_line' id='line_1_100' title="bbox 196 5565 1762 5652; baseline 0.001 -30"><span class='ocrx_word' id='word_1_740' title='bbox 196 5567 463 5652; x_wconf 73' lang='grc' dir='ltr'>Εὐσεδίου</span> <span class='ocrx_word' id='word_1_741' title='bbox 488 5566 735 5650; x_wconf 75' lang='grc' dir='ltr'>περὶτοῦ</span> <span class='ocrx_word' id='word_1_742' title='bbox 768 5566 980 5649; x_wconf 66' lang='grc' dir='ltr'>Πᾴσχα,</span> <span class='ocrx_word' id='word_1_743' title='bbox 1007 5567 1174 5621; x_wconf 73' lang='lat' dir='ltr'>etiam</span> <span class='ocrx_word' id='word_1_744' title='bbox 1207 5580 1235 5620; x_wconf 91' lang='lat' dir='ltr'>a</span> <span class='ocrx_word' id='word_1_745' title='bbox 1267 5565 1499 5621; x_wconf 70' lang='lat' dir='ltr'>Macerio</span> <span class='ocrx_word' id='word_1_746' title='bbox 1524 5566 1762 5640; x_wconf 73' lang='lat' dir='ltr'>chryso-</span> 
     </span>
     <span class='ocr_line' id='line_1_101' title="bbox 193 5634 1767 5789; baseline 0.003 -30"><span class='ocrx_word' id='word_1_747' title='bbox 193 5639 420 5775; x_wconf 64' lang='grc' dir='ltr'>ἓίίὲἒῖξῖ</span> <span class='ocrx_word' id='word_1_748' title='bbox 434 5637 903 5765; x_wconf 57' lang='lat' dir='ltr'>tistits&#39;t‘zitt</span> <span class='ocrx_word' id='word_1_749' title='bbox 937 5634 1378 5789; x_wconf 45' lang='lat' dir='ltr'>attinuit&amp;</span> <span class='ocrx_word' id='word_1_750' title='bbox 1400 5634 1577 5776; x_wconf 52' lang='lat'>{32⁹}</span> <span class='ocrx_word' id='word_1_751' title='bbox 1600 5638 1767 5764; x_wconf 53' lang='lat'>2³⁹1&amp;</span> 
     </span>
     <span class='ocr_line' id='line_1_102' title="bbox 195 5776 1757 5858; baseline 0.003 -24"><span class='ocrx_word' id='word_1_752' title='bbox 195 5786 350 5849; x_wconf 77' lang='lat' dir='ltr'>ceta3</span> <span class='ocrx_word' id='word_1_753' title='bbox 389 5777 739 5852; x_wconf 84' lang='lat' dir='ltr'>quamobrem</span> <span class='ocrx_word' id='word_1_754' title='bbox 771 5791 837 5834; x_wconf 85' lang='lat' dir='ltr'>ex</span> <span class='ocrx_word' id='word_1_755' title='bbox 879 5776 1110 5836; x_wconf 78' lang='lat' dir='ltr'>Eusebio</span> <span class='ocrx_word' id='word_1_756' title='bbox 1139 5777 1320 5851; x_wconf 85' lang='lat' dir='ltr'>potius</span> <span class='ocrx_word' id='word_1_757' title='bbox 1354 5778 1473 5852; x_wconf 70' lang='lat' dir='ltr'>ipso</span> <span class='ocrx_word' id='word_1_758' title='bbox 1496 5789 1661 5858; x_wconf 73' lang='lat' dir='ltr'>qaam</span> <span class='ocrx_word' id='word_1_759' title='bbox 1680 5791 1757 5856; x_wconf 74' lang='grc' dir='ltr'>Ιει</span> 
     </span>
    </p>
   </div>
   <div class='ocr_carea' id='block_1_21' title="bbox 1862 4594 3436 5315">
    <p class='ocr_par' dir='ltr' id='par_1_23' title="bbox 1862 4594 3436 5315">
     <span class='ocr_line' id='line_1_103' title="bbox 1864 4594 3436 4664; baseline 0 -10"><span class='ocrx_word' id='word_1_760' title='bbox 1864 4598 2147 4654; x_wconf 83' lang='lat' dir='ltr'>alacritate</span> <span class='ocrx_word' id='word_1_761' title='bbox 2178 4597 2247 4654; x_wconf 91' lang='lat' dir='ltr'>ad</span> <span class='ocrx_word' id='word_1_762' title='bbox 2295 4596 2561 4654; x_wconf 79' lang='lat' dir='ltr'>ferentem</span> <span class='ocrx_word' id='word_1_763' title='bbox 2597 4599 2652 4653; x_wconf 91' lang='lat' dir='ltr'>in</span> <span class='ocrx_word' id='word_1_764' title='bbox 2694 4598 2863 4654; x_wconf 85' lang='lat' dir='ltr'>coeios</span> <span class='ocrx_word' id='word_1_765' title='bbox 2906 4595 3230 4664; x_wconf 81' lang='lat' dir='ltr'>transitum,</span> <span class='ocrx_word' id='word_1_766' title='bbox 3252 4594 3322 4651; x_wconf 82' lang='lat' dir='ltr'>ab</span> <span class='ocrx_word' id='word_1_767' title='bbox 3348 4595 3436 4654; x_wconf 86' lang='lat' dir='ltr'>his</span> 
     </span>
     <span class='ocr_line' id='line_1_104' title="bbox 1865 4685 3436 4759; baseline -0.002 -14"><span class='ocrx_word' id='word_1_768' title='bbox 1865 4689 2066 4746; x_wconf 81' lang='lat' dir='ltr'>intimis</span> <span class='ocrx_word' id='word_1_769' title='bbox 2088 4689 2155 4745; x_wconf 85' lang='lat' dir='ltr'>ad</span> <span class='ocrx_word' id='word_1_770' title='bbox 2182 4703 2440 4759; x_wconf 85' lang='lat' dir='ltr'>superna,</span> <span class='ocrx_word' id='word_1_771' title='bbox 2471 4704 2502 4744; x_wconf 95' lang='lat' dir='ltr'>a</span> <span class='ocrx_word' id='word_1_772' title='bbox 2540 4688 2754 4745; x_wconf 83' lang='lat' dir='ltr'>mortali</span> <span class='ocrx_word' id='word_1_773' title='bbox 2798 4688 2907 4744; x_wconf 81' lang='lat' dir='ltr'>vita</span> <span class='ocrx_word' id='word_1_774' title='bbox 2936 4686 3005 4743; x_wconf 87' lang='lat' dir='ltr'>ad</span> <span class='ocrx_word' id='word_1_775' title='bbox 3059 4685 3436 4743; x_wconf 87' lang='lat' dir='ltr'>immortalita-</span> 
     </span>
     <span class='ocr_line' id='line_1_105' title="bbox 1869 4777 3431 4851; baseline -0.001 -16"><span class='ocrx_word' id='word_1_776' title='bbox 1869 4789 1975 4836; x_wconf 90' lang='lat' dir='ltr'>tem</span> <span class='ocrx_word' id='word_1_777' title='bbox 2000 4795 2379 4851; x_wconf 82' lang='lat' dir='ltr'>properamus.</span> <span class='ocrx_word' id='word_1_778' title='bbox 2399 4780 2491 4837; x_wconf 89' lang='lat' dir='ltr'>Sic</span> <span class='ocrx_word' id='word_1_779' title='bbox 2518 4782 2660 4837; x_wconf 91' lang='lat' dir='ltr'>enim</span> <span class='ocrx_word' id='word_1_780' title='bbox 2688 4788 2911 4851; x_wconf 88' lang='lat' dir='ltr'>peracto</span> <span class='ocrx_word' id='word_1_781' title='bbox 2929 4777 3162 4836; x_wconf 74' lang='lat' dir='ltr'>feliciter</span> <span class='ocrx_word' id='word_1_782' title='bbox 3178 4779 3431 4847; x_wconf 83' lang='lat' dir='ltr'>transitu,</span> 
     </span>
     <span class='ocr_line' id='line_1_106' title="bbox 1864 4871 3434 4944; baseline -0.002 -15"><span class='ocrx_word' id='word_1_783' title='bbox 1864 4873 2034 4942; x_wconf 81' lang='lat' dir='ltr'>major</span> <span class='ocrx_word' id='word_1_784' title='bbox 2058 4872 2161 4929; x_wconf 87' lang='lat' dir='ltr'>alia</span> <span class='ocrx_word' id='word_1_785' title='bbox 2187 4873 2418 4943; x_wconf 78' lang='lat' dir='ltr'>excipiet</span> <span class='ocrx_word' id='word_1_786' title='bbox 2436 4889 2534 4931; x_wconf 91' lang='lat' dir='ltr'>nos</span> <span class='ocrx_word' id='word_1_787' title='bbox 2546 4874 2861 4930; x_wconf 81' lang='lat' dir='ltr'>solemnitas</span> <span class='ocrx_word' id='word_1_788' title='bbox 2874 4874 3055 4944; x_wconf 78' lang='lat' dir='ltr'>(quam</span> <span class='ocrx_word' id='word_1_789' title='bbox 3079 4871 3434 4931; x_wconf 83' lang='lat' dir='ltr'>Pentecosten</span> 
     </span>
     <span class='ocr_line' id='line_1_107' title="bbox 1865 4964 3435 5038; baseline 0 -18"><span class='ocrx_word' id='word_1_790' title='bbox 1865 4965 2097 5022; x_wconf 79' lang='lat' dir='ltr'>Hebraei</span> <span class='ocrx_word' id='word_1_791' title='bbox 2121 4964 2424 5038; x_wconf 83' lang='lat' dir='ltr'>nominant)</span> <span class='ocrx_word' id='word_1_792' title='bbox 2463 4966 2612 5036; x_wconf 88' lang='lat' dir='ltr'>regni</span> <span class='ocrx_word' id='word_1_793' title='bbox 2633 4966 2893 5022; x_wconf 88' lang='lat' dir='ltr'>coelornm</span> <span class='ocrx_word' id='word_1_794' title='bbox 2922 4964 3213 5038; x_wconf 87' lang='lat' dir='ltr'>imaginem</span> <span class='ocrx_word' id='word_1_795' title='bbox 3243 4979 3356 5036; x_wconf 74' lang='lat' dir='ltr'>prae</span> <span class='ocrx_word' id='word_1_796' title='bbox 3375 4979 3435 5020; x_wconf 92' lang='lat' dir='ltr'>se</span> 
     </span>
     <span class='ocr_line' id='line_1_108' title="bbox 1863 5052 3436 5127; baseline -0.003 -16"><span class='ocrx_word' id='word_1_797' title='bbox 1863 5056 2067 5113; x_wconf 79' lang='lat' dir='ltr'>l&#39;erens.</span> <span class='ocrx_word' id='word_1_798' title='bbox 2096 5054 2189 5111; x_wconf 73' lang='lat' dir='ltr'>Ait</span> <span class='ocrx_word' id='word_1_799' title='bbox 2221 5053 2404 5125; x_wconf 87' lang='lat' dir='ltr'>itaque</span> <span class='ocrx_word' id='word_1_800' title='bbox 2438 5054 2652 5127; x_wconf 74' lang='lat' dir='ltr'>Moyses</span> <span class='ocrx_word' id='word_1_801' title='bbox 2688 5052 2814 5110; x_wconf 73' lang='lat' dir='ltr'>:Ex</span> <span class='ocrx_word' id='word_1_802' title='bbox 2841 5070 2944 5126; x_wconf 75' lang='lat' dir='ltr'>qno</span> <span class='ocrx_word' id='word_1_803' title='bbox 2985 5053 3172 5126; x_wconf 70' lang='lat' dir='ltr'>falcem</span> <span class='ocrx_word' id='word_1_804' title='bbox 3205 5054 3262 5109; x_wconf 77' lang='lat' dir='ltr'>tn</span> <span class='ocrx_word' id='word_1_805' title='bbox 3304 5069 3436 5109; x_wconf 79' lang='lat' dir='ltr'>mes·</span> 
     </span>
     <span class='ocr_line' id='line_1_109' title="bbox 1862 5147 3432 5221; baseline -0.003 -16"><span class='ocrx_word' id='word_1_806' title='bbox 1862 5166 1971 5205; x_wconf 75' lang='lat' dir='ltr'>sem</span> <span class='ocrx_word' id='word_1_807' title='bbox 1997 5147 2226 5213; x_wconf 79' lang='lat' dir='ltr'>miseris,</span> <span class='ocrx_word' id='word_1_808' title='bbox 2250 5148 2553 5205; x_wconf 73' lang='lat' dir='ltr'>numerabis</span> <span class='ocrx_word' id='word_1_809' title='bbox 2585 5149 2680 5203; x_wconf 76' lang='lat' dir='ltr'>tt&#39;bi</span> <span class='ocrx_word' id='word_1_810' title='bbox 2707 5158 2895 5221; x_wconf 69' lang='lat' dir='ltr'>septem</span> <span class='ocrx_word' id='word_1_811' title='bbox 2940 5148 3310 5214; x_wconf 69' lang='lat' dir='ltr'>hebdomadas,</span> <span class='ocrx_word' id='word_1_812' title='bbox 3340 5162 3432 5200; x_wconf 81' lang='lat' dir='ltr'>no·</span> 
     </span>
     <span class='ocr_line' id='line_1_110' title="bbox 1866 5237 3430 5315; baseline -0.005 -16"><span class='ocrx_word' id='word_1_813' title='bbox 1866 5258 2061 5315; x_wconf 74' lang='lat' dir='ltr'>rosque</span> <span class='ocrx_word' id='word_1_814' title='bbox 2089 5258 2253 5314; x_wconf 82' lang='lat' dir='ltr'>potus</span> <span class='ocrx_word' id='word_1_815' title='bbox 2295 5257 2362 5298; x_wconf 76' lang='lat' dir='ltr'>ex</span> <span class='ocrx_word' id='word_1_816' title='bbox 2396 5257 2527 5298; x_wconf 74' lang='lat' dir='ltr'>novo</span> <span class='ocrx_word' id='word_1_817' title='bbox 2548 5256 2714 5297; x_wconf 74' lang='lat' dir='ltr'>ntem</span> <span class='ocrx_word' id='word_1_818' title='bbox 2737 5255 2994 5312; x_wconf 80' lang='lat' dir='ltr'>propones</span> <span class='ocrx_word' id='word_1_819' title='bbox 3027 5248 3149 5296; x_wconf 69' lang='lat' dir='ltr'>ants</span> <span class='ocrx_word' id='word_1_820' title='bbox 3173 5237 3340 5294; x_wconf 71' lang='lat' dir='ltr'>Deum</span> <span class='ocrx_word' id='word_1_821' title='bbox 3362 5237 3430 5292; x_wconf 75' lang='lat'>⁸⁸.</span> 
     </span>
    </p>
   </div>
   <div class='ocr_carea' id='block_1_22' title="bbox 1848 5421 3464 5776">
    <p class='ocr_par' dir='ltr' id='par_1_24' title="bbox 1871 5421 2873 5482">
     <span class='ocr_line' id='line_1_111' title="bbox 1871 5421 2873 5482; baseline 0.001 -3"><span class='ocrx_word' id='word_1_822' title='bbox 1871 5425 2056 5480; x_wconf 82' lang='lat' dir='ltr'>Niceta</span> <span class='ocrx_word' id='word_1_823' title='bbox 2082 5423 2328 5480; x_wconf 85' lang='lat' dir='ltr'>ltausisse</span> <span class='ocrx_word' id='word_1_824' title='bbox 2355 5423 2568 5480; x_wconf 84' lang='lat' dir='ltr'>videtur</span> <span class='ocrx_word' id='word_1_825' title='bbox 2586 5421 2873 5482; x_wconf 69' lang='lat' dir='ltr'>Macarius.</span> 
     </span>
    </p>

    <p class='ocr_par' dir='ltr' id='par_1_25' title="bbox 1848 5493 3464 5776">
     <span class='ocr_line' id='line_1_112' title="bbox 1848 5493 3436 5646; baseline -0.003 -25"><span class='ocrx_word' id='word_1_826' title='bbox 1848 5633 1854 5638; x_wconf 43' lang='grc'>,</span> <span class='ocrx_word' id='word_1_827' title='bbox 1937 5493 2233 5646; x_wconf 48' lang='lat' dir='ltr'>gyfflt</span> <span class='ocrx_word' id='word_1_828' title='bbox 2261 5493 2874 5646; x_wconf 42' lang='lat' dir='ltr'>acigffxavscbalenn,</span> <span class='ocrx_word' id='word_1_829' title='bbox 2903 5560 3201 5646; x_wconf 70' lang='lat' dir='ltr'>cuiusmodi</span> <span class='ocrx_word' id='word_1_830' title='bbox 3250 5559 3436 5644; x_wconf 74' lang='lat' dir='ltr'>plnres</span> 
     </span>
     <span class='ocr_line' id='line_1_113' title="bbox 1867 5631 3436 5706; baseline -0.003 -14"><span class='ocrx_word' id='word_1_831' title='bbox 1867 5633 1936 5704; x_wconf 47' lang='lat' dir='ltr'>ln,</span> <span class='ocrx_word' id='word_1_832' title='bbox 1966 5633 2208 5706; x_wconf 74' lang='lat' dir='ltr'>antiquis</span> <span class='ocrx_word' id='word_1_833' title='bbox 2233 5635 2599 5690; x_wconf 85' lang='lat' dir='ltr'>monumentis</span> <span class='ocrx_word' id='word_1_834' title='bbox 2630 5643 2739 5689; x_wconf 86' lang='lat' dir='ltr'>tatn</span> <span class='ocrx_word' id='word_1_835' title='bbox 2769 5643 2991 5703; x_wconf 73' lang='lat' dir='ltr'>scriptis</span> <span class='ocrx_word' id='word_1_836' title='bbox 3017 5644 3180 5701; x_wconf 81' lang='lat' dir='ltr'>qnam</span> <span class='ocrx_word' id='word_1_837' title='bbox 3205 5631 3436 5701; x_wconf 78' lang='lat' dir='ltr'>sculptis</span> 
     </span>
     <span class='ocr_line' id='line_1_114' title="bbox 1863 5699 3464 5776; baseline -0.008 -12"><span class='ocrx_word' id='word_1_838' title='bbox 1863 5713 2102 5764; x_wconf 77' lang='lat' dir='ltr'>entant.</span> <span class='ocrx_word' id='word_1_839' title='bbox 2131 5703 2340 5764; x_wconf 71' lang='lat' dir='ltr'>Videsis</span> <span class='ocrx_word' id='word_1_840' title='bbox 2361 5704 2606 5776; x_wconf 84' lang='lat' dir='ltr'>luscript.</span> <span class='ocrx_word' id='word_1_841' title='bbox 2631 5704 2754 5762; x_wconf 85' lang='lat' dir='ltr'>cbr.</span> <span class='ocrx_word' id='word_1_842' title='bbox 2785 5703 2936 5773; x_wconf 71' lang='lat' dir='ltr'>antid</span> <span class='ocrx_word' id='word_1_843' title='bbox 2960 5717 3101 5769; x_wconf 64' lang='lat' dir='ltr'>aaa,</span> <span class='ocrx_word' id='word_1_844' title='bbox 3115 5699 3330 5770; x_wconf 42' lang='lat' dir='ltr'>Sexi*-</span> <span class='ocrx_word' id='word_1_845' title='bbox 3346 5710 3464 5753; x_wconf 57' lang='lat' dir='ltr'>tex.</span> 
     </span>
    </p>
   </div>
   <div class='ocr_carea' id='block_1_23' title="bbox 1865 5773 2450 5846">
    <p class='ocr_par' dir='ltr' id='par_1_26' title="bbox 1865 5773 2450 5846">
     <span class='ocr_line' id='line_1_115' title="bbox 1865 5773 2450 5846; baseline -0.01 -10"><span class='ocrx_word' id='word_1_846' title='bbox 1865 5784 1906 5836; x_wconf 84' lang='lat' dir='ltr'>t.</span> <span class='ocrx_word' id='word_1_847' title='bbox 1947 5775 2018 5844; x_wconf 70' lang='lat' dir='ltr'>V.</span> <span class='ocrx_word' id='word_1_848' title='bbox 2047 5789 2108 5846; x_wconf 75' lang='lat' dir='ltr'>u.</span> <span class='ocrx_word' id='word_1_849' title='bbox 2133 5773 2206 5836; x_wconf 80' lang='grc' dir='ltr'>’ίθ</span> <span class='ocrx_word' id='word_1_850' title='bbox 2229 5785 2292 5838; x_wconf 81' lang='lat' dir='ltr'>et</span> <span class='ocrx_word' id='word_1_851' title='bbox 2317 5774 2450 5834; x_wconf 68' lang='lat' dir='ltr'>m..</span> 
     </span>
    </p>
   </div>
  </div>
 </body>
</html>
