3692 6134
1287 330 1376 385 DE
1411 329 2006 392 RESURRECTlONE.
2043 367 2115 378 ·-
2152 334 2283 394 tin.
2321 338 2365 394 Ι.

3233 344 3375 404 {088

150 445 347 514 Jacob,
379 457 435 504 et
465 447 592 519 quia
623 462 730 504 non
759 448 859 505 ista
883 448 996 504 vita
1021 463 1147 520 spes
1182 457 1266 506 est
1295 451 1579 522 religiosis.
1606 451 1715 508 Pu·
1743 457 1790 515 Α
1819 470 1924 509 non
1965 456 2210 526 permisit
2236 472 2360 513 eum
2400 457 2543 516 Deus
2572 478 2588 516 :
2620 459 2811 516 babuit
2854 458 3131 517 solatium.
3176 460 3376 520 Dilexit

151 549 241 598 tas
293 548 470 612 potest
515 540 781 598 sustinere
847 542 964 596 sine
1031 542 1282 614 lacrymis
1336 543 1525 601 audire
1554 561 1569 598 :
1594 558 1716 599 cum

149 632 338 689 tunica
375 631 467 687 ilia
502 631 763 703 sanguine
789 632 952 686 tincta
982 632 1034 686 in
1065 648 1222 687 manu
1252 631 1419 690 Jacob
1440 644 1523 690 est
1544 634 1715 704 posita

148 738 280 779 eum
316 738 450 779 voce
477 722 566 777 illa
595 723 867 778 conficta?
896 722 1086 792 Istam,
1115 725 1306 795 inquit,
1333 728 1619 782 invenimus
1643 726 1712 793 ⁸⁸,

148 813 317 869 istam
342 811 607 882 sanguine
624 809 910 882 pollutam.
948 827 1180 882 agnosce
1212 813 1365 883 cujus
1400 825 1485 870 est
1508 817 1711 882 tunica,

146 916 390 974 agnosce
419 911 568 956 tuum
593 901 856 958 dolorem.
882 902 1047 959 Dolor
1073 904 1286 974 quidem
1308 917 1428 962 erat
1450 909 1618 978 patris
1645 908 1713 963 de

142 1005 367 1051 mortuo
388 993 608 1067 Josepb.
634 993 763 1051 Erat
789 1011 894 1051 non
922 995 1177 1054 terendus
1220 998 1393 1064 dolor,
1443 1002 1568 1069 quia
1611 1014 1712 1057 nec

143 1095 279 1142 ante
327 1086 516 1142 oculos
565 1101 695 1143 suos
743 1087 1051 1143 decesserat
1089 1089 1230 1146 filius
1267 1090 1524 1146 :videtur
1564 1091 1707 1147 enim

138 1176 295 1233 istud
318 1176 572 1232 solatium
621 1191 741 1232 esse
787 1178 911 1246 quia
959 1177 1130 1245 affuit,
1187 1179 1313 1250 quia
1361 1180 1707 1237 novissimam

138 1267 271 1337 eius
300 1281 487 1325 vocem
515 1268 776 1339 suscepit,
804 1268 931 1338 quia
954 1277 1010 1324 et
1035 1269 1240 1325 dimisit
1279 1270 1328 1326 ei
1353 1271 1420 1326 ad
1461 1273 1709 1328 consola-

140 1360 352 1415 tionem
401 1360 646 1424 verbum,
680 1358 806 1429 quia
852 1357 1109 1429 reliquias
1143 1360 1262 1429 ejus
1313 1362 1707 1418 commendavit

140 1459 328 1509 terra.
361 1449 494 1505 Cum
525 1459 704 1505 autem
731 1458 976 1504 mortuus
999 1448 1160 1506 suerit
1191 1450 1413 1524 Josepb,
1445 1465 1703 1523 quantum

132 1542 215 1599 nd
238 1541 491 1598 nuntium
519 1550 822 1612 exspectat,
859 1553 1117 1614 quantum
1164 1544 1231 1599 ad
1279 1544 1701 1614 distractionem,

132 1643 199 1691 et
226 1633 494 1690 incertum
533 1632 607 1687 sit
627 1633 977 1688 homicidium
999 1641 1092 1687 aut
1122 1648 1291 1701 mors,
1321 1633 1490 1692 incisa
1522 1647 1700 1694 autem

1816 546 1960 601 enim
1991 560 2113 602 eum
2147 547 2239 618 qui
2261 557 2486 617 emerat,
2507 564 2667 620 quem
2710 552 2937 606 oderant
2971 550 3192 610 iratres.
3237 551 3374 620 Quid

1816 639 2002 711 igitur,
2065 640 2189 697 istie
2231 651 2388 712 putas
2424 642 2751 698 obdormivit
2802 643 3043 698 invidia:
3080 653 3236 713 putas
3273 644 3375 700 de·

1816 730 1998 800 spexit
2020 731 2263 788 diabolus
2277 734 2699 790 consolationem
2723 732 2920 805 loseph
2936 734 2961 788 i
2979 733 3219 790 ilabebat
3242 749 3376 790 con-

1806 819 1990 892 jugem
2015 821 2300 895 AEgyptius
2327 825 2373 857 ⁸⁸
2441 843 2454 880 :
2521 841 2616 897 per
2644 826 2921 884 mulierem
2949 827 3110 897 igitur
3133 825 3375 882 diabolus

1816 914 2179 972 machinatur.
2219 915 2490 988 Diligitur,
2523 919 2713 988 inquit.
2745 918 2917 974 bonus
2957 933 3066 974 non
3103 919 3261 974 bene.
3303 915 3373 973 Et

1807 1017 1936 1059 vere
1961 1019 2102 1059 nunc
2132 1004 2360 1061 incurrit
2394 1007 2449 1062 in
2482 1006 2649 1062 seram
2688 1005 2906 1078 Josepb,
2956 1015 3012 1062 et
3053 1007 3370 1078 figmentum

1809 1095 2037 1149 fratrum
2064 1096 2317 1150 transivit
2337 1097 2403 1151 ad
2431 1106 2629 1152 actum.
2658 1097 2848 1153 Mulier
2880 1099 3155 1164 insistens,
3176 1097 3373 1154 mulier

1805 1186 2147 1256 semetipsam
2167 1186 2451 1256 decorans,
2477 1189 2543 1243 ad
2563 1188 2809 1258 laqueum
2829 1189 3006 1244 verbis
3022 1188 3267 1253 illiciens,
3292 1186 3374 1245 las

1803 1273 2141 1346 pidibus(32)
2171 1277 2424 1343 suadens,
2457 1279 2711 1334 odoribus
2732 1279 2970 1348 capiens,
2997 1288 3053 1334 et
3074 1279 3253 1335 varias
3274 1293 3370 1334 ve-

1802 1375 1918 1421 stes
1935 1374 1990 1419 ut
2010 1366 2143 1419 retia
2158 1367 2483 1435 expandens.
2504 1367 2570 1422 Et
2584 1369 2790 1423 intuere
2804 1369 2936 1424 mibi
2953 1369 3292 1440 peregrinum
3309 1375 3366 1422 et

1803 1454 2223 1512 adolescentem.
2249 1456 2465 1512 lntuere
2488 1472 2609 1521 eum
2632 1459 2721 1528 qui
2751 1475 2855 1515 non
2881 1460 3110 1514 babebat
3131 1469 3362 1530 patrem,

1801 1558 1909 1599 non
1941 1553 2170 1599 matrem
2201 1554 2541 1614 praesentem.
2579 1547 2789 1603 intuere
2813 1549 3140 1611 ‚distractum
3190 1563 3221 1601 a
3252 1546 3362 1602 ira·

1801 1636 1996 1700 tribus,
2021 1644 2076 1691 et
2100 1645 2286 1692 contra
2318 1637 2631 1708 dignitatem
2683 1637 3006 1693 servientem
3050 1638 3359 1707 ingenuum,

128 1734 274 1783 sunt
296 1725 467 1796 patris
491 1724 720 1782 viscera.
755 1724 945 1782 Omnia
990 1726 1316 1796 suspicatur,
1365 1729 1544 1785 omnia
1592 1730 1694 1786 slbi
1797 1734 1855 1782 et
1880 1742 2085 1784 memor
2106 1736 2222 1784 esto
2260 1728 2547 1785 verborum
2574 1743 2746 1798 quaes
2773 1729 2996 1784 muliere
3040 1727 3364 1798 promeban-

128 1815 423 1882 describit,
457 1825 514 1872 et
566 1816 761 1872 multas
797 1826 997 1872 mortes
1042 1832 1143 1888 pro
1183 1833 1290 1874 una
1331 1820 1594 1876 imitatur.
1632 1821 1691 1878 Si
1722 1802 1766 1859 Β
1799 1826 1907 1880 tur,
1936 1829 1990 1873 et
2025 1817 2116 1873 ilia
2167 1820 2292 1874 ncta
2339 1820 2584 1876 mulieris
2620 1820 3004 1876 blandimenta.
3054 1817 3267 1873 Intuere
3307 1823 3366 1872 et

128 1907 267 1980 quis
292 1909 521 1964 sustinet
559 1907 642 1964 vel
675 1909 915 1963 auditum
937 1948 954 1974 ,
999 1924 1107 1974 non
1150 1908 1323 1965 solum
1359 1911 1452 1980 qui
1489 1913 1692 1982 genuit,

126 2000 226 2057 vel
253 2000 344 2071 qui
372 1999 596 2067 audivit,
625 2000 805 2055 tunica
836 1999 1133 2070 composita
1180 2011 1235 2056 et
1280 2001 1478 2065 scissa:
1523 2002 1599 2057 ita
1631 2008 1696 2058 ut

126 2099 193 2151 et
221 2097 477 2162 parerent
505 2104 715 2146 morsus
736 2088 864 2146 serae
888 2091 1135 2162 impressi
1164 2105 1263 2162 per
1288 2091 1544 2148 tunicam.
1573 2091 1696 2149 Uti·

130 2196 270 2238 nam
295 2181 579 2247 dixissent,
602 2180 727 2253 quia
751 2182 882 2238 etin
912 2180 1086 2238 lacum
1132 2182 1330 2238 cecidit
1366 2182 1689 2241 ambulans:

125 2280 193 2329 et
212 2272 501 2329 videbatur
521 2273 831 2345 figmentum
878 2273 1176 2344 proximum
1224 2273 1435 2328 veritati
1478 2273 1690 2333 baberi.

128 2365 250 2422 Sed
284 2366 516 2438 suspecti
540 2378 667 2423 sunt
702 2382 769 2423 ne
797 2376 1163 2439 arguerentur.
1196 2366 1524 2439 Requirebat
1546 2369 1690 2427 enim

124 2457 206 2514 ab
227 2457 310 2513 eis
335 2456 592 2528 reliquias
628 2467 802 2528 pater.
843 2457 1135 2530 Suspectus
1163 2459 1340 2530 itaque
1377 2459 1543 2517 Jacob
1582 2471 1688 2529 est,

128 2548 265 2621 quia
289 2559 528 2605 mortuus
545 2557 629 2604 est
656 2547 851 2619 losepb
876 2588 893 2614 ,
926 2558 981 2606 et
1015 2564 1139 2606 esca
1172 2551 1347 2607 tactus
1387 2560 1473 2608 est
1517 2551 1686 2608 reris:

128 2639 521 2695 nuntiaverunt
568 2639 709 2696 enim
752 2638 985 2706 fratres,
1033 2641 1332 2698 testabatur
1385 2651 1444 2699 et
1484 2643 1686 2700 tunica.

124 2728 275 2800 Quis
300 2739 561 2800 portaret,
589 2731 711 2801 quis
730 2731 1019 2788 sustineret
1043 2746 1251 2788 memor
1268 2731 1410 2788 illius
1442 2731 1688 2806 loseph?

120 2837 260 2879 eum
307 2830 450 2878 esset
506 2837 626 2878 cum
674 2831 828 2893 patre
899 2831 1188 2893 antequam
1255 2823 1686 2881 distraheretur!

118 2913 320 2971 decem
357 2920 414 2967 et
431 2920 635 2981 septem
661 2913 818 2967 annis
853 2922 970 2967 erat
1006 2913 1054 2968 ei
1085 2924 1350 2982 mortuus,
1405 2925 1462 2970 et
1503 2917 1685 2975 tunica

1796 1909 2013 1965 divitias
2039 1908 2256 1980 AEgypti
2304 1919 2551 1966 ostensas
2593 1925 2626 1965 a
2670 1911 2922 1981 conjuge,
2977 1908 3366 1980 promissiones

1796 2000 2060 2065 mulieris,
2088 2000 2363 2056 tristitiam
2392 2002 2542 2072 pueri
2570 2017 2586 2057 :
2625 2002 2778 2072 pueri
2816 2001 3140 2071 angustiam,
3169 1998 3364 2055 mulle-

1797 2090 1876 2147 ris
1901 2090 2317 2156 abundantiam:
2348 2099 2666 2161 potestatem
2689 2093 2834 2146 enim
2875 2090 3108 2146 babebat
3132 2091 3359 2156 domus:

1793 2184 2161 2239 additamenta
2176 2181 2509 2237 tentationis.
2531 2180 2753 2236 Dicebat
2773 2181 2916 2236 enim
2940 2181 3135 2236 mulier
3155 2180 3355 2238 multa:

1794 2288 1902 2331 non
1932 2272 2183 2329 audiebat
2202 2281 2383 2329 autem
2408 2272 2653 2341 pudicus.
2686 2271 3016 2342 Depingebat
3035 2271 3140 2327 sibi
3170 2272 3358 2328 oculos

1793 2367 1885 2423 illa
1914 2367 2151 2437 :losepb
2176 2373 2356 2422 autem
2381 2380 2508 2421 suos
2534 2363 2841 2421 claudebat.
2892 2364 2982 2421 illa
3001 2377 3063 2420 se
3081 2362 3354 2434 lapidibus

1792 2455 2090 2515 coronabat
2117 2464 2214 2512 :et
2262 2453 2354 2511 ille
2398 2468 2458 2511 se
2516 2469 2549 2509 a
2604 2453 2874 2526 lapidibus
2933 2468 3002 2510 ne
3059 2453 3356 2510 offenderet

1792 2544 2162 2604 custodiebat.
2208 2544 2303 2601 illa
2352 2543 2749 2615 contorquebat
2793 2543 3017 2614 capillos
3075 2558 3204 2599 suos
3240 2562 3255 2600 :
3294 2551 3352 2599 et

1791 2639 1884 2697 ille
1902 2637 2114 2694 vitabat
2135 2636 2450 2693 utvincula.
2480 2635 2574 2692 llla
2605 2622 2760 2693 var'h
2797 2635 3120 2691 vestimenta
3165 2634 3352 2690 uteba-

1791 2739 1917 2787 tur:
1948 2739 2003 2787 et
2040 2730 2132 2786 ille
2164 2730 2478 2787 intuebatur
2501 2726 2844 2799 opificiorum
2875 2729 3212 2783 varietatem.
3259 2725 3350 2783 llla

1789 2820 2038 2879 movebat
2064 2821 2412 2895 thymiamata
2438 2820 2506 2876 ad
2526 2820 2745 2876 odorem
2773 2836 2788 2873 :
2824 2819 2914 2876 ille
2935 2828 3115 2874 autem
3132 2817 3349 2874 odorem

1787 2917 2061 2990 pudicitia
2100 2915 2340 2972 odorans
2397 2914 2648 2971 domabat
2689 2928 2840 2970 suam
2888 2912 3346 2980 adolescentiam,

120 3001 493 3061 immortalem
522 3002 844 3074 suggerebat
871 3013 1120 3062 mortem.
1160 3003 1316 3062 Sicut
1349 3007 1495 3065 enim
1520 3008 1686 3065 mise-
1781 3009 1968 3085 Junior
1998 3017 2261 3081 quantum
2283 3007 2351 3062 ad
2374 3015 2611 3073 zeutem,
2642 3004 2827 3062 senior
2855 3014 3036 3059 autem
3062 3003 3345 3073 sapientia.

123 3094 377 3153 ricordes
413 3105 540 3151 sunt
596 3101 817 3166 patres,
863 3109 1246 3167 nonnunquam
1296 3108 1358 3153 ut
1421 3097 1685 3155 retineant
1786 3105 1919 3163 Cum
1946 3113 2126 3160 autem
2151 3116 2257 3157 non
2302 3097 2568 3154 valuisset
2601 3094 2845 3152 mulieris
2884 3093 3347 3161 blandimentum,

118 3186 341 3263 ..curas
360 3185 589 3245 filiorum
620 3203 717 3259 per
743 3187 951 3245 colores
983 3188 1318 3260 depingunt,
1363 3190 1688 3262 easdemque

128 3279 435 3339 recondunt
456 3280 510 3336 in
535 3279 804 3345 domibus,
829 3289 890 3336 ut
919 3288 1111 3350 putant
1137 3279 1354 3350 quidam
1385 3281 1454 3337 ad
1487 3294 1688 3337 conso-

122 3370 413 3430 lationem.
457 3370 771 3441 Effigiantur
802 3373 870 3427 ad
914 3371 1339 3428 admonitionem
1392 3373 1683 3429 dolorum:

122 3464 211 3522 ita
234 3472 294 3520 et
311 3461 486 3520 tunica
517 3463 606 3520 illa
630 3463 904 3520 recondita
935 3462 1103 3529 domi,
1147 3472 1205 3518 et
1236 3463 1443 3520 babens
1467 3462 1686 3535 sangui-

122 3555 760 3616 neminveterascentem
788 3570 890 3611 non
921 3552 1056 3610 haedi
1083 3561 1322 3625 putatum
1338 3556 1433 3612 sed
1464 3552 1682 3625 loseph,

118 3660 189 3711 et
214 3665 426 3707 morsus
457 3649 738 3721 compositi
781 3646 893 3720 (29)
941 3656 997 3704 et
1049 3645 1287 3719 impositi
1328 3646 1586 3714 terarum,
1629 3655 1687 3704 et

122 3744 237 3803 hoc
261 3742 581 3800 silvestrium
605 3782 621 3808 ,
654 3755 867 3811 semper
908 3739 1175 3796 faciebant
1217 3739 1455 3795 dolorem
1478 3738 1644 3795 Jacob
1662 3757 1681 3796 :

123 3832 341 3898 videns,
363 3832 701 3896 condiscens,
728 3841 953 3902 tangens
975 3845 1190 3902 semper
1210 3831 1378 3887 tilium
1409 3846 1507 3902 per
1535 3828 1682 3886 illam

127 3924 366 3985 tunicam
395 3923 506 3996 (30)
536 3944 549 3979 :
582 3934 804 3994 tangens
835 3938 953 3978 eam
975 3932 1031 3978 et
1053 3923 1226 3979 oculis
1262 3923 1470 3979 videns.
1512 3921 1580 3978 Et
1617 3937 1684 3979 ne

120 4016 251 4088 quis
276 4016 629 4086 reprehendat
669 4028 969 4072 sermonem
996 4057 1011 4082 ,
1045 4014 1172 4086 quia
1211 4014 1476 4070 dolentem
1510 4014 1683 4070 intro·

120 4106 489 4176 ducojustum
516 4125 532 4162 :
559 4116 685 4162 sunt
727 4106 868 4162 enim
912 4115 968 4161 et
1014 4107 1389 4164 misericordes
1425 4107 1680 4177 religiosi.

122 4197 267 4261 Nam
315 4207 372 4255 et
414 4199 718 4254 audivimus
771 4214 893 4255 eum
944 4200 1206 4256 dicentem
1234 4219 1251 4257 :
1275 4199 1406 4256 Cum
1464 4217 1640 4257 omnes
1664 4239 1682 4268 ,

122 4287 325 4361 inquit,
368 4289 470 4359 filii
514 4301 559 4344 et
601 4291 728 4359 1512·oe
778 4293 1117 4349 accessissent
1167 4303 1223 4346 ut
1290 4292 1685 4347 consolarentur

116 4396 268 4445 aaut,
302 4396 404 4436 uon
421 4383 639 4451 suscepit
660 4398 835 4436 eorum
862 4381 1268 4438 consolationem
1294 4382 1368 4450 ⁸⁸3
1400 4398 1504 4438 non
1535 4383 1682 4438 sine·

1709 3152 1756 3213 G

1784 3194 2062 3254 transtulit
2092 3190 2522 3250 blandimentum
2557 3187 2627 3243 ad
2660 3189 2792 3241 vim.
2837 3181 2984 3241 Nova
3012 3183 3209 3253 quippe
3230 3191 3346 3238 tra·

1784 3289 1965 3361 goedia
1992 3288 2046 3343 in
2069 3284 2247 3358 primo
2271 3283 2433 3338 tiebat
2460 3279 2661 3348 Josepb
2682 3318 2701 3344 ,
2753 3276 2897 3333 forte
2924 3284 2979 3332 et
3005 3275 3140 3332 solo.
3166 3274 3347 3346 Siqui-

1783 3381 1955 3436 dema
1987 3378 2122 3434 viris
2153 3376 2263 3431 vim
2295 3373 2408 3445 pati
2445 3370 2735 3436 mulieres,
2772 3377 2965 3425 natura
3006 3368 3121 3438 ipsa
3156 3365 3346 3422 mulie-

1784 3487 1904 3529 rum
1931 3468 2166 3527 suadet:
2199 3465 2399 3537 Josepb
2444 3471 2626 3519 autem
2679 3461 2829 3517 solus
2878 3473 2909 3515 a
2954 3459 3180 3514 muliere
3233 3456 3344 3513 vita

1782 3558 2183 3634 periclitabatur
2216 3557 2518 3628 jsust’inere.
2568 3553 2809 3608 Accessit
2850 3549 2993 3606 enim
3042 3548 3233 3604 mulier
3272 3549 3343 3603 ad

1782 3655 2199 3716 adolescentem,
2256 3649 2369 3706 sola
2420 3647 2489 3704 ad
2550 3645 2722 3702 solum
2751 3664 2765 3700 ε
2798 3643 3073 3701 bominum
3126 3638 3344 3696 videbat

1783 3747 1979 3804 nullus.
2018 3744 2114 3800 llle
2137 3751 2317 3798 autem
2347 3743 2438 3812 qul
2471 3739 2540 3795 ab
2566 3735 2873 3794 bominibus
2902 3749 3011 3791 non
3036 3733 3339 3798 videbatur,

1783 3838 1952 3894 Deum
2031 3832 2352 3891 invisibilem
2427 3829 2756 3886 intuebatur.
2832 3823 3162 3881 immittebat
3226 3821 3342 3876 iera

1781 3927 2011 3999 ungulas
2033 3939 2158 3982 suas
2206 3924 2275 3978 ad
2321 3921 2559 3976 tunicam
2611 3916 2832 3988 loseph.
2884 3916 2977 3971 llle
3021 3923 3199 3969 autem
3244 3911 3339 3981 qui

1783 4023 2135 4078 consueverat
2165 4014 2344 4070 tunica
2366 4011 2589 4077 salvari,
2621 4018 2676 4065 et
2699 4009 2790 4080 qui
2813 4006 3052 4062 tunicam
3081 4002 3340 4059 iratribus

1780 4109 1950 4174 dedit,
1974 4115 2028 4163 et
2052 4121 2083 4162 a
2111 4103 2421 4176 deceptione
2446 4101 2671 4157 fratrum
2691 4108 2778 4155 est
2803 4096 3087 4161 liberatus,
3125 4093 3342 4164 reliquit

1780 4212 1837 4258 et
1870 4215 2010 4255 nunc
2030 4198 2265 4254 tunicam
2289 4196 2344 4251 in
2374 4210 2536 4250 manu
2561 4190 2833 4256 mulieris,
2866 4196 2925 4244 ut
2962 4203 3065 4242 non
3105 4186 3339 4241 dimitte-

1782 4302 1867 4350 ret
1884 4306 2036 4348 suam
2061 4290 2293 4346 animam
2327 4287 2380 4342 in
2406 4286 2652 4342 manibus
2689 4280 3029 4353 impudicitia
3054 4297 3068 4334 :
3098 4287 3151 4333 et
3173 4276 3338 4333 exivit

1782 4385 1954 4442 nudus
1991 4398 2022 4439 a
2055 4383 2254 4449 tunica,
2295 4378 2550 4450 pudicitia
2597 4385 2774 4432 autem
2814 4373 3040 4427 amictus
3072 4384 3192 4435 sua,
3248 4367 3339 4422 illo

116 4475 220 4531 bat
247 4474 390 4529 enim
422 4475 601 4530 tunica
627 4477 886 4548 sanguine
930 4478 1116 4534 tincta.
1165 4477 1313 4534 Dixit
1354 4479 1495 4534 enim
1523 4493 1540 4534 :
1571 4478 1678 4534 De·
1710 4496 1759 4553 ῃ
1785 4484 1970 4532 sancto
1989 4483 2044 4532 et
2072 4473 2266 4545 pudico
2292 4471 2605 4527 vestimento
2650 4466 2885 4522 indutus.
2937 4459 3125 4515 Mulier
3156 4466 3335 4512 autem

20 4610 25 4619 .
112 4568 369 4635 “endam
389 4568 459 4622 nd
486 4567 746 4637 infernum
765 4586 881 4625 cum
908 4571 1084 4626 dolare
1113 4573 1182 4627 ad
1200 4571 1371 4642 [ilium
1395 4571 1441 4604 ⁸⁸
1469 4591 1485 4627 τ
1511 4581 1690 4630 tantus
1786 4569 1973 4624 videus
1997 4567 2148 4638 pueri
2196 4561 2578 4626 constantiam,
2616 4569 2671 4615 et
2716 4553 2981 4628 pudicitiae
3034 4549 3331 4619 imperium,

110 4667 247 4716 erat
290 4660 461 4716 dolor.
495 4661 596 4718 Ubi
623 4677 752 4733 ergo
786 4663 1068 4732 promissio
1108 4664 1235 4720 esti
1275 4665 1427 4735 cujus
1459 4664 1687 4735 promis·
1782 4660 2030 4716 detinens
2064 4657 2298 4713 tunicam
2340 4655 2476 4724 ejus,
2521 4651 2662 4707 sicut
2708 4661 2868 4704 canes
2912 4644 3220 4700 irascuntur
3266 4640 3335 4693 ad

110 4750 331 4809 sionem
368 4752 637 4824 impletam
668 4755 805 4823 patri
855 4752 1066 4811 deflenti
1121 4765 1214 4811 aut
1246 4755 1356 4811 lilio
1394 4755 1684 4812 morienti?
1778 4752 1980 4823 lapides
1998 4748 2092 4821 qui
2121 4749 2188 4804 ad
2209 4746 2531 4804 coaluerint
2563 4742 2714 4798 missi
2742 4761 2756 4797 ε
2784 4749 2839 4796 et
2863 4738 3005 4794 sicut
3027 4735 3336 4806 frequenter

108 4843 262 4913 Bam
287 4845 386 4900 etsi
413 4861 517 4902 non
544 4856 626 4902 est
650 4858 912 4911 mortuuS,
948 4857 1126 4904 tanuen
1152 4849 1398 4903 timorem
1425 4854 1678 4917 expertus
1775 4844 1995 4917 quidam
2064 4838 2377 4909 effugientes
2443 4835 2645 4893 bestias
2674 4873 2691 4899 ,
2766 4840 2972 4904 partem
3032 4828 3332 4883 vestimenti

106 4944 211 4993 est
238 4937 446 4995 mortis.
497 4937 631 4993 Puta
680 4940 805 5009 quia
837 4954 942 4994 non
987 4948 1072 4995 est
1101 4946 1343 4994 mortuus
1369 4977 1387 5003 ,
1439 4952 1545 4993 non
1594 4944 1683 4992 est
1770 4937 2059 5007 jactantes,
2092 4932 2316 5000 :faciunt
2353 4945 2445 4985 eas
2494 4930 2629 4984 iram
2670 4927 2726 4982 in
2776 4934 2980 4996 partem
3034 4919 3331 4976 vestimenti

104 5028 432 5093 distractus,
477 5045 582 5085 non
635 5031 866 5086 serviit?
914 5031 1004 5088 ille
1051 5031 1180 5102 quia
1236 5031 1288 5086 in
1351 5030 1469 5087 sinu
1529 5031 1677 5084 lusus
1773 5028 2041 5097 deponere
2063 5037 2214 5080 suam
2251 5024 2368 5080 :ita
2385 5021 2470 5077 illa
2495 5021 2614 5086 lea,
2641 5027 2735 5075 aut
2758 5018 2860 5073 alia
2882 5016 3122 5088 quzedam
3164 5010 3331 5068 bestia

106 5118 293 5191 patris
317 5118 425 5189 (3¹)
456 5135 638 5191 agens,
676 5138 782 5177 uon
809 5122 1125 5178 mittebatur
1167 5121 1339 5186 foras,
1378 5136 1522 5176 nunc
1563 5133 1678 5178 ser·
1774 5118 2166 5184 dira,tunicam
2186 5114 2364 5187 pudici
2388 5113 2679 5183 accipiens,
2700 5120 2755 5167 et
2774 5109 3020 5165 manibus
3045 5117 3099 5162 et
3122 5105 3330 5177 ungulis

106 5210 218 5264 vit.
255 5206 436 5263 Servit
461 5221 664 5276 autem,
696 5221 751 5266 et
775 5215 1086 5267 servitutem
1128 5209 1527 5284 AEgyptiorum.
1565 5208 1672 5265 Sed
1774 5209 2236 5281 comprehendens
2259 5214 2315 5264 et
2337 5215 2546 5272 tenens,
2572 5214 2629 5262 et
2656 5204 2907 5261 scindens
2928 5200 3157 5258 undioue
3186 5212 3331 5252 com·

190 5405 398 5465 “Gom
431 5423 630 5473 xxxvii,
663 5408 751 5464 52.
824 5409 872 5442 ⁸⁸
898 5408 1025 5465 ibid.
1071 5408 1161 5466 55.
1232 5409 1279 5441 ⁸⁸
1301 5408 1428 5465 ibid.
1490 5409 1546 5441 ⁸⁸⁸
1585 5409 1722 5466 Gen.
1755 5424 1948 5473 xxxix,
1994 5407 2048 5460 7.

1841 5610 1955 5682 (3¹)
1985 5608 2052 5665 In
2090 5611 2209 5665 sinu
2228 5612 2372 5666 tusas
2393 5611 2579 5676 patris.
2617 5609 2721 5665 Pro
2750 5610 2803 5664 itt
2833 5611 2949 5665 sinu
2978 5610 3142 5677 patris
3173 5609 3319 5671 lustu

1770 5696 1949 5751 nqens.
1980 5679 2151 5749 Supra
2173 5694 2295 5749 pag.
2331 5680 2453 5736 485.
2487 5696 2541 5734 a.
2570 5678 2702 5734 Post
2723 5680 2888 5749 saturi
2916 5690 3035 5735 sunt
3064 5691 3132 5735 tt.

1840 5748 1951 5823 (52)
1982 5749 2286 5826 lapidibus,
2318 5752 2369 5807 id
2395 5761 2508 5817 est,
2545 5752 2775 5817 qemi-nis.

188 5609 307 5680 (29)
355 5610 560 5666 Marsas
611 5613 896 5681 compositi.
937 5612 1204 5668 Morsuum
1246 5624 1383 5670 notae
1426 5613 1667 5671 confictae

110 5682 183 5739 ad
218 5680 503 5736 fallendum
529 5691 752 5749 patrem.

187 5751 302 5823 (30)
334 5751 429 5810 Hs.
464 5750 566 5808 Per
602 5753 744 5807 illam
780 5754 1016 5825 affectam
1052 5754 1295 5811 tunicam.
