<?xml version="1.0" encoding="UTF-8"?>
<!DOCTYPE html PUBLIC "-//W3C//DTD XHTML 1.0 Transitional//EN"
    "http://www.w3.org/TR/xhtml1/DTD/xhtml1-transitional.dtd">
<html xmlns="http://www.w3.org/1999/xhtml" xml:lang="en" lang="en">
 <head>
  <title>
</title>
<meta http-equiv="Content-Type" content="text/html;charset=utf-8" />
  <meta name='ocr-system' content='tesseract 3.04.00' />
  <meta name='ocr-capabilities' content='ocr_page ocr_carea ocr_par ocr_line ocrx_word'/>
</head>
<body>
  <div class='ocr_page' id='page_1' title='image "./patrologicursus112migngoog_0081.png"; bbox 0 0 3692 6134; ppageno 0'>
   <div class='ocr_carea' id='block_1_1' title="bbox 978 213 2353 276">
    <p class='ocr_par' dir='ltr' id='par_1_1' title="bbox 978 213 2353 276">
     <span class='ocr_line' id='line_1_1' title="bbox 978 213 2353 276; baseline 0.004 -5"><span class='ocrx_word' id='word_1_1' title='bbox 978 213 1484 275; x_wconf 64' lang='lat' dir='ltr'>commmunia</span> <span class='ocrx_word' id='word_1_2' title='bbox 1520 216 1591 274; x_wconf 83' lang='grc' dir='ltr'>ΙΝ</span> <span class='ocrx_word' id='word_1_3' title='bbox 1630 216 1890 274; x_wconf 57' lang='lat' dir='ltr'>Iseum.</span> <span class='ocrx_word' id='word_1_4' title='bbox 1931 250 1995 261; x_wconf 90' lang='lat'>—</span> <span class='ocrx_word' id='word_1_5' title='bbox 2036 217 2190 274; x_wconf 67' lang='lat' dir='ltr'>CAP.</span> <span class='ocrx_word' id='word_1_6' title='bbox 2232 218 2353 276; x_wconf 77' lang='lat' dir='ltr'>vu.</span> 
     </span>
    </p>
   </div>
   <div class='ocr_carea' id='block_1_2' title="bbox 3195 222 3298 279">
    <p class='ocr_par' dir='ltr' id='par_1_2' title="bbox 3195 222 3298 279">
     <span class='ocr_line' id='line_1_2' title="bbox 3195 222 3298 279; baseline 0.029 -3"><span class='ocrx_word' id='word_1_7' title='bbox 3195 222 3298 279; x_wconf 59' lang='lat' dir='ltr'>tm</span> 
     </span>
    </p>
   </div>
   <div class='ocr_carea' id='block_1_3' title="bbox 319 328 3298 410">
    <p class='ocr_par' dir='ltr' id='par_1_3' title="bbox 319 328 3298 410">
     <span class='ocr_line' id='line_1_3' title="bbox 319 328 3298 410; baseline 0.003 -26"><span class='ocrx_word' id='word_1_8' title='bbox 319 328 514 403; x_wconf 72' lang='grc' dir='ltr'><strong>ηαυτῷ</strong></span> <span class='ocrx_word' id='word_1_9' title='bbox 540 331 763 405; x_wconf 77' lang='grc' dir='ltr'><strong>σημεῖον</strong></span> <span class='ocrx_word' id='word_1_10' title='bbox 794 334 945 407; x_wconf 77' lang='grc' dir='ltr'><strong>παρὰ</strong></span> <span class='ocrx_word' id='word_1_11' title='bbox 976 335 1185 410; x_wconf 87' lang='grc' dir='ltr'><strong>Κυρίου</strong></span> <span class='ocrx_word' id='word_1_12' title='bbox 1213 337 1310 393; x_wconf 81' lang='grc' dir='ltr'>τοῦ</span> <span class='ocrx_word' id='word_1_13' title='bbox 1341 337 1478 394; x_wconf 81' lang='grc' dir='ltr'><strong>Θεοῦ</strong></span> <span class='ocrx_word' id='word_1_14' title='bbox 1513 354 1609 394; x_wconf 89' lang='grc' dir='ltr'>σου</span> <span class='ocrx_word' id='word_1_15' title='bbox 1638 343 1688 402; x_wconf 74' lang='lat' dir='ltr'>A</span> <span class='ocrx_word' id='word_1_16' title='bbox 1715 338 1902 395; x_wconf 77' lang='lat' dir='ltr'>Acbaz</span> <span class='ocrx_word' id='word_1_17' title='bbox 1941 338 2150 406; x_wconf 87' lang='lat' dir='ltr'>dicens,</span> <span class='ocrx_word' id='word_1_18' title='bbox 2185 339 2317 396; x_wconf 84' lang='lat' dir='ltr'>Pete</span> <span class='ocrx_word' id='word_1_19' title='bbox 2343 337 2441 395; x_wconf 90' lang='lat' dir='ltr'>tibi</span> <span class='ocrx_word' id='word_1_20' title='bbox 2464 337 2678 410; x_wconf 84' lang='lat' dir='ltr'>signum</span> <span class='ocrx_word' id='word_1_21' title='bbox 2715 354 2746 395; x_wconf 89' lang='lat' dir='ltr'>a</span> <span class='ocrx_word' id='word_1_22' title='bbox 2778 340 3010 397; x_wconf 84' lang='lat' dir='ltr'>Domino</span> <span class='ocrx_word' id='word_1_23' title='bbox 3036 341 3147 398; x_wconf 83' lang='lat' dir='ltr'>Deo</span> <span class='ocrx_word' id='word_1_24' title='bbox 3182 350 3298 404; x_wconf 79' lang='lat' dir='ltr'>tun.</span> 
     </span>
    </p>
   </div>
   <div class='ocr_carea' id='block_1_4' title="bbox 319 418 1611 680">
    <p class='ocr_par' dir='ltr' id='par_1_4' title="bbox 319 418 1611 680">
     <span class='ocr_line' id='line_1_4' title="bbox 319 418 1611 501; baseline 0.011 -29"><span class='ocrx_word' id='word_1_25' title='bbox 319 459 334 486; x_wconf 90' lang='lat'>,</span> <span class='ocrx_word' id='word_1_26' title='bbox 374 418 410 491; x_wconf 73' lang='grc' dir='ltr'><strong>ἢ</strong></span> <span class='ocrx_word' id='word_1_27' title='bbox 449 421 529 486; x_wconf 83' lang='grc' dir='ltr'>είς</span> <span class='ocrx_word' id='word_1_28' title='bbox 567 419 716 493; x_wconf 73' lang='grc' dir='ltr'><strong>ὕψος.</strong></span> <span class='ocrx_word' id='word_1_29' title='bbox 756 442 775 477; x_wconf 74' lang='grc' dir='ltr'><strong>ι</strong></span> <span class='ocrx_word' id='word_1_30' title='bbox 828 425 976 480; x_wconf 63' lang='lat' dir='ltr'>’Ant</span> <span class='ocrx_word' id='word_1_31' title='bbox 1000 426 1060 481; x_wconf 83' lang='grc' dir='ltr'>δὲ</span> <span class='ocrx_word' id='word_1_32' title='bbox 1086 427 1204 494; x_wconf 85' lang='grc' dir='ltr'><strong>τοῦ,</strong></span> <span class='ocrx_word' id='word_1_33' title='bbox 1240 447 1260 481; x_wconf 86' lang='grc' dir='ltr'>ι</span> <span class='ocrx_word' id='word_1_34' title='bbox 1297 430 1377 493; x_wconf 86' lang='grc' dir='ltr'>είς</span> <span class='ocrx_word' id='word_1_35' title='bbox 1424 429 1611 501; x_wconf 77' lang='grc' dir='ltr'><strong>βάθος,</strong></span> 
     </span>
     <span class='ocr_line' id='line_1_5' title="bbox 319 512 1608 592; baseline 0.009 -28"><span class='ocrx_word' id='word_1_36' title='bbox 319 527 396 577; x_wconf 90' lang='grc' dir='ltr'>ος,</span> <span class='ocrx_word' id='word_1_37' title='bbox 434 530 455 564; x_wconf 70' lang='grc' dir='ltr'><strong>ι</strong></span> <span class='ocrx_word' id='word_1_38' title='bbox 484 512 516 567; x_wconf 83' lang='grc' dir='ltr'><strong>δ</strong></span> <span class='ocrx_word' id='word_1_39' title='bbox 547 514 643 585; x_wconf 79' lang='grc' dir='ltr'>μὲν</span> <span class='ocrx_word' id='word_1_40' title='bbox 674 513 993 588; x_wconf 78' lang='grc' dir='ltr'><strong>Σύμμαχος,</strong></span> <span class='ocrx_word' id='word_1_41' title='bbox 1025 534 1046 570; x_wconf 79' lang='grc' dir='ltr'>ι</span> <span class='ocrx_word' id='word_1_42' title='bbox 1085 517 1320 591; x_wconf 74' lang='grc' dir='ltr'><strong>Δίτησαι</strong></span> <span class='ocrx_word' id='word_1_43' title='bbox 1375 520 1608 592; x_wconf 80' lang='grc' dir='ltr'><strong>σεαυτῷ,</strong></span> 
     </span>
     <span class='ocr_line' id='line_1_6' title="bbox 319 602 1609 680; baseline 0.006 -24"><span class='ocrx_word' id='word_1_44' title='bbox 319 604 452 657; x_wconf 77' lang='grc' dir='ltr'>ιεῖον</span> <span class='ocrx_word' id='word_1_45' title='bbox 484 602 634 677; x_wconf 82' lang='grc' dir='ltr'><strong>παρὰ</strong></span> <span class='ocrx_word' id='word_1_46' title='bbox 659 606 869 677; x_wconf 87' lang='grc' dir='ltr'><strong>Κυρίου</strong></span> <span class='ocrx_word' id='word_1_47' title='bbox 899 604 1038 662; x_wconf 89' lang='grc' dir='ltr'><strong>Θεοῦ</strong></span> <span class='ocrx_word' id='word_1_48' title='bbox 1096 624 1219 663; x_wconf 88' lang='grc' dir='ltr'><strong>σου·</strong></span> <span class='ocrx_word' id='word_1_49' title='bbox 1272 608 1500 680; x_wconf 78' lang='grc' dir='ltr'><strong>βάθυνον</strong></span> <span class='ocrx_word' id='word_1_50' title='bbox 1527 612 1609 675; x_wconf 82' lang='grc' dir='ltr'>εἱς</span> 
     </span>
    </p>
   </div>
   <div class='ocr_carea' id='block_1_5' title="bbox 319 695 1612 866">
    <p class='ocr_par' dir='ltr' id='par_1_5' title="bbox 319 695 1612 866">
     <span class='ocr_line' id='line_1_7' title="bbox 319 695 1608 776; baseline -0.005 -14"><span class='ocrx_word' id='word_1_51' title='bbox 319 702 355 762; x_wconf 68' lang='grc' dir='ltr'>’ς</span> <span class='ocrx_word' id='word_1_52' title='bbox 381 695 514 769; x_wconf 74' lang='grc' dir='ltr'>ὕψος</span> <span class='ocrx_word' id='word_1_53' title='bbox 536 696 680 752; x_wconf 74' lang='grc' dir='ltr'>ἄνω·</span> <span class='ocrx_word' id='word_1_54' title='bbox 725 717 746 751; x_wconf 67' lang='grc' dir='ltr'><strong>ι</strong></span> <span class='ocrx_word' id='word_1_55' title='bbox 781 700 812 751; x_wconf 79' lang='grc' dir='ltr'><strong>ὀ</strong></span> <span class='ocrx_word' id='word_1_56' title='bbox 847 698 904 754; x_wconf 76' lang='grc' dir='ltr'>δὲ</span> <span class='ocrx_word' id='word_1_57' title='bbox 944 700 1197 767; x_wconf 80' lang='grc' dir='ltr'><strong>Ἀκύλας,</strong></span> <span class='ocrx_word' id='word_1_58' title='bbox 1228 721 1248 755; x_wconf 86' lang='grc' dir='ltr'>ι</span> <span class='ocrx_word' id='word_1_59' title='bbox 1295 702 1608 776; x_wconf 81' lang='grc' dir='ltr'><strong>Ἐπερώτη-</strong></span> 
     </span>
     <span class='ocr_line' id='line_1_8' title="bbox 319 787 1612 866; baseline 0.003 -20"><span class='ocrx_word' id='word_1_60' title='bbox 319 787 365 861; x_wconf 78' lang='grc' dir='ltr'>ᾧ</span> <span class='ocrx_word' id='word_1_61' title='bbox 393 790 622 862; x_wconf 83' lang='grc' dir='ltr'><strong>σημεῖον</strong></span> <span class='ocrx_word' id='word_1_62' title='bbox 645 789 798 863; x_wconf 81' lang='grc' dir='ltr'><strong>παρὰ</strong></span> <span class='ocrx_word' id='word_1_63' title='bbox 831 792 1038 865; x_wconf 73' lang='grc' dir='ltr'><strong>Κυρίου</strong></span> <span class='ocrx_word' id='word_1_64' title='bbox 1066 793 1161 849; x_wconf 92' lang='grc' dir='ltr'>τοῦ</span> <span class='ocrx_word' id='word_1_65' title='bbox 1199 793 1332 849; x_wconf 86' lang='grc' dir='ltr'><strong>Θεοῦ</strong></span> <span class='ocrx_word' id='word_1_66' title='bbox 1362 812 1477 849; x_wconf 88' lang='grc' dir='ltr'><strong>σου·</strong></span> <span class='ocrx_word' id='word_1_67' title='bbox 1515 795 1612 866; x_wconf 86' lang='grc' dir='ltr'>βά-</span> 
     </span>
    </p>
   </div>
   <div class='ocr_carea' id='block_1_6' title="bbox 327 876 1655 953">
    <p class='ocr_par' dir='ltr' id='par_1_6' title="bbox 327 876 1655 953">
     <span class='ocr_line' id='line_1_9' title="bbox 327 876 1655 953; baseline 0.008 -22"><span class='ocrx_word' id='word_1_68' title='bbox 327 876 485 951; x_wconf 68' lang='grc' dir='ltr'><strong>ᾆδην,</strong></span> <span class='ocrx_word' id='word_1_69' title='bbox 529 878 860 952; x_wconf 85' lang='grc' dir='ltr'><strong>μετεώρισον</strong></span> <span class='ocrx_word' id='word_1_70' title='bbox 892 882 974 946; x_wconf 80' lang='grc' dir='ltr'>είς</span> <span class='ocrx_word' id='word_1_71' title='bbox 1002 880 1169 953; x_wconf 72' lang='grc' dir='ltr'><strong>ὕψος·</strong></span> <span class='ocrx_word' id='word_1_72' title='bbox 1214 902 1235 936; x_wconf 70' lang='grc' dir='ltr'><strong>ι</strong></span> <span class='ocrx_word' id='word_1_73' title='bbox 1280 886 1311 939; x_wconf 85' lang='grc' dir='ltr'><strong>ὀ</strong></span> <span class='ocrx_word' id='word_1_74' title='bbox 1339 884 1398 939; x_wconf 81' lang='grc' dir='ltr'>δὲ</span> <span class='ocrx_word' id='word_1_75' title='bbox 1423 884 1612 940; x_wconf 82' lang='grc' dir='ltr'><strong>Θεοδο·</strong></span> <span class='ocrx_word' id='word_1_76' title='bbox 1645 902 1655 909; x_wconf 92' lang='grc'><em>·</em></span> 
     </span>
    </p>
   </div>
   <div class='ocr_carea' id='block_1_7' title="bbox 319 969 1610 1511">
    <p class='ocr_par' dir='ltr' id='par_1_7' title="bbox 319 969 1610 1511">
     <span class='ocr_line' id='line_1_10' title="bbox 319 969 1604 1048; baseline 0.007 -23"><span class='ocrx_word' id='word_1_77' title='bbox 319 969 515 1043; x_wconf 67' lang='grc' dir='ltr'><strong>,ἴτησαι</strong></span> <span class='ocrx_word' id='word_1_78' title='bbox 541 971 750 1045; x_wconf 80' lang='grc' dir='ltr'><strong>σεαυτῷ</strong></span> <span class='ocrx_word' id='word_1_79' title='bbox 775 975 926 1048; x_wconf 82' lang='grc' dir='ltr'><strong>παρὰ</strong></span> <span class='ocrx_word' id='word_1_80' title='bbox 950 975 1156 1048; x_wconf 80' lang='grc' dir='ltr'><strong>Κυρίου</strong></span> <span class='ocrx_word' id='word_1_81' title='bbox 1183 976 1279 1031; x_wconf 92' lang='grc' dir='ltr'>τοῦ</span> <span class='ocrx_word' id='word_1_82' title='bbox 1305 976 1442 1032; x_wconf 88' lang='grc' dir='ltr'><strong>Θεοῦ</strong></span> <span class='ocrx_word' id='word_1_83' title='bbox 1473 994 1567 1033; x_wconf 85' lang='grc' dir='ltr'>σου</span> <span class='ocrx_word' id='word_1_84' title='bbox 1591 995 1604 1009; x_wconf 91' lang='grc'><em>·</em></span> 
     </span>
     <span class='ocr_line' id='line_1_11' title="bbox 319 1063 1610 1138; baseline 0.005 -19"><span class='ocrx_word' id='word_1_85' title='bbox 319 1065 361 1128; x_wconf 83' lang='grc' dir='ltr'>ίς</span> <span class='ocrx_word' id='word_1_86' title='bbox 387 1063 540 1138; x_wconf 67' lang='grc' dir='ltr'><strong>ᾅδην,</strong></span> <span class='ocrx_word' id='word_1_87' title='bbox 573 1064 788 1136; x_wconf 81' lang='grc' dir='ltr'><strong>ῢψωσον</strong></span> <span class='ocrx_word' id='word_1_88' title='bbox 822 1065 958 1121; x_wconf 74' lang='grc' dir='ltr'><strong>ἅνω.</strong></span> <span class='ocrx_word' id='word_1_89' title='bbox 997 1086 1018 1122; x_wconf 70' lang='grc' dir='ltr'><strong>ι</strong></span> <span class='ocrx_word' id='word_1_90' title='bbox 1051 1068 1345 1123; x_wconf 77' lang='grc' dir='ltr'><strong>Κελεύεται</strong></span> <span class='ocrx_word' id='word_1_91' title='bbox 1377 1069 1557 1125; x_wconf 82' lang='grc' dir='ltr'><strong>τοίνυν</strong></span> <span class='ocrx_word' id='word_1_92' title='bbox 1579 1073 1610 1126; x_wconf 83' lang='grc' dir='ltr'>ὁ</span> 
     </span>
     <span class='ocr_line' id='line_1_12' title="bbox 319 1152 1610 1234; baseline 0.005 -23"><span class='ocrx_word' id='word_1_93' title='bbox 319 1159 464 1228; x_wconf 80' lang='grc' dir='ltr'><strong>μεῖον</strong></span> <span class='ocrx_word' id='word_1_94' title='bbox 496 1160 752 1229; x_wconf 83' lang='grc' dir='ltr'><strong>αίτῆσαι,</strong></span> <span class='ocrx_word' id='word_1_95' title='bbox 792 1158 865 1213; x_wconf 83' lang='grc' dir='ltr'>δι’</span> <span class='ocrx_word' id='word_1_96' title='bbox 893 1152 956 1214; x_wconf 71' lang='grc' dir='ltr'>οὗ</span> <span class='ocrx_word' id='word_1_97' title='bbox 994 1158 1336 1232; x_wconf 76' lang='grc' dir='ltr'><strong>σωθήσεσθαι</strong></span> <span class='ocrx_word' id='word_1_98' title='bbox 1387 1161 1610 1234; x_wconf 71' lang='grc' dir='ltr'><strong>ἔμελλεν</strong></span> 
     </span>
     <span class='ocr_line' id='line_1_13' title="bbox 319 1247 1607 1323; baseline 0.005 -19"><span class='ocrx_word' id='word_1_99' title='bbox 319 1247 406 1304; x_wconf 71' lang='grc' dir='ltr'><strong>καὶ</strong></span> <span class='ocrx_word' id='word_1_100' title='bbox 427 1251 456 1305; x_wconf 78' lang='grc' dir='ltr'><strong>ὀ</strong></span> <span class='ocrx_word' id='word_1_101' title='bbox 496 1251 596 1305; x_wconf 79' lang='grc' dir='ltr'>σὺν</span> <span class='ocrx_word' id='word_1_102' title='bbox 619 1249 770 1323; x_wconf 79' lang='grc' dir='ltr'><strong>αύτῷ</strong></span> <span class='ocrx_word' id='word_1_103' title='bbox 806 1250 952 1316; x_wconf 83' lang='grc' dir='ltr'><strong>λαός.</strong></span> <span class='ocrx_word' id='word_1_104' title='bbox 992 1251 1273 1319; x_wconf 80' lang='grc' dir='ltr'><strong>Ἐξουσίαν</strong></span> <span class='ocrx_word' id='word_1_105' title='bbox 1308 1252 1368 1309; x_wconf 71' lang='grc' dir='ltr'>δὲ</span> <span class='ocrx_word' id='word_1_106' title='bbox 1395 1254 1607 1310; x_wconf 87' lang='grc' dir='ltr'><strong>δίδωσιν</strong></span> 
     </span>
     <span class='ocr_line' id='line_1_14' title="bbox 320 1340 1607 1419; baseline 0.006 -24"><span class='ocrx_word' id='word_1_107' title='bbox 320 1340 411 1406; x_wconf 76' lang='grc' dir='ltr'>ἰὸς</span> <span class='ocrx_word' id='word_1_108' title='bbox 449 1342 717 1414; x_wconf 75' lang='grc' dir='ltr'><strong>αἱρέσεως</strong></span> <span class='ocrx_word' id='word_1_109' title='bbox 745 1342 843 1399; x_wconf 84' lang='grc' dir='ltr'>τοῦ</span> <span class='ocrx_word' id='word_1_110' title='bbox 878 1344 1129 1417; x_wconf 81' lang='grc' dir='ltr'><strong>σημείου,</strong></span> <span class='ocrx_word' id='word_1_111' title='bbox 1158 1344 1271 1400; x_wconf 74' lang='grc' dir='ltr'><strong>εἴτε</strong></span> <span class='ocrx_word' id='word_1_112' title='bbox 1312 1346 1378 1401; x_wconf 71' lang='grc' dir='ltr'>ἐκ</span> <span class='ocrx_word' id='word_1_113' title='bbox 1410 1347 1607 1419; x_wconf 82' lang='grc' dir='ltr'><strong>βάθους</strong></span> 
     </span>
     <span class='ocr_line' id='line_1_15' title="bbox 320 1433 1606 1511; baseline 0.005 -21"><span class='ocrx_word' id='word_1_114' title='bbox 320 1478 322 1490; x_wconf 94' lang='grc'><strong>.</strong></span> <span class='ocrx_word' id='word_1_115' title='bbox 351 1433 503 1501; x_wconf 78' lang='grc' dir='ltr'><strong>αὐτῷ</strong></span> <span class='ocrx_word' id='word_1_116' title='bbox 527 1434 748 1505; x_wconf 78' lang='grc' dir='ltr'><strong>δοθῆναι</strong></span> <span class='ocrx_word' id='word_1_117' title='bbox 783 1434 966 1501; x_wconf 86' lang='grc' dir='ltr'><strong>τοῦτο,</strong></span> <span class='ocrx_word' id='word_1_118' title='bbox 1009 1438 1075 1493; x_wconf 79' lang='grc' dir='ltr'>ὲκ</span> <span class='ocrx_word' id='word_1_119' title='bbox 1119 1437 1315 1509; x_wconf 81' lang='grc' dir='ltr'><strong>βάθους</strong></span> <span class='ocrx_word' id='word_1_120' title='bbox 1352 1440 1450 1511; x_wconf 83' lang='grc' dir='ltr'>οὐχ</span> <span class='ocrx_word' id='word_1_121' title='bbox 1489 1442 1606 1496; x_wconf 74' lang='grc' dir='ltr'><strong>ἑτε-</strong></span> 
     </span>
    </p>
   </div>
   <div class='ocr_carea' id='block_1_8' title="bbox 1707 429 3299 1511">
    <p class='ocr_par' dir='ltr' id='par_1_8' title="bbox 1707 429 3299 1511">
     <span class='ocr_line' id='line_1_16' title="bbox 1715 429 3299 507; baseline 0.003 -23"><span class='ocrx_word' id='word_1_122' title='bbox 1715 429 1769 485; x_wconf 91' lang='lat' dir='ltr'>in</span> <span class='ocrx_word' id='word_1_123' title='bbox 1799 430 2151 501; x_wconf 75' lang='lat' dir='ltr'>profundum,</span> <span class='ocrx_word' id='word_1_124' title='bbox 2186 441 2281 488; x_wconf 91' lang='lat' dir='ltr'>aut</span> <span class='ocrx_word' id='word_1_125' title='bbox 2313 431 2369 487; x_wconf 92' lang='lat' dir='ltr'>in</span> <span class='ocrx_word' id='word_1_126' title='bbox 2390 430 2622 489; x_wconf 76' lang='lat' dir='ltr'>altum.»</span> <span class='ocrx_word' id='word_1_127' title='bbox 2656 431 2764 489; x_wconf 78' lang='lat' dir='ltr'>Pro</span> <span class='ocrx_word' id='word_1_128' title='bbox 2789 432 2905 501; x_wconf 87' lang='lat' dir='ltr'>iilo,</span> <span class='ocrx_word' id='word_1_129' title='bbox 2940 453 2959 487; x_wconf 86' lang='grc' dir='ltr'>ι</span> <span class='ocrx_word' id='word_1_130' title='bbox 2985 435 3042 491; x_wconf 92' lang='lat' dir='ltr'>in</span> <span class='ocrx_word' id='word_1_131' title='bbox 3071 433 3299 507; x_wconf 73' lang='lat' dir='ltr'>proruu-</span> 
     </span>
     <span class='ocr_line' id='line_1_17' title="bbox 1711 522 3299 597; baseline -0.001 -16"><span class='ocrx_word' id='word_1_132' title='bbox 1711 524 1865 589; x_wconf 91' lang='lat' dir='ltr'>dum,</span> <span class='ocrx_word' id='word_1_133' title='bbox 1915 533 2012 580; x_wconf 85' lang='lat' dir='ltr'>ant</span> <span class='ocrx_word' id='word_1_134' title='bbox 2076 525 2132 581; x_wconf 91' lang='lat' dir='ltr'>in</span> <span class='ocrx_word' id='word_1_135' title='bbox 2179 522 2389 587; x_wconf 81' lang='lat' dir='ltr'>altum.</span> <span class='ocrx_word' id='word_1_136' title='bbox 2422 543 2443 577; x_wconf 70' lang='grc' dir='ltr'><strong>ι</strong></span> <span class='ocrx_word' id='word_1_137' title='bbox 2497 523 2863 596; x_wconf 75' lang='lat' dir='ltr'>Symmachus</span> <span class='ocrx_word' id='word_1_138' title='bbox 2915 526 3136 597; x_wconf 86' lang='lat' dir='ltr'>quidem</span> <span class='ocrx_word' id='word_1_139' title='bbox 3200 527 3299 591; x_wconf 80' lang='lat' dir='ltr'>ait,</span> 
     </span>
     <span class='ocr_line' id='line_1_18' title="bbox 1719 613 3296 688; baseline 0.003 -22"><span class='ocrx_word' id='word_1_140' title='bbox 1719 631 1739 665; x_wconf 84' lang='grc' dir='ltr'>ι</span> <span class='ocrx_word' id='word_1_141' title='bbox 1765 613 1899 670; x_wconf 83' lang='lat' dir='ltr'>Pete</span> <span class='ocrx_word' id='word_1_142' title='bbox 1927 614 2023 671; x_wconf 92' lang='lat' dir='ltr'>tibi</span> <span class='ocrx_word' id='word_1_143' title='bbox 2048 615 2265 685; x_wconf 85' lang='lat' dir='ltr'>signum</span> <span class='ocrx_word' id='word_1_144' title='bbox 2292 630 2325 670; x_wconf 91' lang='lat' dir='ltr'>a</span> <span class='ocrx_word' id='word_1_145' title='bbox 2358 614 2589 673; x_wconf 88' lang='lat' dir='ltr'>Domino</span> <span class='ocrx_word' id='word_1_146' title='bbox 2635 615 2747 671; x_wconf 88' lang='lat' dir='ltr'>Deo</span> <span class='ocrx_word' id='word_1_147' title='bbox 2787 624 2907 686; x_wconf 87' lang='lat' dir='ltr'>tuo,</span> <span class='ocrx_word' id='word_1_148' title='bbox 2959 617 3204 688; x_wconf 81' lang='lat' dir='ltr'>deprime</span> <span class='ocrx_word' id='word_1_149' title='bbox 3240 616 3296 673; x_wconf 88' lang='lat' dir='ltr'>in</span> 
     </span>
     <span class='ocr_line' id='line_1_19' title="bbox 1711 703 3297 778; baseline 0.003 -19"><span class='ocrx_word' id='word_1_150' title='bbox 1711 703 2011 770; x_wconf 76' lang='lat' dir='ltr'>infernum,</span> <span class='ocrx_word' id='word_1_151' title='bbox 2036 715 2135 762; x_wconf 86' lang='lat' dir='ltr'>aut</span> <span class='ocrx_word' id='word_1_152' title='bbox 2175 708 2231 763; x_wconf 90' lang='lat' dir='ltr'>in</span> <span class='ocrx_word' id='word_1_153' title='bbox 2271 705 2547 763; x_wconf 82' lang='lat' dir='ltr'>excelsum</span> <span class='ocrx_word' id='word_1_154' title='bbox 2591 722 2792 778; x_wconf 77' lang='lat' dir='ltr'>supra3</span> <span class='ocrx_word' id='word_1_155' title='bbox 2823 726 2844 760; x_wconf 71' lang='grc' dir='ltr'><strong>ι</strong></span> <span class='ocrx_word' id='word_1_156' title='bbox 2901 708 3097 778; x_wconf 81' lang='lat' dir='ltr'>Aquila</span> <span class='ocrx_word' id='word_1_157' title='bbox 3140 724 3297 772; x_wconf 78' lang='lat' dir='ltr'>vero,</span> 
     </span>
     <span class='ocr_line' id='line_1_20' title="bbox 1716 795 3296 876; baseline 0.003 -26"><span class='ocrx_word' id='word_1_158' title='bbox 1716 814 1736 849; x_wconf 81' lang='grc' dir='ltr'>ι</span> <span class='ocrx_word' id='word_1_159' title='bbox 1758 795 1911 870; x_wconf 83' lang='lat' dir='ltr'>Roga</span> <span class='ocrx_word' id='word_1_160' title='bbox 1952 798 2052 855; x_wconf 87' lang='lat' dir='ltr'>tibi</span> <span class='ocrx_word' id='word_1_161' title='bbox 2075 800 2291 870; x_wconf 84' lang='lat' dir='ltr'>signum</span> <span class='ocrx_word' id='word_1_162' title='bbox 2324 815 2355 855; x_wconf 86' lang='lat' dir='ltr'>a</span> <span class='ocrx_word' id='word_1_163' title='bbox 2386 800 2617 856; x_wconf 89' lang='lat' dir='ltr'>Domino</span> <span class='ocrx_word' id='word_1_164' title='bbox 2635 800 2758 876; x_wconf 38' lang='lat' dir='ltr'>‚Deo</span> <span class='ocrx_word' id='word_1_165' title='bbox 2801 808 2915 865; x_wconf 85' lang='lat' dir='ltr'>tuo,</span> <span class='ocrx_word' id='word_1_166' title='bbox 2964 798 3213 871; x_wconf 80' lang='lat' dir='ltr'>deprime</span> <span class='ocrx_word' id='word_1_167' title='bbox 3242 801 3296 855; x_wconf 90' lang='lat' dir='ltr'>in</span> 
     </span>
     <span class='ocr_line' id='line_1_21' title="bbox 1710 888 3292 959; baseline 0.002 -15"><span class='ocrx_word' id='word_1_168' title='bbox 1710 888 2011 956; x_wconf 75' lang='lat' dir='ltr'>infernum,</span> <span class='ocrx_word' id='word_1_169' title='bbox 2038 890 2190 947; x_wconf 80' lang='lat' dir='ltr'>eleva</span> <span class='ocrx_word' id='word_1_170' title='bbox 2226 891 2280 947; x_wconf 90' lang='lat' dir='ltr'>in</span> <span class='ocrx_word' id='word_1_171' title='bbox 2318 890 2524 957; x_wconf 81' lang='lat' dir='ltr'>altum;</span> <span class='ocrx_word' id='word_1_172' title='bbox 2550 910 2570 944; x_wconf 72' lang='grc' dir='ltr'><strong>ι</strong></span> <span class='ocrx_word' id='word_1_173' title='bbox 2618 890 2943 959; x_wconf 86' lang='lat' dir='ltr'>Theodotio,</span> <span class='ocrx_word' id='word_1_174' title='bbox 2975 911 2995 945; x_wconf 84' lang='grc' dir='ltr'>ι</span> <span class='ocrx_word' id='word_1_175' title='bbox 3023 892 3158 948; x_wconf 82' lang='lat' dir='ltr'>Pete</span> <span class='ocrx_word' id='word_1_176' title='bbox 3198 891 3292 947; x_wconf 89' lang='lat' dir='ltr'>tibi</span> 
     </span>
     <span class='ocr_line' id='line_1_22' title="bbox 1711 981 3290 1055; baseline 0.001 -17"><span class='ocrx_word' id='word_1_177' title='bbox 1711 981 1927 1054; x_wconf 89' lang='lat' dir='ltr'>signum</span> <span class='ocrx_word' id='word_1_178' title='bbox 1965 997 1994 1037; x_wconf 86' lang='lat' dir='ltr'>a</span> <span class='ocrx_word' id='word_1_179' title='bbox 2046 983 2277 1038; x_wconf 90' lang='lat' dir='ltr'>Domino</span> <span class='ocrx_word' id='word_1_180' title='bbox 2304 984 2417 1039; x_wconf 89' lang='lat' dir='ltr'>Deo</span> <span class='ocrx_word' id='word_1_181' title='bbox 2474 993 2589 1049; x_wconf 88' lang='lat' dir='ltr'>tuo,</span> <span class='ocrx_word' id='word_1_182' title='bbox 2620 982 2863 1055; x_wconf 80' lang='lat' dir='ltr'>deprime</span> <span class='ocrx_word' id='word_1_183' title='bbox 2893 985 2946 1041; x_wconf 91' lang='lat' dir='ltr'>in</span> <span class='ocrx_word' id='word_1_184' title='bbox 2998 983 3290 1051; x_wconf 76' lang='lat' dir='ltr'>infernum.</span> 
     </span>
     <span class='ocr_line' id='line_1_23' title="bbox 1711 1072 3291 1147; baseline 0.001 -17"><span class='ocrx_word' id='word_1_185' title='bbox 1711 1074 1867 1130; x_wconf 84' lang='lat' dir='ltr'>eleva</span> <span class='ocrx_word' id='word_1_186' title='bbox 1897 1074 1952 1130; x_wconf 89' lang='lat' dir='ltr'>in</span> <span class='ocrx_word' id='word_1_187' title='bbox 1977 1073 2199 1130; x_wconf 79' lang='lat' dir='ltr'>altum.»</span> <span class='ocrx_word' id='word_1_188' title='bbox 2225 1072 2455 1130; x_wconf 70' lang='lat' dir='ltr'>«iubetur</span> <span class='ocrx_word' id='word_1_189' title='bbox 2477 1090 2609 1147; x_wconf 83' lang='lat' dir='ltr'>ergo</span> <span class='ocrx_word' id='word_1_190' title='bbox 2634 1075 2818 1131; x_wconf 77' lang='lat' dir='ltr'>Acbaz</span> <span class='ocrx_word' id='word_1_191' title='bbox 2842 1074 3055 1147; x_wconf 89' lang='lat' dir='ltr'>signum</span> <span class='ocrx_word' id='word_1_192' title='bbox 3080 1085 3291 1147; x_wconf 80' lang='lat' dir='ltr'>petere,</span> 
     </span>
     <span class='ocr_line' id='line_1_24' title="bbox 1709 1166 3292 1239; baseline 0.002 -18"><span class='ocrx_word' id='word_1_193' title='bbox 1709 1181 1819 1237; x_wconf 89' lang='lat' dir='ltr'>quo</span> <span class='ocrx_word' id='word_1_194' title='bbox 1852 1175 1968 1222; x_wconf 91' lang='lat' dir='ltr'>tum</span> <span class='ocrx_word' id='word_1_195' title='bbox 2014 1167 2151 1237; x_wconf 81' lang='lat' dir='ltr'>ipse.</span> <span class='ocrx_word' id='word_1_196' title='bbox 2203 1176 2312 1222; x_wconf 92' lang='lat' dir='ltr'>tum</span> <span class='ocrx_word' id='word_1_197' title='bbox 2347 1166 2573 1239; x_wconf 88' lang='lat' dir='ltr'>populus</span> <span class='ocrx_word' id='word_1_198' title='bbox 2611 1166 2728 1237; x_wconf 76' lang='lat' dir='ltr'>eins</span> <span class='ocrx_word' id='word_1_199' title='bbox 2758 1169 2986 1224; x_wconf 83' lang='lat' dir='ltr'>salutem</span> <span class='ocrx_word' id='word_1_200' title='bbox 3025 1183 3292 1225; x_wconf 85' lang='lat' dir='ltr'>consecu-</span> 
     </span>
     <span class='ocr_line' id='line_1_25' title="bbox 1709 1257 3292 1330; baseline 0.002 -16"><span class='ocrx_word' id='word_1_201' title='bbox 1709 1269 1866 1315; x_wconf 81' lang='lat' dir='ltr'>turus</span> <span class='ocrx_word' id='word_1_202' title='bbox 1911 1268 2052 1314; x_wconf 80' lang='lat' dir='ltr'>erat.</span> <span class='ocrx_word' id='word_1_203' title='bbox 2111 1257 2453 1314; x_wconf 86' lang='lat' dir='ltr'>Facultatem</span> <span class='ocrx_word' id='word_1_204' title='bbox 2492 1268 2675 1315; x_wconf 85' lang='lat' dir='ltr'>autem</span> <span class='ocrx_word' id='word_1_205' title='bbox 2732 1259 2835 1330; x_wconf 90' lang='lat' dir='ltr'>ipsi</span> <span class='ocrx_word' id='word_1_206' title='bbox 2885 1259 3092 1330; x_wconf 82' lang='lat' dir='ltr'>praebet</span> <span class='ocrx_word' id='word_1_207' title='bbox 3146 1260 3292 1318; x_wconf 83' lang='lat' dir='ltr'>Deus</span> 
     </span>
     <span class='ocr_line' id='line_1_26' title="bbox 1707 1347 3285 1423; baseline 0.001 -18"><span class='ocrx_word' id='word_1_208' title='bbox 1707 1349 1939 1422; x_wconf 83' lang='lat' dir='ltr'>eligendi</span> <span class='ocrx_word' id='word_1_209' title='bbox 1968 1348 2135 1420; x_wconf 81' lang='lat' dir='ltr'>signi,</span> <span class='ocrx_word' id='word_1_210' title='bbox 2183 1364 2249 1405; x_wconf 87' lang='lat' dir='ltr'>ac</span> <span class='ocrx_word' id='word_1_211' title='bbox 2279 1350 2324 1406; x_wconf 92' lang='lat' dir='ltr'>si</span> <span class='ocrx_word' id='word_1_212' title='bbox 2371 1364 2438 1405; x_wconf 81' lang='lat' dir='ltr'>ex</span> <span class='ocrx_word' id='word_1_213' title='bbox 2479 1347 2757 1420; x_wconf 76' lang='lat' dir='ltr'>profundo</span> <span class='ocrx_word' id='word_1_214' title='bbox 2798 1357 2987 1420; x_wconf 85' lang='lat' dir='ltr'>petat;</span> <span class='ocrx_word' id='word_1_215' title='bbox 3041 1366 3111 1407; x_wconf 87' lang='lat' dir='ltr'>ex</span> <span class='ocrx_word' id='word_1_216' title='bbox 3157 1366 3285 1423; x_wconf 82' lang='lat' dir='ltr'>pro·</span> 
     </span>
     <span class='ocr_line' id='line_1_27' title="bbox 1707 1438 3291 1511; baseline 0.001 -15"><span class='ocrx_word' id='word_1_217' title='bbox 1707 1438 1900 1505; x_wconf 74' lang='lat' dir='ltr'>tundo,</span> <span class='ocrx_word' id='word_1_218' title='bbox 1942 1455 2050 1496; x_wconf 89' lang='lat' dir='ltr'>non</span> <span class='ocrx_word' id='word_1_219' title='bbox 2075 1442 2183 1496; x_wconf 86' lang='lat' dir='ltr'>aliu</span> <span class='ocrx_word' id='word_1_220' title='bbox 2210 1441 2424 1496; x_wconf 87' lang='lat' dir='ltr'>scilicet</span> <span class='ocrx_word' id='word_1_221' title='bbox 2463 1455 2627 1511; x_wconf 90' lang='lat' dir='ltr'>quam</span> <span class='ocrx_word' id='word_1_222' title='bbox 2670 1440 2914 1507; x_wconf 80' lang='lat' dir='ltr'>inferno,</span> <span class='ocrx_word' id='word_1_223' title='bbox 2959 1456 3021 1498; x_wconf 86' lang='lat' dir='ltr'>se</span> <span class='ocrx_word' id='word_1_224' title='bbox 3058 1458 3291 1499; x_wconf 85' lang='lat' dir='ltr'>conces-</span> 
     </span>
    </p>
   </div>
   <div class='ocr_carea' id='block_1_9' title="bbox 319 1525 3291 2063">
    <p class='ocr_par' dir='ltr' id='par_1_9' title="bbox 319 1525 3288 1695">
     <span class='ocr_line' id='line_1_28' title="bbox 319 1525 3288 1606; baseline 0.003 -23"><span class='ocrx_word' id='word_1_225' title='bbox 319 1525 493 1583; x_wconf 74' lang='grc' dir='ltr'><strong>ἰκατὰ</strong></span> <span class='ocrx_word' id='word_1_226' title='bbox 521 1528 612 1585; x_wconf 88' lang='grc' dir='ltr'>τὸν</span> <span class='ocrx_word' id='word_1_227' title='bbox 647 1528 813 1603; x_wconf 66' lang='grc' dir='ltr'><strong>ᾅδην·</strong></span> <span class='ocrx_word' id='word_1_228' title='bbox 838 1530 949 1585; x_wconf 84' lang='grc' dir='ltr'><strong>είτε</strong></span> <span class='ocrx_word' id='word_1_229' title='bbox 980 1529 1042 1597; x_wconf 66' lang='grc' dir='ltr'>ἐξ</span> <span class='ocrx_word' id='word_1_230' title='bbox 1077 1530 1266 1603; x_wconf 76' lang='grc' dir='ltr'><strong>ὕψους,</strong></span> <span class='ocrx_word' id='word_1_231' title='bbox 1296 1533 1390 1588; x_wconf 76' lang='grc' dir='ltr'>καὶ</span> <span class='ocrx_word' id='word_1_232' title='bbox 1422 1534 1605 1588; x_wconf 82' lang='grc' dir='ltr'><strong>αὐτῶν</strong></span> <span class='ocrx_word' id='word_1_233' title='bbox 1707 1549 1934 1602; x_wconf 71' lang='lat' dir='ltr'>surum3</span> <span class='ocrx_word' id='word_1_234' title='bbox 1968 1536 2017 1589; x_wconf 83' lang='lat' dir='ltr'>sl</span> <span class='ocrx_word' id='word_1_235' title='bbox 2040 1547 2172 1590; x_wconf 83' lang='lat' dir='ltr'>vero</span> <span class='ocrx_word' id='word_1_236' title='bbox 2196 1548 2267 1589; x_wconf 83' lang='lat' dir='ltr'>ex</span> <span class='ocrx_word' id='word_1_237' title='bbox 2300 1534 2433 1599; x_wconf 88' lang='lat' dir='ltr'>alto,</span> <span class='ocrx_word' id='word_1_238' title='bbox 2466 1540 2561 1589; x_wconf 85' lang='lat' dir='ltr'>aut</span> <span class='ocrx_word' id='word_1_239' title='bbox 2592 1546 2661 1588; x_wconf 86' lang='lat' dir='ltr'>ex</span> <span class='ocrx_word' id='word_1_240' title='bbox 2687 1532 3102 1592; x_wconf 76' lang='lat' dir='ltr'>sublimioribus</span> <span class='ocrx_word' id='word_1_241' title='bbox 3127 1535 3288 1606; x_wconf 83' lang='lat' dir='ltr'>loeis,</span> 
     </span>
     <span class='ocr_line' id='line_1_29' title="bbox 319 1620 2362 1695; baseline 0.002 -21"><span class='ocrx_word' id='word_1_242' title='bbox 319 1620 620 1693; x_wconf 75' lang='grc' dir='ltr'><strong>μετεώρων.</strong></span> <span class='ocrx_word' id='word_1_243' title='bbox 1707 1640 1768 1682; x_wconf 87' lang='lat' dir='ltr'>se</span> <span class='ocrx_word' id='word_1_244' title='bbox 1794 1626 2046 1681; x_wconf 85' lang='lat' dir='ltr'>daturum</span> <span class='ocrx_word' id='word_1_245' title='bbox 2074 1624 2362 1695; x_wconf 81' lang='lat' dir='ltr'>pollicetur</span> 
     </span>
    </p>

    <p class='ocr_par' dir='ltr' id='par_1_10' title="bbox 319 1701 3291 2063">
     <span class='ocr_line' id='line_1_30' title="bbox 319 1701 3289 1790; baseline 0.004 -27"><span class='ocrx_word' id='word_1_246' title='bbox 319 1708 450 1769; x_wconf 77' lang='grc' dir='ltr'><strong>;ἷπεν</strong></span> <span class='ocrx_word' id='word_1_247' title='bbox 482 1710 669 1784; x_wconf 49' lang='lat' dir='ltr'>uxot.</span> <span class='ocrx_word' id='word_1_248' title='bbox 693 1713 770 1767; x_wconf 81' lang='grc' dir='ltr'>Οὐ</span> <span class='ocrx_word' id='word_1_249' title='bbox 807 1714 883 1788; x_wconf 81' lang='grc' dir='ltr'>μὴ</span> <span class='ocrx_word' id='word_1_250' title='bbox 905 1714 1133 1788; x_wconf 74' lang='grc' dir='ltr'><strong>αἰτήσω,</strong></span> <span class='ocrx_word' id='word_1_251' title='bbox 1168 1716 1281 1772; x_wconf 78' lang='grc' dir='ltr'><strong>οὐδ’</strong></span> <span class='ocrx_word' id='word_1_252' title='bbox 1300 1716 1363 1772; x_wconf 83' lang='grc' dir='ltr'>ού</span> <span class='ocrx_word' id='word_1_253' title='bbox 1395 1716 1471 1790; x_wconf 81' lang='grc' dir='ltr'>μὴ</span> <span class='ocrx_word' id='word_1_254' title='bbox 1494 1734 1610 1771; x_wconf 80' lang='grc' dir='ltr'><strong>πει·</strong></span> <span class='ocrx_word' id='word_1_255' title='bbox 1641 1701 1684 1757; x_wconf 84' lang='grc' dir='ltr'><strong>Β</strong></span> <span class='ocrx_word' id='word_1_256' title='bbox 1788 1712 1950 1770; x_wconf 74' lang='lat' dir='ltr'>Vstts.</span> <span class='ocrx_word' id='word_1_257' title='bbox 1993 1713 2082 1771; x_wconf 75' lang='lat'>12.</span> <span class='ocrx_word' id='word_1_258' title='bbox 2128 1734 2149 1767; x_wconf 81' lang='grc' dir='ltr'>ι</span> <span class='ocrx_word' id='word_1_259' title='bbox 2174 1714 2243 1770; x_wconf 84' lang='grc' dir='ltr'>Ει</span> <span class='ocrx_word' id='word_1_260' title='bbox 2270 1714 2412 1770; x_wconf 81' lang='lat' dir='ltr'>dixit</span> <span class='ocrx_word' id='word_1_261' title='bbox 2440 1714 2649 1782; x_wconf 70' lang='lat' dir='ltr'>Amat,</span> <span class='ocrx_word' id='word_1_262' title='bbox 2679 1712 2796 1771; x_wconf 88' lang='lat' dir='ltr'>Non</span> <span class='ocrx_word' id='word_1_263' title='bbox 2824 1724 3006 1786; x_wconf 83' lang='lat' dir='ltr'>petam</span> <span class='ocrx_word' id='word_1_264' title='bbox 3026 1759 3042 1785; x_wconf 89' lang='lat'>,</span> <span class='ocrx_word' id='word_1_265' title='bbox 3087 1724 3146 1773; x_wconf 89' lang='lat' dir='ltr'>et</span> <span class='ocrx_word' id='word_1_266' title='bbox 3178 1731 3289 1773; x_wconf 87' lang='lat' dir='ltr'>non</span> 
     </span>
     <span class='ocr_line' id='line_1_31' title="bbox 319 1803 3291 1882; baseline 0.002 -23"><span class='ocrx_word' id='word_1_267' title='bbox 319 1822 437 1860; x_wconf 77' lang='lat' dir='ltr'>mv.</span> <span class='ocrx_word' id='word_1_268' title='bbox 483 1824 504 1858; x_wconf 72' lang='grc' dir='ltr'><strong>ι</strong></span> <span class='ocrx_word' id='word_1_269' title='bbox 546 1805 846 1861; x_wconf 80' lang='grc' dir='ltr'><strong>’Δναίνεται</strong></span> <span class='ocrx_word' id='word_1_270' title='bbox 890 1807 956 1882; x_wconf 73' lang='grc' dir='ltr'>δὴ</span> <span class='ocrx_word' id='word_1_271' title='bbox 995 1803 1110 1875; x_wconf 82' lang='grc' dir='ltr'><strong>οὖν,</strong></span> <span class='ocrx_word' id='word_1_272' title='bbox 1157 1808 1255 1864; x_wconf 70' lang='grc' dir='ltr'>ἅτε</span> <span class='ocrx_word' id='word_1_273' title='bbox 1289 1808 1355 1882; x_wconf 74' lang='grc' dir='ltr'>δὴ</span> <span class='ocrx_word' id='word_1_274' title='bbox 1402 1808 1608 1879; x_wconf 76' lang='grc' dir='ltr'><strong>ὰσεὸὴς</strong></span> <span class='ocrx_word' id='word_1_275' title='bbox 1711 1805 1939 1860; x_wconf 83' lang='lat' dir='ltr'>tentabo</span> <span class='ocrx_word' id='word_1_276' title='bbox 1983 1804 2293 1861; x_wconf 85' lang='lat' dir='ltr'>Dominum.</span> <span class='ocrx_word' id='word_1_277' title='bbox 2325 1824 2347 1860; x_wconf 73' lang='grc' dir='ltr'><strong>ι</strong></span> <span class='ocrx_word' id='word_1_278' title='bbox 2398 1804 2640 1861; x_wconf 81' lang='lat' dir='ltr'>Recusat</span> <span class='ocrx_word' id='word_1_279' title='bbox 2692 1806 2947 1864; x_wconf 83' lang='lat' dir='ltr'>videlicet</span> <span class='ocrx_word' id='word_1_280' title='bbox 2990 1817 3050 1864; x_wconf 91' lang='lat' dir='ltr'>ut</span> <span class='ocrx_word' id='word_1_281' title='bbox 3086 1808 3291 1880; x_wconf 85' lang='lat' dir='ltr'>impius</span> 
     </span>
     <span class='ocr_line' id='line_1_32' title="bbox 319 1896 3287 1973; baseline 0.002 -22"><span class='ocrx_word' id='word_1_282' title='bbox 319 1896 672 1970; x_wconf 73' lang='grc' dir='ltr'><strong>ὴπειθαρχῶν</strong></span> <span class='ocrx_word' id='word_1_283' title='bbox 697 1898 778 1971; x_wconf 80' lang='grc' dir='ltr'><strong>τῷ</strong></span> <span class='ocrx_word' id='word_1_284' title='bbox 790 1899 910 1973; x_wconf 80' lang='grc' dir='ltr'>Θεῷ</span> <span class='ocrx_word' id='word_1_285' title='bbox 932 1900 1230 1965; x_wconf 79' lang='grc' dir='ltr'><strong>κελεύοντι,</strong></span> <span class='ocrx_word' id='word_1_286' title='bbox 1261 1901 1338 1972; x_wconf 77' lang='grc' dir='ltr'>μὴ</span> <span class='ocrx_word' id='word_1_287' title='bbox 1360 1900 1418 1954; x_wconf 74' lang='grc' dir='ltr'>δὲ</span> <span class='ocrx_word' id='word_1_288' title='bbox 1438 1899 1609 1954; x_wconf 74' lang='grc' dir='ltr'><strong>θέλων</strong></span> <span class='ocrx_word' id='word_1_289' title='bbox 1710 1911 1776 1951; x_wconf 85' lang='lat' dir='ltr'>ac</span> <span class='ocrx_word' id='word_1_290' title='bbox 1807 1896 1905 1952; x_wconf 86' lang='lat' dir='ltr'>Dei</span> <span class='ocrx_word' id='word_1_291' title='bbox 1936 1906 2207 1966; x_wconf 56' lang='lat' dir='ltr'>praecepto</span> <span class='ocrx_word' id='word_1_292' title='bbox 2233 1911 2341 1952; x_wconf 84' lang='lat' dir='ltr'>non</span> <span class='ocrx_word' id='word_1_293' title='bbox 2362 1897 2695 1966; x_wconf 80' lang='lat' dir='ltr'>obsequens,</span> <span class='ocrx_word' id='word_1_294' title='bbox 2726 1911 2827 1954; x_wconf 86' lang='lat' dir='ltr'>nec</span> <span class='ocrx_word' id='word_1_295' title='bbox 2846 1898 3038 1957; x_wconf 81' lang='lat' dir='ltr'>volens</span> <span class='ocrx_word' id='word_1_296' title='bbox 3058 1909 3287 1972; x_wconf 85' lang='lat' dir='ltr'>stupen-</span> 
     </span>
     <span class='ocr_line' id='line_1_33' title="bbox 319 1985 2872 2063; baseline 0.001 -21"><span class='ocrx_word' id='word_1_297' title='bbox 319 2006 332 2043; x_wconf 71' lang='lat' dir='ltr'><em>o</em></span> <span class='ocrx_word' id='word_1_298' title='bbox 357 1989 543 2046; x_wconf 77' lang='grc' dir='ltr'><strong>λαόεἰν</strong></span> <span class='ocrx_word' id='word_1_299' title='bbox 577 1992 676 2061; x_wconf 81' lang='grc' dir='ltr'>τῆς</span> <span class='ocrx_word' id='word_1_300' title='bbox 699 1990 795 2046; x_wconf 83' lang='grc' dir='ltr'>τοῦ</span> <span class='ocrx_word' id='word_1_301' title='bbox 827 1991 962 2046; x_wconf 84' lang='grc' dir='ltr'><strong>Θεοῦ</strong></span> <span class='ocrx_word' id='word_1_302' title='bbox 996 1989 1432 2063; x_wconf 76' lang='grc' dir='ltr'><strong>παραδοξοποιοῦ</strong></span> <span class='ocrx_word' id='word_1_303' title='bbox 1459 1989 1613 2046; x_wconf 83' lang='grc' dir='ltr'><strong>δυνά·</strong></span> <span class='ocrx_word' id='word_1_304' title='bbox 1711 1986 1795 2041; x_wconf 78' lang='lat' dir='ltr'>‹1ae</span> <span class='ocrx_word' id='word_1_305' title='bbox 1814 1985 2033 2043; x_wconf 83' lang='lat' dir='ltr'>virtutis</span> <span class='ocrx_word' id='word_1_306' title='bbox 2068 1986 2166 2042; x_wconf 74' lang='lat' dir='ltr'>nei</span> <span class='ocrx_word' id='word_1_307' title='bbox 2191 1988 2621 2057; x_wconf 77' lang='lat' dir='ltr'>experimentum</span> <span class='ocrx_word' id='word_1_308' title='bbox 2651 2003 2872 2060; x_wconf 84' lang='lat' dir='ltr'>capere.</span> 
     </span>
    </p>
   </div>
   <div class='ocr_carea' id='block_1_10' title="bbox 319 2164 3289 3713">
    <p class='ocr_par' dir='ltr' id='par_1_11' title="bbox 320 2164 3285 2245">
     <span class='ocr_line' id='line_1_34' title="bbox 320 2164 3285 2245; baseline 0.002 -20"><span class='ocrx_word' id='word_1_309' title='bbox 320 2169 449 2225; x_wconf 74' lang='grc' dir='ltr'><strong>ῐττεν</strong></span> <span class='ocrx_word' id='word_1_310' title='bbox 469 2187 482 2201; x_wconf 91' lang='grc'><em>·</em></span> <span class='ocrx_word' id='word_1_311' title='bbox 529 2170 826 2226; x_wconf 78' lang='grc' dir='ltr'><strong>’Δκούσατε</strong></span> <span class='ocrx_word' id='word_1_312' title='bbox 855 2170 942 2241; x_wconf 81' lang='grc' dir='ltr'>δὴ,</span> <span class='ocrx_word' id='word_1_313' title='bbox 969 2164 1122 2236; x_wconf 77' lang='grc' dir='ltr'><strong>οῐκος</strong></span> <span class='ocrx_word' id='word_1_314' title='bbox 1156 2169 1346 2226; x_wconf 73' lang='grc' dir='ltr'><strong>Δαυῖδ·</strong></span> <span class='ocrx_word' id='word_1_315' title='bbox 1391 2169 1484 2241; x_wconf 85' lang='grc' dir='ltr'>Μὴ</span> <span class='ocrx_word' id='word_1_316' title='bbox 1521 2186 1610 2241; x_wconf 81' lang='grc' dir='ltr'>μι-</span> <span class='ocrx_word' id='word_1_317' title='bbox 1782 2169 1952 2227; x_wconf 75' lang='lat' dir='ltr'>Vns.</span> <span class='ocrx_word' id='word_1_318' title='bbox 1993 2169 2085 2226; x_wconf 75' lang='lat'>¹5.</span> <span class='ocrx_word' id='word_1_319' title='bbox 2132 2188 2153 2224; x_wconf 79' lang='grc' dir='ltr'>ι</span> <span class='ocrx_word' id='word_1_320' title='bbox 2181 2169 2251 2226; x_wconf 75' lang='lat' dir='ltr'>Et</span> <span class='ocrx_word' id='word_1_321' title='bbox 2290 2170 2449 2238; x_wconf 79' lang='lat' dir='ltr'>dixit,</span> <span class='ocrx_word' id='word_1_322' title='bbox 2470 2171 2671 2228; x_wconf 80' lang='lat' dir='ltr'>Audite</span> <span class='ocrx_word' id='word_1_323' title='bbox 2695 2186 2851 2244; x_wconf 79' lang='lat' dir='ltr'>ergo,</span> <span class='ocrx_word' id='word_1_324' title='bbox 2881 2172 3074 2231; x_wconf 87' lang='lat' dir='ltr'>domus</span> <span class='ocrx_word' id='word_1_325' title='bbox 3094 2176 3285 2245; x_wconf 80' lang='lat' dir='ltr'>David,</span> 
     </span>
    </p>

    <p class='ocr_par' dir='ltr' id='par_1_12' title="bbox 319 2256 3289 3071">
     <span class='ocr_line' id='line_1_35' title="bbox 365 2256 3289 2336; baseline 0.002 -19"><span class='ocrx_word' id='word_1_326' title='bbox 365 2263 553 2331; x_wconf 79' lang='grc' dir='ltr'><strong>ἀγῶνα</strong></span> <span class='ocrx_word' id='word_1_327' title='bbox 593 2263 859 2335; x_wconf 69' lang='grc' dir='ltr'><strong>παρέχειν</strong></span> <span class='ocrx_word' id='word_1_328' title='bbox 895 2261 1225 2336; x_wconf 71' lang='grc' dir='ltr'><strong>ἀνθρώποις,</strong></span> <span class='ocrx_word' id='word_1_329' title='bbox 1265 2261 1383 2325; x_wconf 88' lang='grc' dir='ltr'>πῶς</span> <span class='ocrx_word' id='word_1_330' title='bbox 1417 2261 1608 2335; x_wconf 84' lang='grc' dir='ltr'><strong>Κυρίῳ</strong></span> <span class='ocrx_word' id='word_1_331' title='bbox 1707 2256 1980 2331; x_wconf 80' lang='lat' dir='ltr'>Numquid</span> <span class='ocrx_word' id='word_1_332' title='bbox 2002 2275 2195 2331; x_wconf 80' lang='lat' dir='ltr'>parum</span> <span class='ocrx_word' id='word_1_333' title='bbox 2226 2262 2383 2317; x_wconf 80' lang='lat' dir='ltr'>vobis</span> <span class='ocrx_word' id='word_1_334' title='bbox 2404 2272 2491 2318; x_wconf 87' lang='lat' dir='ltr'>est</span> <span class='ocrx_word' id='word_1_335' title='bbox 2511 2257 2820 2319; x_wconf 74' lang='lat' dir='ltr'>molestiam</span> <span class='ocrx_word' id='word_1_336' title='bbox 2846 2264 3085 2333; x_wconf 78' lang='lat' dir='ltr'>praebere</span> <span class='ocrx_word' id='word_1_337' title='bbox 3111 2267 3289 2322; x_wconf 89' lang='lat' dir='ltr'>bomi-</span> 
     </span>
     <span class='ocr_line' id='line_1_36' title="bbox 326 2353 3286 2428; baseline 0.002 -19"><span class='ocrx_word' id='word_1_338' title='bbox 326 2354 546 2424; x_wconf 78' lang='grc' dir='ltr'><strong>ἁγῶνα;</strong></span> <span class='ocrx_word' id='word_1_339' title='bbox 584 2372 605 2408; x_wconf 70' lang='grc' dir='ltr'><strong>ι</strong></span> <span class='ocrx_word' id='word_1_340' title='bbox 643 2355 769 2409; x_wconf 75' lang='grc' dir='ltr'>Ἐπὶ</span> <span class='ocrx_word' id='word_1_341' title='bbox 792 2357 859 2427; x_wconf 78' lang='grc' dir='ltr'><strong>τῇ</strong></span> <span class='ocrx_word' id='word_1_342' title='bbox 882 2353 977 2409; x_wconf 89' lang='grc' dir='ltr'>τοῦ</span> <span class='ocrx_word' id='word_1_343' title='bbox 1003 2354 1198 2428; x_wconf 77' lang='grc' dir='ltr'><strong>ἀνδρὸς</strong></span> <span class='ocrx_word' id='word_1_344' title='bbox 1220 2353 1447 2426; x_wconf 77' lang='grc' dir='ltr'><strong>ἀπονοίᾳ</strong></span> <span class='ocrx_word' id='word_1_345' title='bbox 1477 2369 1606 2424; x_wconf 87' lang='grc' dir='ltr'><strong>σχε-</strong></span> <span class='ocrx_word' id='word_1_346' title='bbox 1707 2353 1888 2421; x_wconf 87' lang='lat' dir='ltr'>nibus,</span> <span class='ocrx_word' id='word_1_347' title='bbox 1926 2368 2023 2409; x_wconf 86' lang='lat' dir='ltr'>cut·</span> <span class='ocrx_word' id='word_1_348' title='bbox 2062 2354 2295 2410; x_wconf 85' lang='lat' dir='ltr'>Domino</span> <span class='ocrx_word' id='word_1_349' title='bbox 2345 2355 2653 2410; x_wconf 77' lang='lat' dir='ltr'>molestiam</span> <span class='ocrx_word' id='word_1_350' title='bbox 2716 2356 3006 2424; x_wconf 71' lang='lat' dir='ltr'>praebetis?</span> <span class='ocrx_word' id='word_1_351' title='bbox 3032 2376 3052 2412; x_wconf 71' lang='grc' dir='ltr'><strong>ι</strong></span> <span class='ocrx_word' id='word_1_352' title='bbox 3096 2362 3286 2415; x_wconf 77' lang='lat' dir='ltr'>nomi-</span> 
     </span>
     <span class='ocr_line' id='line_1_37' title="bbox 358 2441 3283 2522; baseline 0.002 -23"><span class='ocrx_word' id='word_1_353' title='bbox 358 2446 674 2519; x_wconf 71' lang='grc' dir='ltr'><strong>προφήτης,</strong></span> <span class='ocrx_word' id='word_1_354' title='bbox 707 2444 768 2513; x_wconf 70' lang='grc' dir='ltr'>ἐξ</span> <span class='ocrx_word' id='word_1_355' title='bbox 803 2444 1003 2499; x_wconf 81' lang='grc' dir='ltr'><strong>οίκείου</strong></span> <span class='ocrx_word' id='word_1_356' title='bbox 1046 2442 1339 2517; x_wconf 79' lang='grc' dir='ltr'><strong>προσώπου</strong></span> <span class='ocrx_word' id='word_1_357' title='bbox 1361 2441 1430 2496; x_wconf 79' lang='grc' dir='ltr'><strong>τὰ</strong></span> <span class='ocrx_word' id='word_1_358' title='bbox 1473 2441 1604 2514; x_wconf 70' lang='grc' dir='ltr'><strong>ἑξῆς</strong></span> <span class='ocrx_word' id='word_1_359' title='bbox 1707 2444 1793 2502; x_wconf 87' lang='lat' dir='ltr'>nis</span> <span class='ocrx_word' id='word_1_360' title='bbox 1824 2444 2115 2522; x_wconf 77' lang='lat' dir='ltr'>stultitiam</span> <span class='ocrx_word' id='word_1_361' title='bbox 2142 2445 2434 2502; x_wconf 82' lang='lat' dir='ltr'>miseratus</span> <span class='ocrx_word' id='word_1_362' title='bbox 2456 2447 2749 2517; x_wconf 83' lang='lat' dir='ltr'>propbeta,</span> <span class='ocrx_word' id='word_1_363' title='bbox 2796 2463 2861 2503; x_wconf 83' lang='lat' dir='ltr'>ex</span> <span class='ocrx_word' id='word_1_364' title='bbox 2908 2448 3129 2520; x_wconf 81' lang='lat' dir='ltr'>propria</span> <span class='ocrx_word' id='word_1_365' title='bbox 3158 2465 3283 2520; x_wconf 77' lang='lat' dir='ltr'>per-</span> 
     </span>
     <span class='ocr_line' id='line_1_38' title="bbox 319 2534 3282 2612; baseline 0.003 -22"><span class='ocrx_word' id='word_1_366' title='bbox 319 2534 500 2592; x_wconf 82' lang='grc' dir='ltr'><strong>Ταῦτα</strong></span> <span class='ocrx_word' id='word_1_367' title='bbox 524 2535 582 2591; x_wconf 86' lang='grc' dir='ltr'>δὲ</span> <span class='ocrx_word' id='word_1_368' title='bbox 614 2538 644 2590; x_wconf 88' lang='grc' dir='ltr'><strong>ὀ</strong></span> <span class='ocrx_word' id='word_1_369' title='bbox 684 2535 786 2608; x_wconf 75' lang='grc' dir='ltr'>μὲν</span> <span class='ocrx_word' id='word_1_370' title='bbox 827 2535 1057 2602; x_wconf 81' lang='grc' dir='ltr'><strong>’Δκύλας</strong></span> <span class='ocrx_word' id='word_1_371' title='bbox 1080 2534 1272 2591; x_wconf 88' lang='grc' dir='ltr'><strong>τοῦτον</strong></span> <span class='ocrx_word' id='word_1_372' title='bbox 1293 2535 1604 2610; x_wconf 74' lang='grc' dir='ltr'><strong>ἡρμήνευσε</strong></span> <span class='ocrx_word' id='word_1_373' title='bbox 1703 2551 1838 2592; x_wconf 84' lang='lat' dir='ltr'>sona</span> <span class='ocrx_word' id='word_1_374' title='bbox 1864 2551 1985 2608; x_wconf 77' lang='lat' dir='ltr'>quae</span> <span class='ocrx_word' id='word_1_375' title='bbox 2014 2548 2317 2608; x_wconf 75' lang='lat' dir='ltr'>sequuntur</span> <span class='ocrx_word' id='word_1_376' title='bbox 2346 2537 2686 2608; x_wconf 76' lang='lat' dir='ltr'>pronuntiat.</span> <span class='ocrx_word' id='word_1_377' title='bbox 2719 2537 2847 2597; x_wconf 78' lang='lat' dir='ltr'>llaec</span> <span class='ocrx_word' id='word_1_378' title='bbox 2887 2555 3054 2611; x_wconf 79' lang='lat' dir='ltr'>porro</span> <span class='ocrx_word' id='word_1_379' title='bbox 3085 2537 3282 2612; x_wconf 78' lang='lat' dir='ltr'>Aquila</span> 
     </span>
     <span class='ocr_line' id='line_1_39' title="bbox 319 2625 3285 2704; baseline 0.003 -21"><span class='ocrx_word' id='word_1_380' title='bbox 319 2645 372 2684; x_wconf 71' lang='grc' dir='ltr'><strong>ν·</strong></span> <span class='ocrx_word' id='word_1_381' title='bbox 424 2648 444 2682; x_wconf 83' lang='grc' dir='ltr'>ι</span> <span class='ocrx_word' id='word_1_382' title='bbox 494 2628 787 2683; x_wconf 72' lang='grc' dir='ltr'><strong>Ἀκούσατε</strong></span> <span class='ocrx_word' id='word_1_383' title='bbox 817 2628 905 2701; x_wconf 81' lang='grc' dir='ltr'>δὴ,</span> <span class='ocrx_word' id='word_1_384' title='bbox 932 2625 1081 2694; x_wconf 78' lang='grc' dir='ltr'><strong>οίκος</strong></span> <span class='ocrx_word' id='word_1_385' title='bbox 1106 2628 1301 2684; x_wconf 72' lang='grc' dir='ltr'><strong>Δαυῒδ·</strong></span> <span class='ocrx_word' id='word_1_386' title='bbox 1330 2629 1480 2702; x_wconf 81' lang='grc' dir='ltr'><strong>Μήτι</strong></span> <span class='ocrx_word' id='word_1_387' title='bbox 1502 2627 1606 2681; x_wconf 82' lang='grc' dir='ltr'><strong>ὀλί-</strong></span> <span class='ocrx_word' id='word_1_388' title='bbox 1703 2630 1810 2686; x_wconf 85' lang='lat' dir='ltr'>ltoc</span> <span class='ocrx_word' id='word_1_389' title='bbox 1861 2629 2024 2686; x_wconf 86' lang='lat' dir='ltr'>modo</span> <span class='ocrx_word' id='word_1_390' title='bbox 2085 2630 2474 2699; x_wconf 82' lang='lat' dir='ltr'>interpretatur</span> <span class='ocrx_word' id='word_1_391' title='bbox 2511 2648 2526 2685; x_wconf 69' lang='grc' dir='ltr'>ε</span> <span class='ocrx_word' id='word_1_392' title='bbox 2571 2647 2593 2683; x_wconf 76' lang='grc' dir='ltr'>ι</span> <span class='ocrx_word' id='word_1_393' title='bbox 2635 2631 2834 2688; x_wconf 80' lang='lat' dir='ltr'>Audite</span> <span class='ocrx_word' id='word_1_394' title='bbox 2878 2648 3033 2704; x_wconf 81' lang='lat' dir='ltr'>ergo,</span> <span class='ocrx_word' id='word_1_395' title='bbox 3091 2635 3285 2691; x_wconf 75' lang='lat' dir='ltr'>domus</span> 
     </span>
     <span class='ocr_line' id='line_1_40' title="bbox 319 2718 3285 2799; baseline 0.004 -27"><span class='ocrx_word' id='word_1_396' title='bbox 319 2720 392 2777; x_wconf 64' lang='lat' dir='ltr'>»siv</span> <span class='ocrx_word' id='word_1_397' title='bbox 429 2720 657 2795; x_wconf 74' lang='grc' dir='ltr'><strong>ἄνδρας,</strong></span> <span class='ocrx_word' id='word_1_398' title='bbox 698 2722 782 2776; x_wconf 80' lang='grc' dir='ltr'>ὅτι</span> <span class='ocrx_word' id='word_1_399' title='bbox 835 2721 1084 2794; x_wconf 79' lang='grc' dir='ltr'><strong>μοχθεῖτε</strong></span> <span class='ocrx_word' id='word_1_400' title='bbox 1115 2721 1212 2776; x_wconf 84' lang='grc' dir='ltr'>καί</span> <span class='ocrx_word' id='word_1_401' title='bbox 1245 2738 1310 2791; x_wconf 86' lang='grc' dir='ltr'>γε</span> <span class='ocrx_word' id='word_1_402' title='bbox 1344 2718 1438 2774; x_wconf 90' lang='grc' dir='ltr'>τὸν</span> <span class='ocrx_word' id='word_1_403' title='bbox 1468 2719 1604 2773; x_wconf 85' lang='grc' dir='ltr'><strong>Θεόν</strong></span> <span class='ocrx_word' id='word_1_404' title='bbox 1705 2720 1901 2789; x_wconf 84' lang='lat' dir='ltr'>David,</span> <span class='ocrx_word' id='word_1_405' title='bbox 1943 2718 2215 2791; x_wconf 85' lang='lat' dir='ltr'>Numquid</span> <span class='ocrx_word' id='word_1_406' title='bbox 2248 2735 2438 2791; x_wconf 81' lang='lat' dir='ltr'>parum</span> <span class='ocrx_word' id='word_1_407' title='bbox 2472 2721 2712 2794; x_wconf 81' lang='lat' dir='ltr'>affligere</span> <span class='ocrx_word' id='word_1_408' title='bbox 2733 2724 2901 2793; x_wconf 80' lang='lat' dir='ltr'>viros,</span> <span class='ocrx_word' id='word_1_409' title='bbox 2926 2727 3053 2797; x_wconf 88' lang='lat' dir='ltr'>quia</span> <span class='ocrx_word' id='word_1_410' title='bbox 3084 2725 3285 2799; x_wconf 81' lang='lat' dir='ltr'>affligi-</span> 
     </span>
     <span class='ocr_line' id='line_1_41' title="bbox 319 2807 3285 2886; baseline 0.003 -20"><span class='ocrx_word' id='word_1_411' title='bbox 319 2817 333 2866; x_wconf 62' lang='grc' dir='ltr'><strong>ί</strong></span> <span class='ocrx_word' id='word_1_412' title='bbox 378 2812 438 2869; x_wconf 73' lang='grc' dir='ltr'>δὲ</span> <span class='ocrx_word' id='word_1_413' title='bbox 491 2812 818 2868; x_wconf 88' lang='grc' dir='ltr'><strong>Θεοδοτίων·</strong></span> <span class='ocrx_word' id='word_1_414' title='bbox 881 2832 900 2866; x_wconf 85' lang='grc' dir='ltr'>ι</span> <span class='ocrx_word' id='word_1_415' title='bbox 961 2811 1254 2867; x_wconf 70' lang='grc' dir='ltr'><strong>Ἀκούσατε</strong></span> <span class='ocrx_word' id='word_1_416' title='bbox 1300 2812 1398 2883; x_wconf 81' lang='grc' dir='ltr'>δὴ,</span> <span class='ocrx_word' id='word_1_417' title='bbox 1453 2807 1604 2877; x_wconf 81' lang='grc' dir='ltr'><strong>οἶκος</strong></span> <span class='ocrx_word' id='word_1_418' title='bbox 1707 2813 1777 2869; x_wconf 86' lang='lat' dir='ltr'>tis</span> <span class='ocrx_word' id='word_1_419' title='bbox 1810 2814 1977 2869; x_wconf 83' lang='lat' dir='ltr'>etiam</span> <span class='ocrx_word' id='word_1_420' title='bbox 2017 2813 2191 2869; x_wconf 89' lang='lat' dir='ltr'>Deum</span> <span class='ocrx_word' id='word_1_421' title='bbox 2223 2816 2442 2870; x_wconf 73' lang='lat' dir='ltr'>meum?</span> <span class='ocrx_word' id='word_1_422' title='bbox 2470 2835 2489 2867; x_wconf 73' lang='grc' dir='ltr'><strong>ι</strong></span> <span class='ocrx_word' id='word_1_423' title='bbox 2523 2814 2827 2873; x_wconf 82' lang='lat' dir='ltr'>Theodotio</span> <span class='ocrx_word' id='word_1_424' title='bbox 2869 2827 3073 2886; x_wconf 88' lang='lat' dir='ltr'>autem,</span> <span class='ocrx_word' id='word_1_425' title='bbox 3121 2821 3285 2876; x_wconf 76' lang='lat' dir='ltr'>‹Au-</span> 
     </span>
     <span class='ocr_line' id='line_1_42' title="bbox 319 2903 3283 2979; baseline 0.002 -19"><span class='ocrx_word' id='word_1_426' title='bbox 319 2904 351 2979; x_wconf 65' lang='lat' dir='ltr'>&#39;l</span> <span class='ocrx_word' id='word_1_427' title='bbox 400 2905 596 2979; x_wconf 81' lang='grc' dir='ltr'><strong>μικρὸν</strong></span> <span class='ocrx_word' id='word_1_428' title='bbox 646 2904 834 2973; x_wconf 79' lang='grc' dir='ltr'><strong>ἀγῶνα</strong></span> <span class='ocrx_word' id='word_1_429' title='bbox 891 2906 1154 2977; x_wconf 80' lang='grc' dir='ltr'><strong>παρέχειν</strong></span> <span class='ocrx_word' id='word_1_430' title='bbox 1187 2903 1468 2977; x_wconf 81' lang='grc' dir='ltr'><strong>ἀνδράσιν,</strong></span> <span class='ocrx_word' id='word_1_431' title='bbox 1520 2904 1604 2957; x_wconf 83' lang='grc' dir='ltr'>ὅτι</span> <span class='ocrx_word' id='word_1_432' title='bbox 1705 2903 1818 2959; x_wconf 90' lang='lat' dir='ltr'>dite</span> <span class='ocrx_word' id='word_1_433' title='bbox 1847 2919 2004 2976; x_wconf 84' lang='lat' dir='ltr'>ergo,</span> <span class='ocrx_word' id='word_1_434' title='bbox 2030 2904 2224 2961; x_wconf 91' lang='lat' dir='ltr'>domus</span> <span class='ocrx_word' id='word_1_435' title='bbox 2253 2905 2446 2972; x_wconf 77' lang='lat' dir='ltr'>David,</span> <span class='ocrx_word' id='word_1_436' title='bbox 2476 2905 2748 2975; x_wconf 83' lang='lat' dir='ltr'>Numquid</span> <span class='ocrx_word' id='word_1_437' title='bbox 2769 2921 2957 2977; x_wconf 80' lang='lat' dir='ltr'>parum</span> <span class='ocrx_word' id='word_1_438' title='bbox 2982 2908 3283 2965; x_wconf 78' lang='lat' dir='ltr'>molestiam</span> 
     </span>
     <span class='ocr_line' id='line_1_43' title="bbox 319 2994 3285 3071; baseline 0.001 -19"><span class='ocrx_word' id='word_1_439' title='bbox 319 2998 522 3071; x_wconf 74' lang='grc' dir='ltr'><strong>ιρέχετε</strong></span> <span class='ocrx_word' id='word_1_440' title='bbox 566 2998 661 3052; x_wconf 86' lang='grc' dir='ltr'>καί</span> <span class='ocrx_word' id='word_1_441' title='bbox 694 3014 760 3067; x_wconf 86' lang='grc' dir='ltr'>γε</span> <span class='ocrx_word' id='word_1_442' title='bbox 790 2996 870 3068; x_wconf 83' lang='grc' dir='ltr'><strong>τῷ</strong></span> <span class='ocrx_word' id='word_1_443' title='bbox 900 2996 1021 3068; x_wconf 82' lang='grc' dir='ltr'>Θεῷ</span> <span class='ocrx_word' id='word_1_444' title='bbox 1057 3012 1193 3069; x_wconf 74' lang='grc' dir='ltr'><strong>μους</strong></span> <span class='ocrx_word' id='word_1_445' title='bbox 1228 3017 1248 3048; x_wconf 75' lang='grc' dir='ltr'><strong>ι</strong></span> <span class='ocrx_word' id='word_1_446' title='bbox 1282 2996 1340 3050; x_wconf 75' lang='grc' dir='ltr'>Ὀ</span> <span class='ocrx_word' id='word_1_447' title='bbox 1360 2995 1418 3051; x_wconf 79' lang='grc' dir='ltr'>δὲ</span> <span class='ocrx_word' id='word_1_448' title='bbox 1452 2994 1603 3067; x_wconf 81' lang='grc' dir='ltr'><strong>Σύμ-</strong></span> <span class='ocrx_word' id='word_1_449' title='bbox 1706 2995 1954 3066; x_wconf 81' lang='lat' dir='ltr'>praebere</span> <span class='ocrx_word' id='word_1_450' title='bbox 1986 2996 2142 3064; x_wconf 80' lang='lat' dir='ltr'>viris,</span> <span class='ocrx_word' id='word_1_451' title='bbox 2184 2997 2313 3067; x_wconf 87' lang='lat' dir='ltr'>quia</span> <span class='ocrx_word' id='word_1_452' title='bbox 2346 2996 2656 3052; x_wconf 84' lang='lat' dir='ltr'>molestiam</span> <span class='ocrx_word' id='word_1_453' title='bbox 2688 2998 2942 3067; x_wconf 63' lang='lat' dir='ltr'>praebetis</span> <span class='ocrx_word' id='word_1_454' title='bbox 2978 3000 3141 3055; x_wconf 88' lang='lat' dir='ltr'>etiam</span> <span class='ocrx_word' id='word_1_455' title='bbox 3178 3001 3285 3056; x_wconf 86' lang='lat' dir='ltr'>Deo</span> 
     </span>
    </p>

    <p class='ocr_par' dir='ltr' id='par_1_13' title="bbox 319 3084 3285 3713">
     <span class='ocr_line' id='line_1_44' title="bbox 366 3084 3285 3163; baseline 0 -17"><span class='ocrx_word' id='word_1_456' title='bbox 366 3091 661 3146; x_wconf 72' lang='grc' dir='ltr'><strong>Ἀκούσατε</strong></span> <span class='ocrx_word' id='word_1_457' title='bbox 694 3089 783 3161; x_wconf 78' lang='grc' dir='ltr'>δὴ,</span> <span class='ocrx_word' id='word_1_458' title='bbox 810 3084 959 3154; x_wconf 73' lang='grc' dir='ltr'><strong>οἶκος</strong></span> <span class='ocrx_word' id='word_1_459' title='bbox 997 3090 1193 3144; x_wconf 72' lang='grc' dir='ltr'><strong>Δαυῖδ·</strong></span> <span class='ocrx_word' id='word_1_460' title='bbox 1225 3089 1319 3163; x_wconf 82' lang='grc' dir='ltr'>Μὴ</span> <span class='ocrx_word' id='word_1_461' title='bbox 1367 3090 1469 3144; x_wconf 79' lang='grc' dir='ltr'>οὐκ</span> <span class='ocrx_word' id='word_1_462' title='bbox 1509 3086 1602 3143; x_wconf 78' lang='grc' dir='ltr'>αῦ-</span> <span class='ocrx_word' id='word_1_463' title='bbox 1708 3087 1874 3141; x_wconf 73' lang='lat' dir='ltr'>uteo?</span> <span class='ocrx_word' id='word_1_464' title='bbox 1900 3106 1921 3140; x_wconf 71' lang='grc' dir='ltr'><strong>ι</strong></span> <span class='ocrx_word' id='word_1_465' title='bbox 1980 3086 2340 3159; x_wconf 78' lang='lat' dir='ltr'>Symmachus</span> <span class='ocrx_word' id='word_1_466' title='bbox 2392 3102 2546 3153; x_wconf 75' lang='lat' dir='ltr'>vero,</span> <span class='ocrx_word' id='word_1_467' title='bbox 2606 3106 2627 3142; x_wconf 80' lang='grc' dir='ltr'>ι</span> <span class='ocrx_word' id='word_1_468' title='bbox 2650 3088 2849 3144; x_wconf 81' lang='lat' dir='ltr'>Audite</span> <span class='ocrx_word' id='word_1_469' title='bbox 2902 3103 3057 3160; x_wconf 85' lang='lat' dir='ltr'>ergo,</span> <span class='ocrx_word' id='word_1_470' title='bbox 3091 3090 3285 3146; x_wconf 85' lang='lat' dir='ltr'>domus</span> 
     </span>
     <span class='ocr_line' id='line_1_45' title="bbox 319 3177 3283 3254; baseline -0 -16"><span class='ocrx_word' id='word_1_471' title='bbox 319 3185 377 3238; x_wconf 74' lang='grc' dir='ltr'>,ἰν</span> <span class='ocrx_word' id='word_1_472' title='bbox 407 3182 613 3238; x_wconf 73' lang='grc' dir='ltr'><strong>κοποῦν</strong></span> <span class='ocrx_word' id='word_1_473' title='bbox 637 3180 981 3254; x_wconf 78' lang='grc' dir='ltr'><strong>ἀνθρώπους,</strong></span> <span class='ocrx_word' id='word_1_474' title='bbox 1005 3182 1089 3236; x_wconf 73' lang='grc' dir='ltr'>ὅτι</span> <span class='ocrx_word' id='word_1_475' title='bbox 1121 3181 1356 3237; x_wconf 84' lang='grc' dir='ltr'><strong>κοποῦτε</strong></span> <span class='ocrx_word' id='word_1_476' title='bbox 1381 3182 1463 3237; x_wconf 74' lang='grc' dir='ltr'>ἐτι</span> <span class='ocrx_word' id='word_1_477' title='bbox 1505 3182 1601 3240; x_wconf 75' lang='grc' dir='ltr'>καὶ</span> <span class='ocrx_word' id='word_1_478' title='bbox 1709 3177 1917 3245; x_wconf 73' lang='lat' dir='ltr'>David.</span> <span class='ocrx_word' id='word_1_479' title='bbox 1956 3177 2152 3236; x_wconf 74' lang='lat' dir='ltr'>Annon</span> <span class='ocrx_word' id='word_1_480' title='bbox 2189 3177 2422 3236; x_wconf 85' lang='lat' dir='ltr'>sufficiet</span> <span class='ocrx_word' id='word_1_481' title='bbox 2461 3179 2621 3242; x_wconf 82' lang='lat' dir='ltr'>vobis</span> <span class='ocrx_word' id='word_1_482' title='bbox 2657 3178 2959 3250; x_wconf 76' lang='lat' dir='ltr'>defatigare</span> <span class='ocrx_word' id='word_1_483' title='bbox 3001 3181 3283 3248; x_wconf 81' lang='lat' dir='ltr'>homines,</span> 
     </span>
     <span class='ocr_line' id='line_1_46' title="bbox 324 3270 3285 3347; baseline 0.002 -21"><span class='ocrx_word' id='word_1_484' title='bbox 324 3289 463 3347; x_wconf 71' lang='grc' dir='ltr'><strong>μους</strong></span> <span class='ocrx_word' id='word_1_485' title='bbox 506 3292 526 3326; x_wconf 73' lang='grc' dir='ltr'><strong>ι</strong></span> <span class='ocrx_word' id='word_1_486' title='bbox 566 3273 726 3327; x_wconf 84' lang='grc' dir='ltr'><strong>Ἔστι</strong></span> <span class='ocrx_word' id='word_1_487' title='bbox 756 3271 816 3326; x_wconf 73' lang='grc' dir='ltr'>δὲ</span> <span class='ocrx_word' id='word_1_488' title='bbox 851 3275 882 3326; x_wconf 80' lang='grc' dir='ltr'>ο</span> <span class='ocrx_word' id='word_1_489' title='bbox 907 3270 1035 3337; x_wconf 88' lang='grc' dir='ltr'><strong>νοῦς</strong></span> <span class='ocrx_word' id='word_1_490' title='bbox 1065 3272 1178 3327; x_wconf 84' lang='grc' dir='ltr'>τῶν</span> <span class='ocrx_word' id='word_1_491' title='bbox 1219 3273 1599 3345; x_wconf 75' lang='grc' dir='ltr'><strong>προκειμένων</strong></span> <span class='ocrx_word' id='word_1_492' title='bbox 1706 3275 1834 3346; x_wconf 83' lang='lat' dir='ltr'>quia</span> <span class='ocrx_word' id='word_1_493' title='bbox 1883 3273 2195 3347; x_wconf 73' lang='lat' dir='ltr'>defatigatis</span> <span class='ocrx_word' id='word_1_494' title='bbox 2240 3276 2405 3332; x_wconf 90' lang='lat' dir='ltr'>ctiam</span> <span class='ocrx_word' id='word_1_495' title='bbox 2454 3273 2628 3332; x_wconf 88' lang='lat' dir='ltr'>Deum</span> <span class='ocrx_word' id='word_1_496' title='bbox 2666 3274 2943 3331; x_wconf 73' lang='lat' dir='ltr'>meumi»</span> <span class='ocrx_word' id='word_1_497' title='bbox 2994 3274 3285 3335; x_wconf 75' lang='lat' dir='ltr'>Proesentis</span> 
     </span>
     <span class='ocr_line' id='line_1_47' title="bbox 319 3363 3284 3439; baseline 0 -17"><span class='ocrx_word' id='word_1_498' title='bbox 319 3367 390 3422; x_wconf 78' lang='grc' dir='ltr'>Οὐ</span> <span class='ocrx_word' id='word_1_499' title='bbox 414 3367 687 3422; x_wconf 68' lang='grc' dir='ltr'><strong>παύσεσθε</strong></span> <span class='ocrx_word' id='word_1_500' title='bbox 715 3382 848 3421; x_wconf 86' lang='grc' dir='ltr'><strong>ποτε</strong></span> <span class='ocrx_word' id='word_1_501' title='bbox 869 3368 983 3430; x_wconf 78' lang='grc' dir='ltr'><strong>τοῖς</strong></span> <span class='ocrx_word' id='word_1_502' title='bbox 1001 3363 1098 3420; x_wconf 83' lang='grc' dir='ltr'>τοῦ</span> <span class='ocrx_word' id='word_1_503' title='bbox 1119 3364 1254 3420; x_wconf 83' lang='grc' dir='ltr'><strong>Θεοῦ</strong></span> <span class='ocrx_word' id='word_1_504' title='bbox 1273 3365 1602 3439; x_wconf 79' lang='grc' dir='ltr'><strong>ἀνθρώποις,</strong></span> <span class='ocrx_word' id='word_1_505' title='bbox 1706 3379 1870 3435; x_wconf 82' lang='lat' dir='ltr'>porro</span> <span class='ocrx_word' id='word_1_506' title='bbox 1908 3366 2038 3423; x_wconf 87' lang='lat' dir='ltr'>dicti</span> <span class='ocrx_word' id='word_1_507' title='bbox 2072 3380 2226 3423; x_wconf 87' lang='lat' dir='ltr'>mens</span> <span class='ocrx_word' id='word_1_508' title='bbox 2270 3366 2386 3422; x_wconf 81' lang='lat' dir='ltr'>baec</span> <span class='ocrx_word' id='word_1_509' title='bbox 2438 3375 2543 3432; x_wconf 88' lang='lat' dir='ltr'>est,</span> <span class='ocrx_word' id='word_1_510' title='bbox 2592 3364 2955 3437; x_wconf 85' lang='lat' dir='ltr'>Nunquamne</span> <span class='ocrx_word' id='word_1_511' title='bbox 2994 3366 3284 3424; x_wconf 83' lang='lat' dir='ltr'>cessabitis</span> 
     </span>
     <span class='ocr_line' id='line_1_48' title="bbox 319 3456 3283 3532; baseline 0 -19"><span class='ocrx_word' id='word_1_512' title='bbox 319 3462 421 3523; x_wconf 77' lang='grc' dir='ltr'><strong>τοῖς</strong></span> <span class='ocrx_word' id='word_1_513' title='bbox 462 3460 788 3532; x_wconf 81' lang='grc' dir='ltr'><strong>προφήταις,</strong></span> <span class='ocrx_word' id='word_1_514' title='bbox 833 3458 1034 3523; x_wconf 81' lang='grc' dir='ltr'><strong>κόπους</strong></span> <span class='ocrx_word' id='word_1_515' title='bbox 1074 3458 1166 3512; x_wconf 76' lang='grc' dir='ltr'>καὶ</span> <span class='ocrx_word' id='word_1_516' title='bbox 1215 3457 1465 3529; x_wconf 82' lang='grc' dir='ltr'><strong>μόχθους,</strong></span> <span class='ocrx_word' id='word_1_517' title='bbox 1506 3459 1602 3514; x_wconf 75' lang='grc' dir='ltr'>καὶ</span> <span class='ocrx_word' id='word_1_518' title='bbox 1709 3456 1803 3512; x_wconf 77' lang='lat' dir='ltr'>net</span> <span class='ocrx_word' id='word_1_519' title='bbox 1827 3457 2161 3525; x_wconf 71' lang='lat' dir='ltr'>bominibuS,</span> <span class='ocrx_word' id='word_1_520' title='bbox 2192 3456 2446 3514; x_wconf 80' lang='lat' dir='ltr'>videlicet</span> <span class='ocrx_word' id='word_1_521' title='bbox 2473 3458 2753 3530; x_wconf 80' lang='lat' dir='ltr'>prophetis</span> <span class='ocrx_word' id='word_1_522' title='bbox 2778 3472 2877 3530; x_wconf 81' lang='lat' dir='ltr'>pro</span> <span class='ocrx_word' id='word_1_523' title='bbox 2897 3469 3081 3515; x_wconf 77' lang='lat' dir='ltr'>vestra</span> <span class='ocrx_word' id='word_1_524' title='bbox 3107 3458 3283 3516; x_wconf 73' lang='lat' dir='ltr'>salute</span> 
     </span>
     <span class='ocr_line' id='line_1_49' title="bbox 319 3546 3282 3624; baseline 0 -19"><span class='ocrx_word' id='word_1_525' title='bbox 319 3552 437 3615; x_wconf 74' lang='grc' dir='ltr'><strong>τοὺς</strong></span> <span class='ocrx_word' id='word_1_526' title='bbox 487 3551 626 3624; x_wconf 76' lang='grc' dir='ltr'><strong>ὑπὲρ</strong></span> <span class='ocrx_word' id='word_1_527' title='bbox 669 3551 772 3622; x_wconf 85' lang='grc' dir='ltr'>τῆς</span> <span class='ocrx_word' id='word_1_528' title='bbox 821 3551 1091 3623; x_wconf 80' lang='grc' dir='ltr'><strong>ὑμετέρας</strong></span> <span class='ocrx_word' id='word_1_529' title='bbox 1137 3551 1412 3623; x_wconf 82' lang='grc' dir='ltr'><strong>σωτηρίας</strong></span> <span class='ocrx_word' id='word_1_530' title='bbox 1461 3567 1604 3624; x_wconf 82' lang='grc' dir='ltr'><strong>παρ-</strong></span> <span class='ocrx_word' id='word_1_531' title='bbox 1708 3547 2108 3616; x_wconf 84' lang='lat' dir='ltr'>laborantibus,</span> <span class='ocrx_word' id='word_1_532' title='bbox 2145 3546 2583 3619; x_wconf 74' lang='lat' dir='ltr'>defatigationes,</span> <span class='ocrx_word' id='word_1_533' title='bbox 2630 3548 2852 3606; x_wconf 85' lang='lat' dir='ltr'>labores</span> <span class='ocrx_word' id='word_1_534' title='bbox 2893 3559 2953 3606; x_wconf 87' lang='lat' dir='ltr'>et</span> <span class='ocrx_word' id='word_1_535' title='bbox 3000 3549 3282 3607; x_wconf 76' lang='lat' dir='ltr'>molestias</span> 
     </span>
     <span class='ocr_line' id='line_1_50' title="bbox 319 3637 3282 3713; baseline 0 -18"><span class='ocrx_word' id='word_1_536' title='bbox 319 3641 470 3695; x_wconf 80' lang='grc' dir='ltr'><strong>Ἀλλὰ</strong></span> <span class='ocrx_word' id='word_1_537' title='bbox 512 3640 578 3712; x_wconf 79' lang='grc' dir='ltr'>δὴ</span> <span class='ocrx_word' id='word_1_538' title='bbox 610 3642 706 3695; x_wconf 72' lang='grc' dir='ltr'>καὶ</span> <span class='ocrx_word' id='word_1_539' title='bbox 737 3638 887 3712; x_wconf 82' lang='grc' dir='ltr'><strong>αύτῷ</strong></span> <span class='ocrx_word' id='word_1_540' title='bbox 927 3638 1146 3711; x_wconf 64' lang='grc' dir='ltr'><strong>τῷὲμῷ</strong></span> <span class='ocrx_word' id='word_1_541' title='bbox 1175 3637 1316 3711; x_wconf 81' lang='grc' dir='ltr'><strong>Θεῷ,</strong></span> <span class='ocrx_word' id='word_1_542' title='bbox 1355 3639 1414 3693; x_wconf 79' lang='grc' dir='ltr'><strong>ὃν</strong></span> <span class='ocrx_word' id='word_1_543' title='bbox 1443 3640 1601 3713; x_wconf 79' lang='grc' dir='ltr'><strong>ὑμεῖς</strong></span> <span class='ocrx_word' id='word_1_544' title='bbox 1705 3639 1981 3709; x_wconf 71' lang='lat' dir='ltr'>praebere?</span> <span class='ocrx_word' id='word_1_545' title='bbox 2035 3639 2145 3696; x_wconf 89' lang='lat' dir='ltr'>Sed</span> <span class='ocrx_word' id='word_1_546' title='bbox 2201 3640 2438 3696; x_wconf 88' lang='lat' dir='ltr'>etiamne</span> <span class='ocrx_word' id='word_1_547' title='bbox 2485 3639 2585 3707; x_wconf 90' lang='lat' dir='ltr'>ipsi</span> <span class='ocrx_word' id='word_1_548' title='bbox 2633 3639 2746 3695; x_wconf 84' lang='lat' dir='ltr'>Deo</span> <span class='ocrx_word' id='word_1_549' title='bbox 2795 3652 2939 3704; x_wconf 87' lang='lat' dir='ltr'>meo,</span> <span class='ocrx_word' id='word_1_550' title='bbox 2991 3656 3151 3709; x_wconf 82' lang='lat' dir='ltr'>quem</span> <span class='ocrx_word' id='word_1_551' title='bbox 3183 3654 3282 3695; x_wconf 83' lang='lat' dir='ltr'>vos</span> 
     </span>
    </p>
   </div>
   <div class='ocr_carea' id='block_1_11' title="bbox 319 3730 1600 4354">
    <p class='ocr_par' dir='ltr' id='par_1_14' title="bbox 319 3730 1600 4082">
     <span class='ocr_line' id='line_1_51' title="bbox 320 3730 1600 3807; baseline 0 -19"><span class='ocrx_word' id='word_1_552' title='bbox 320 3732 415 3789; x_wconf 71' lang='grc' dir='ltr'>καὶ</span> <span class='ocrx_word' id='word_1_553' title='bbox 467 3734 746 3807; x_wconf 78' lang='grc' dir='ltr'><strong>ἀρνεῖσθε,</strong></span> <span class='ocrx_word' id='word_1_554' title='bbox 804 3736 874 3805; x_wconf 74' lang='grc' dir='ltr'><strong>τῇ</strong></span> <span class='ocrx_word' id='word_1_555' title='bbox 929 3730 1179 3801; x_wconf 83' lang='grc' dir='ltr'><strong>πολυθέῳ</strong></span> <span class='ocrx_word' id='word_1_556' title='bbox 1239 3733 1600 3806; x_wconf 76' lang='grc' dir='ltr'><strong>προσέχοντες</strong></span> 
     </span>
     <span class='ocr_line' id='line_1_52' title="bbox 319 3822 1596 3897; baseline 0 -20"><span class='ocrx_word' id='word_1_557' title='bbox 319 3822 507 3897; x_wconf 56' lang='grc' dir='ltr'><strong>αλμοὺς</strong></span> <span class='ocrx_word' id='word_1_558' title='bbox 525 3825 622 3878; x_wconf 74' lang='grc' dir='ltr'>καὶ</span> <span class='ocrx_word' id='word_1_559' title='bbox 635 3824 856 3890; x_wconf 84' lang='grc' dir='ltr'><strong>κόπους,</strong></span> <span class='ocrx_word' id='word_1_560' title='bbox 880 3825 975 3879; x_wconf 82' lang='grc' dir='ltr'>καὶ</span> <span class='ocrx_word' id='word_1_561' title='bbox 997 3824 1218 3894; x_wconf 78' lang='grc' dir='ltr'><strong>ἀγῶνας</strong></span> <span class='ocrx_word' id='word_1_562' title='bbox 1237 3823 1596 3896; x_wconf 79' lang='grc' dir='ltr'><strong>παρέχοντες,</strong></span> 
     </span>
     <span class='ocr_line' id='line_1_53' title="bbox 319 3915 1595 3985; baseline 0 -15"><span class='ocrx_word' id='word_1_563' title='bbox 319 3916 535 3971; x_wconf 81' lang='grc' dir='ltr'><strong>ύλεσθαι</strong></span> <span class='ocrx_word' id='word_1_564' title='bbox 568 3916 841 3972; x_wconf 77' lang='grc' dir='ltr'><strong>πιστεύειν</strong></span> <span class='ocrx_word' id='word_1_565' title='bbox 887 3916 1051 3971; x_wconf 81' lang='grc' dir='ltr'><strong>αὐτοῦ</strong></span> <span class='ocrx_word' id='word_1_566' title='bbox 1078 3919 1199 3981; x_wconf 77' lang='grc' dir='ltr'><strong>ταῖς</strong></span> <span class='ocrx_word' id='word_1_567' title='bbox 1218 3915 1595 3985; x_wconf 72' lang='grc' dir='ltr'><strong>ἐπαγγελίαις,</strong></span> 
     </span>
     <span class='ocr_line' id='line_1_54' title="bbox 319 4008 1019 4082; baseline 0.001 -19"><span class='ocrx_word' id='word_1_568' title='bbox 319 4008 692 4079; x_wconf 69' lang='grc' dir='ltr'><strong>εκελευσμένα</strong></span> <span class='ocrx_word' id='word_1_569' title='bbox 725 4008 1019 4082; x_wconf 83' lang='grc' dir='ltr'><strong>πράττειν;</strong></span> 
     </span>
    </p>

    <p class='ocr_par' dir='ltr' id='par_1_15' title="bbox 319 4098 1596 4354">
     <span class='ocr_line' id='line_1_55' title="bbox 319 4098 1593 4174; baseline 0.002 -20"><span class='ocrx_word' id='word_1_570' title='bbox 319 4099 464 4154; x_wconf 75' lang='grc' dir='ltr'><strong>τοῦτο</strong></span> <span class='ocrx_word' id='word_1_571' title='bbox 497 4098 659 4153; x_wconf 83' lang='grc' dir='ltr'><strong>δώσει</strong></span> <span class='ocrx_word' id='word_1_572' title='bbox 706 4099 908 4173; x_wconf 78' lang='grc' dir='ltr'><strong>Κύριος</strong></span> <span class='ocrx_word' id='word_1_573' title='bbox 958 4100 1119 4167; x_wconf 83' lang='grc' dir='ltr'><strong>αὐτὸς</strong></span> <span class='ocrx_word' id='word_1_574' title='bbox 1164 4101 1294 4174; x_wconf 77' lang='grc' dir='ltr'><strong>ύμῖν</strong></span> <span class='ocrx_word' id='word_1_575' title='bbox 1337 4104 1593 4174; x_wconf 79' lang='grc' dir='ltr'><strong>σημεῖον·</strong></span> 
     </span>
     <span class='ocr_line' id='line_1_56' title="bbox 319 4190 1595 4264; baseline 0.002 -19"><span class='ocrx_word' id='word_1_576' title='bbox 319 4190 464 4255; x_wconf 80' lang='grc' dir='ltr'><strong>θένος</strong></span> <span class='ocrx_word' id='word_1_577' title='bbox 493 4193 551 4245; x_wconf 81' lang='grc' dir='ltr'><strong>ὲν</strong></span> <span class='ocrx_word' id='word_1_578' title='bbox 578 4191 778 4264; x_wconf 74' lang='grc' dir='ltr'><strong>γαστρὶ</strong></span> <span class='ocrx_word' id='word_1_579' title='bbox 803 4190 1053 4264; x_wconf 81' lang='grc' dir='ltr'><strong>λήψεται,</strong></span> <span class='ocrx_word' id='word_1_580' title='bbox 1091 4193 1188 4248; x_wconf 71' lang='grc' dir='ltr'>καὶ</span> <span class='ocrx_word' id='word_1_581' title='bbox 1218 4192 1431 4259; x_wconf 81' lang='grc' dir='ltr'><strong>τέξεται</strong></span> <span class='ocrx_word' id='word_1_582' title='bbox 1461 4193 1595 4260; x_wconf 84' lang='grc' dir='ltr'><strong>υἱὸν,</strong></span> 
     </span>
     <span class='ocr_line' id='line_1_57' title="bbox 319 4280 1596 4354; baseline 0.002 -20"><span class='ocrx_word' id='word_1_583' title='bbox 319 4296 418 4345; x_wconf 72' lang='grc' dir='ltr'><strong>πεις</strong></span> <span class='ocrx_word' id='word_1_584' title='bbox 456 4280 516 4334; x_wconf 88' lang='grc' dir='ltr'><strong>τὸ</strong></span> <span class='ocrx_word' id='word_1_585' title='bbox 571 4280 744 4352; x_wconf 74' lang='grc' dir='ltr'><strong>ὄνομα</strong></span> <span class='ocrx_word' id='word_1_586' title='bbox 792 4280 954 4335; x_wconf 81' lang='grc' dir='ltr'><strong>αὐτοῦ</strong></span> <span class='ocrx_word' id='word_1_587' title='bbox 1013 4281 1378 4354; x_wconf 79' lang='grc' dir='ltr'><strong>Ἐμμανουήλ.</strong></span> <span class='ocrx_word' id='word_1_588' title='bbox 1439 4301 1459 4335; x_wconf 73' lang='grc' dir='ltr'><strong>ι</strong></span> <span class='ocrx_word' id='word_1_589' title='bbox 1509 4283 1596 4347; x_wconf 86' lang='grc' dir='ltr'><strong>Τί,</strong></span> 
     </span>
    </p>
   </div>
   <div class='ocr_carea' id='block_1_12' title="bbox 319 4373 1675 4465">
    <p class='ocr_par' dir='ltr' id='par_1_16' title="bbox 319 4373 1675 4465">
     <span class='ocr_line' id='line_1_58' title="bbox 319 4373 1675 4465; baseline 0.001 -37"><span class='ocrx_word' id='word_1_590' title='bbox 319 4374 353 4428; x_wconf 75' lang='lat' dir='ltr'>:l</span> <span class='ocrx_word' id='word_1_591' title='bbox 373 4374 437 4428; x_wconf 87' lang='grc' dir='ltr'><strong>τὸ</strong></span> <span class='ocrx_word' id='word_1_592' title='bbox 464 4377 730 4448; x_wconf 75' lang='grc' dir='ltr'><strong>σωτήριον</strong></span> <span class='ocrx_word' id='word_1_593' title='bbox 771 4377 1013 4447; x_wconf 81' lang='grc' dir='ltr'><strong>σημεῖον,</strong></span> <span class='ocrx_word' id='word_1_594' title='bbox 1039 4375 1069 4429; x_wconf 80' lang='grc' dir='ltr'><strong>ὃ</strong></span> <span class='ocrx_word' id='word_1_595' title='bbox 1099 4376 1193 4431; x_wconf 75' lang='grc' dir='ltr'>καὶ</span> <span class='ocrx_word' id='word_1_596' title='bbox 1228 4375 1306 4448; x_wconf 83' lang='grc' dir='ltr'>μὴ</span> <span class='ocrx_word' id='word_1_597' title='bbox 1348 4373 1600 4447; x_wconf 82' lang='grc' dir='ltr'><strong>βουλομέ-</strong></span> <span class='ocrx_word' id='word_1_598' title='bbox 1630 4407 1675 4465; x_wconf 71' lang='lat' dir='ltr'>D</span> 
     </span>
    </p>
   </div>
   <div class='ocr_carea' id='block_1_13' title="bbox 319 4465 1600 4907">
    <p class='ocr_par' dir='ltr' id='par_1_17' title="bbox 319 4465 1600 4907">
     <span class='ocr_line' id='line_1_59' title="bbox 329 4465 1595 4541; baseline 0 -19"><span class='ocrx_word' id='word_1_599' title='bbox 329 4466 588 4540; x_wconf 75' lang='grc' dir='ltr'><strong>παρέξεις</strong></span> <span class='ocrx_word' id='word_1_600' title='bbox 625 4465 926 4541; x_wconf 77' lang='grc' dir='ltr'><strong>παράδοξόν</strong></span> <span class='ocrx_word' id='word_1_601' title='bbox 967 4485 1020 4522; x_wconf 88' lang='grc' dir='ltr'>τι</span> <span class='ocrx_word' id='word_1_602' title='bbox 1056 4466 1240 4527; x_wconf 72' lang='grc' dir='ltr'><strong>θαῦμα</strong></span> <span class='ocrx_word' id='word_1_603' title='bbox 1280 4466 1433 4523; x_wconf 72' lang='grc' dir='ltr'><strong>ἔσται</strong></span> <span class='ocrx_word' id='word_1_604' title='bbox 1462 4468 1595 4522; x_wconf 83' lang='grc' dir='ltr'><strong>ποτὲ</strong></span> 
     </span>
     <span class='ocr_line' id='line_1_60' title="bbox 319 4558 1596 4631; baseline -0.002 -17"><span class='ocrx_word' id='word_1_605' title='bbox 319 4576 447 4624; x_wconf 70' lang='grc' dir='ltr'><strong>τοις,</strong></span> <span class='ocrx_word' id='word_1_606' title='bbox 490 4559 586 4614; x_wconf 77' lang='grc' dir='ltr'>καὶ</span> <span class='ocrx_word' id='word_1_607' title='bbox 631 4560 856 4631; x_wconf 77' lang='grc' dir='ltr'><strong>σημεῖον</strong></span> <span class='ocrx_word' id='word_1_608' title='bbox 909 4558 1176 4631; x_wconf 75' lang='grc' dir='ltr'><strong>μηδέποτε</strong></span> <span class='ocrx_word' id='word_1_609' title='bbox 1218 4559 1481 4616; x_wconf 77' lang='grc' dir='ltr'><strong>ἀκουσθὲν</strong></span> <span class='ocrx_word' id='word_1_610' title='bbox 1529 4560 1596 4612; x_wconf 83' lang='grc' dir='ltr'>ὲκ</span> 
     </span>
     <span class='ocr_line' id='line_1_61' title="bbox 319 4649 1595 4725; baseline 0 -21"><span class='ocrx_word' id='word_1_611' title='bbox 319 4667 354 4715; x_wconf 68' lang='grc' dir='ltr'>ις</span> <span class='ocrx_word' id='word_1_612' title='bbox 383 4649 598 4715; x_wconf 83' lang='grc' dir='ltr'><strong>αἰῶνος.</strong></span> <span class='ocrx_word' id='word_1_613' title='bbox 627 4651 1119 4725; x_wconf 79' lang='grc' dir='ltr'><strong>Παρθένοςκυήσει</strong></span> <span class='ocrx_word' id='word_1_614' title='bbox 1153 4649 1280 4722; x_wconf 81' lang='grc' dir='ltr'><strong>δίχα</strong></span> <span class='ocrx_word' id='word_1_615' title='bbox 1313 4650 1414 4722; x_wconf 81' lang='grc' dir='ltr'>τῆς</span> <span class='ocrx_word' id='word_1_616' title='bbox 1457 4650 1595 4722; x_wconf 91' lang='grc' dir='ltr'><strong>πρὸς</strong></span> 
     </span>
     <span class='ocr_line' id='line_1_62' title="bbox 319 4741 1597 4816; baseline 0.001 -21"><span class='ocrx_word' id='word_1_617' title='bbox 319 4741 519 4807; x_wconf 77' lang='grc' dir='ltr'><strong>κονίας,</strong></span> <span class='ocrx_word' id='word_1_618' title='bbox 551 4744 644 4797; x_wconf 78' lang='grc' dir='ltr'>καὶ</span> <span class='ocrx_word' id='word_1_619' title='bbox 669 4743 802 4799; x_wconf 87' lang='grc' dir='ltr'><strong>Θεὸν</strong></span> <span class='ocrx_word' id='word_1_620' title='bbox 822 4745 1089 4816; x_wconf 76' lang='grc' dir='ltr'><strong>γεννήσει,</strong></span> <span class='ocrx_word' id='word_1_621' title='bbox 1118 4743 1346 4816; x_wconf 84' lang='grc' dir='ltr'><strong>Σωτῆρα</strong></span> <span class='ocrx_word' id='word_1_622' title='bbox 1365 4742 1456 4797; x_wconf 87' lang='grc' dir='ltr'>τοῦ</span> <span class='ocrx_word' id='word_1_623' title='bbox 1485 4742 1597 4797; x_wconf 86' lang='grc' dir='ltr'>τῶν</span> 
     </span>
     <span class='ocr_line' id='line_1_63' title="bbox 319 4832 1600 4907; baseline 0.002 -20"><span class='ocrx_word' id='word_1_624' title='bbox 319 4855 329 4882; x_wconf 78' lang='lat' dir='ltr'><em>r</em></span> <span class='ocrx_word' id='word_1_625' title='bbox 354 4832 565 4904; x_wconf 79' lang='grc' dir='ltr'><strong>γένους.</strong></span> <span class='ocrx_word' id='word_1_626' title='bbox 587 4835 787 4890; x_wconf 89' lang='grc' dir='ltr'><strong>Τοῦτον</strong></span> <span class='ocrx_word' id='word_1_627' title='bbox 813 4835 973 4891; x_wconf 82' lang='grc' dir='ltr'><strong>αὐτὸν</strong></span> <span class='ocrx_word' id='word_1_628' title='bbox 992 4836 1083 4890; x_wconf 87' lang='grc' dir='ltr'>τὸν</span> <span class='ocrx_word' id='word_1_629' title='bbox 1112 4835 1373 4907; x_wconf 83' lang='grc' dir='ltr'><strong>μέλλοντα</strong></span> <span class='ocrx_word' id='word_1_630' title='bbox 1401 4834 1600 4906; x_wconf 83' lang='grc' dir='ltr'><strong>λαγχά-</strong></span> 
     </span>
    </p>
   </div>
   <div class='ocr_carea' id='block_1_14' title="bbox 320 4925 1628 5001">
    <p class='ocr_par' dir='ltr' id='par_1_18' title="bbox 320 4925 1628 5001">
     <span class='ocr_line' id='line_1_64' title="bbox 320 4925 1628 5001; baseline 0.003 -23"><span class='ocrx_word' id='word_1_631' title='bbox 320 4941 424 4995; x_wconf 75' lang='grc' dir='ltr'>Ιτης</span> <span class='ocrx_word' id='word_1_632' title='bbox 444 4926 747 4996; x_wconf 72' lang='grc' dir='ltr'><strong>γεννήσεως</strong></span> <span class='ocrx_word' id='word_1_633' title='bbox 773 4925 907 4981; x_wconf 87' lang='grc' dir='ltr'><strong>Θεὸν</strong></span> <span class='ocrx_word' id='word_1_634' title='bbox 929 4929 1153 4999; x_wconf 78' lang='grc' dir='ltr'><strong>σημεῖον</strong></span> <span class='ocrx_word' id='word_1_635' title='bbox 1174 4927 1303 4999; x_wconf 78' lang='grc' dir='ltr'><strong>ύμῖν</strong></span> <span class='ocrx_word' id='word_1_636' title='bbox 1335 4928 1628 5001; x_wconf 79' lang='grc' dir='ltr'><strong>σωτήριον·</strong></span> 
     </span>
    </p>
   </div>
   <div class='ocr_carea' id='block_1_15' title="bbox 319 5015 1601 5734">
    <p class='ocr_par' dir='ltr' id='par_1_19' title="bbox 319 5015 1601 5734">
     <span class='ocr_line' id='line_1_65' title="bbox 319 5015 1600 5091; baseline 0.004 -23"><span class='ocrx_word' id='word_1_637' title='bbox 319 5015 465 5087; x_wconf 68' lang='grc' dir='ltr'>ἧδηὸ</span> <span class='ocrx_word' id='word_1_638' title='bbox 507 5015 639 5080; x_wconf 87' lang='grc' dir='ltr'><strong>Θεὸς</strong></span> <span class='ocrx_word' id='word_1_639' title='bbox 685 5016 948 5089; x_wconf 83' lang='grc' dir='ltr'><strong>παρέχει·</strong></span> <span class='ocrx_word' id='word_1_640' title='bbox 998 5018 1028 5072; x_wconf 80' lang='grc' dir='ltr'><strong>ὃ</strong></span> <span class='ocrx_word' id='word_1_641' title='bbox 1067 5019 1132 5091; x_wconf 80' lang='grc' dir='ltr'>δὴ</span> <span class='ocrx_word' id='word_1_642' title='bbox 1168 5019 1263 5072; x_wconf 79' lang='grc' dir='ltr'>καὶ</span> <span class='ocrx_word' id='word_1_643' title='bbox 1298 5021 1384 5082; x_wconf 87' lang='grc' dir='ltr'>είς</span> <span class='ocrx_word' id='word_1_644' title='bbox 1436 5017 1600 5090; x_wconf 83' lang='grc' dir='ltr'><strong>βάθος</strong></span> 
     </span>
     <span class='ocr_line' id='line_1_66' title="bbox 319 5107 1600 5181; baseline 0.004 -22"><span class='ocrx_word' id='word_1_645' title='bbox 319 5122 342 5159; x_wconf 88' lang='grc' dir='ltr'><strong>ν</strong></span> <span class='ocrx_word' id='word_1_646' title='bbox 395 5107 681 5178; x_wconf 81' lang='grc' dir='ltr'><strong>ποιήσεται</strong></span> <span class='ocrx_word' id='word_1_647' title='bbox 727 5107 922 5179; x_wconf 77' lang='grc' dir='ltr'><strong>μέχρις</strong></span> <span class='ocrx_word' id='word_1_648' title='bbox 969 5108 1095 5181; x_wconf 62' lang='grc' dir='ltr'><strong>ᾅδου</strong></span> <span class='ocrx_word' id='word_1_649' title='bbox 1140 5108 1462 5177; x_wconf 77' lang='grc' dir='ltr'><strong>κατάὸασιν,</strong></span> <span class='ocrx_word' id='word_1_650' title='bbox 1515 5112 1600 5174; x_wconf 86' lang='grc' dir='ltr'>είς</span> 
     </span>
     <span class='ocr_line' id='line_1_67' title="bbox 319 5198 1601 5273; baseline 0.002 -20"><span class='ocrx_word' id='word_1_651' title='bbox 319 5198 371 5253; x_wconf 79' lang='grc' dir='ltr'>ιὰ</span> <span class='ocrx_word' id='word_1_652' title='bbox 403 5198 501 5271; x_wconf 77' lang='grc' dir='ltr'>τὴν</span> <span class='ocrx_word' id='word_1_653' title='bbox 538 5201 617 5265; x_wconf 77' lang='grc' dir='ltr'>εἰς</span> <span class='ocrx_word' id='word_1_654' title='bbox 650 5201 916 5273; x_wconf 77' lang='grc' dir='ltr'><strong>οὐρανοὺς</strong></span> <span class='ocrx_word' id='word_1_655' title='bbox 944 5201 1225 5256; x_wconf 69' lang='grc' dir='ltr'><strong>ἐπάνοδον.</strong></span> <span class='ocrx_word' id='word_1_656' title='bbox 1256 5203 1331 5256; x_wconf 76' lang='grc' dir='ltr'>Σὺ</span> <span class='ocrx_word' id='word_1_657' title='bbox 1359 5198 1477 5267; x_wconf 82' lang='grc' dir='ltr'><strong>οὖν,</strong></span> <span class='ocrx_word' id='word_1_658' title='bbox 1525 5198 1601 5256; x_wconf 76' lang='grc' dir='ltr'>οἶ-</span> 
     </span>
     <span class='ocr_line' id='line_1_68' title="bbox 319 5291 1598 5366; baseline 0.002 -22"><span class='ocrx_word' id='word_1_659' title='bbox 319 5330 333 5355; x_wconf 96' lang='grc'><strong>,</strong></span> <span class='ocrx_word' id='word_1_660' title='bbox 368 5291 615 5346; x_wconf 76' lang='grc' dir='ltr'><strong>ἐντεῦθεν</strong></span> <span class='ocrx_word' id='word_1_661' title='bbox 648 5292 748 5365; x_wconf 66' lang='grc' dir='ltr'>ἤδη</span> <span class='ocrx_word' id='word_1_662' title='bbox 796 5292 938 5348; x_wconf 82' lang='grc' dir='ltr'><strong>κατὰ</strong></span> <span class='ocrx_word' id='word_1_663' title='bbox 974 5293 1063 5347; x_wconf 90' lang='grc' dir='ltr'>τὸν</span> <span class='ocrx_word' id='word_1_664' title='bbox 1105 5292 1292 5365; x_wconf 86' lang='grc' dir='ltr'><strong>καιρὸν</strong></span> <span class='ocrx_word' id='word_1_665' title='bbox 1321 5294 1420 5364; x_wconf 81' lang='grc' dir='ltr'>τῆς</span> <span class='ocrx_word' id='word_1_666' title='bbox 1464 5293 1598 5366; x_wconf 83' lang='grc' dir='ltr'><strong>πρὸς</strong></span> 
     </span>
     <span class='ocr_line' id='line_1_69' title="bbox 320 5382 1590 5456; baseline 0.002 -20"><span class='ocrx_word' id='word_1_667' title='bbox 320 5399 451 5446; x_wconf 86' lang='grc' dir='ltr'><strong>ντας</strong></span> <span class='ocrx_word' id='word_1_668' title='bbox 481 5382 769 5455; x_wconf 87' lang='grc' dir='ltr'><strong>πολεμίους</strong></span> <span class='ocrx_word' id='word_1_669' title='bbox 803 5400 869 5437; x_wconf 91' lang='grc' dir='ltr'>συ</span> <span class='ocrx_word' id='word_1_670' title='bbox 877 5382 1079 5456; x_wconf 75' lang='grc' dir='ltr'><strong>μύολῆς</strong></span> <span class='ocrx_word' id='word_1_671' title='bbox 1108 5383 1377 5439; x_wconf 78' lang='grc' dir='ltr'><strong>ἀνακαλοῦ</strong></span> <span class='ocrx_word' id='word_1_672' title='bbox 1409 5383 1590 5450; x_wconf 83' lang='grc' dir='ltr'><strong>αὐτὸν,</strong></span> 
     </span>
     <span class='ocr_line' id='line_1_70' title="bbox 319 5473 1595 5549; baseline 0.004 -22"><span class='ocrx_word' id='word_1_673' title='bbox 319 5473 383 5546; x_wconf 71' lang='grc' dir='ltr'>ὴλ</span> <span class='ocrx_word' id='word_1_674' title='bbox 413 5474 785 5547; x_wconf 73' lang='grc' dir='ltr'><strong>ἐπονομάζων,</strong></span> <span class='ocrx_word' id='word_1_675' title='bbox 811 5475 951 5547; x_wconf 83' lang='grc' dir='ltr'><strong>ὅπερ</strong></span> <span class='ocrx_word' id='word_1_676' title='bbox 973 5477 1039 5530; x_wconf 81' lang='grc' dir='ltr'>ὲκ</span> <span class='ocrx_word' id='word_1_677' title='bbox 1058 5475 1157 5547; x_wconf 81' lang='grc' dir='ltr'>τῆς</span> <span class='ocrx_word' id='word_1_678' title='bbox 1181 5476 1476 5549; x_wconf 81' lang='grc' dir='ltr'><strong>ἑρμηνείας</strong></span> <span class='ocrx_word' id='word_1_679' title='bbox 1495 5478 1595 5549; x_wconf 81' lang='grc' dir='ltr'>τὴν</span> 
     </span>
     <span class='ocr_line' id='line_1_71' title="bbox 347 5565 1596 5642; baseline 0.003 -23"><span class='ocrx_word' id='word_1_680' title='bbox 347 5565 644 5638; x_wconf 82' lang='grc' dir='ltr'><strong>παρίστησι</strong></span> <span class='ocrx_word' id='word_1_681' title='bbox 683 5566 942 5638; x_wconf 87' lang='grc' dir='ltr'><strong>δύναμιν·</strong></span> <span class='ocrx_word' id='word_1_682' title='bbox 979 5585 999 5619; x_wconf 84' lang='grc' dir='ltr'>ι</span> <span class='ocrx_word' id='word_1_683' title='bbox 1058 5568 1176 5639; x_wconf 80' lang='grc' dir='ltr'><strong>μεθ’</strong></span> <span class='ocrx_word' id='word_1_684' title='bbox 1224 5567 1380 5640; x_wconf 77' lang='grc' dir='ltr'><strong>ἡμῶν</strong></span> <span class='ocrx_word' id='word_1_685' title='bbox 1421 5587 1439 5620; x_wconf 77' lang='grc' dir='ltr'>ι</span> <span class='ocrx_word' id='word_1_686' title='bbox 1487 5568 1596 5642; x_wconf 83' lang='grc' dir='ltr'>γὰρ</span> 
     </span>
     <span class='ocr_line' id='line_1_72' title="bbox 319 5656 1597 5734; baseline 0.005 -22"><span class='ocrx_word' id='word_1_687' title='bbox 319 5684 325 5704; x_wconf 70' lang='grc' dir='ltr'><strong>ι</strong></span> <span class='ocrx_word' id='word_1_688' title='bbox 358 5658 508 5725; x_wconf 81' lang='grc' dir='ltr'><strong>δηλοῖ</strong></span> <span class='ocrx_word' id='word_1_689' title='bbox 530 5658 788 5727; x_wconf 76' lang='grc' dir='ltr'><strong>τοῦνομα.</strong></span> <span class='ocrx_word' id='word_1_690' title='bbox 821 5660 1096 5717; x_wconf 84' lang='grc' dir='ltr'><strong>Πιστεύων</strong></span> <span class='ocrx_word' id='word_1_691' title='bbox 1117 5656 1210 5717; x_wconf 79' lang='grc' dir='ltr'>οῦν</span> <span class='ocrx_word' id='word_1_692' title='bbox 1236 5659 1374 5734; x_wconf 73' lang='grc' dir='ltr'>δῇτα</span> <span class='ocrx_word' id='word_1_693' title='bbox 1393 5660 1471 5731; x_wconf 82' lang='grc' dir='ltr'><strong>τῷ</strong></span> <span class='ocrx_word' id='word_1_694' title='bbox 1500 5677 1597 5732; x_wconf 80' lang='grc' dir='ltr'><strong>ση-</strong></span> 
     </span>
    </p>
   </div>
   <div class='ocr_carea' id='block_1_16' title="bbox 1700 3730 3280 5734">
    <p class='ocr_par' dir='ltr' id='par_1_20' title="bbox 1704 3730 3280 4079">
     <span class='ocr_line' id='line_1_73' title="bbox 1706 3730 3280 3803; baseline -0.001 -14"><span class='ocrx_word' id='word_1_695' title='bbox 1706 3733 1969 3803; x_wconf 83' lang='lat' dir='ltr'>ignoratis</span> <span class='ocrx_word' id='word_1_696' title='bbox 2018 3739 2077 3787; x_wconf 89' lang='lat' dir='ltr'>et</span> <span class='ocrx_word' id='word_1_697' title='bbox 2130 3730 2368 3803; x_wconf 81' lang='lat' dir='ltr'>negatis.</span> <span class='ocrx_word' id='word_1_698' title='bbox 2413 3730 2714 3786; x_wconf 83' lang='lat' dir='ltr'>multorum</span> <span class='ocrx_word' id='word_1_699' title='bbox 2763 3730 3046 3785; x_wconf 89' lang='lat' dir='ltr'>numinum</span> <span class='ocrx_word' id='word_1_700' title='bbox 3104 3732 3280 3788; x_wconf 74' lang='lat' dir='ltr'>errori</span> 
     </span>
     <span class='ocr_line' id='line_1_74' title="bbox 1705 3821 3280 3893; baseline 0 -14"><span class='ocrx_word' id='word_1_701' title='bbox 1705 3824 1900 3892; x_wconf 82' lang='lat' dir='ltr'>dediti,</span> <span class='ocrx_word' id='word_1_702' title='bbox 1937 3822 2236 3889; x_wconf 84' lang='lat' dir='ltr'>molestias.</span> <span class='ocrx_word' id='word_1_703' title='bbox 2270 3822 2685 3893; x_wconf 75' lang='lat' dir='ltr'>defatigationes</span> <span class='ocrx_word' id='word_1_704' title='bbox 2726 3831 2784 3877; x_wconf 84' lang='lat' dir='ltr'>et</span> <span class='ocrx_word' id='word_1_705' title='bbox 2820 3821 3039 3878; x_wconf 82' lang='lat' dir='ltr'>labores</span> <span class='ocrx_word' id='word_1_706' title='bbox 3066 3821 3280 3891; x_wconf 81' lang='lat' dir='ltr'>praebe·</span> 
     </span>
     <span class='ocr_line' id='line_1_75' title="bbox 1705 3911 3277 3987; baseline -0.001 -16"><span class='ocrx_word' id='word_1_707' title='bbox 1705 3915 1855 3982; x_wconf 85' lang='lat' dir='ltr'>bitis.</span> <span class='ocrx_word' id='word_1_708' title='bbox 1904 3915 2152 3973; x_wconf 85' lang='lat' dir='ltr'>nolentes</span> <span class='ocrx_word' id='word_1_709' title='bbox 2197 3914 2318 3987; x_wconf 79' lang='lat' dir='ltr'>ejus</span> <span class='ocrx_word' id='word_1_710' title='bbox 2365 3911 2651 3987; x_wconf 79' lang='lat' dir='ltr'>promissis</span> <span class='ocrx_word' id='word_1_711' title='bbox 2688 3912 2850 3971; x_wconf 80' lang='lat' dir='ltr'>tidem</span> <span class='ocrx_word' id='word_1_712' title='bbox 2880 3913 3111 3983; x_wconf 84' lang='lat' dir='ltr'>habere,</span> <span class='ocrx_word' id='word_1_713' title='bbox 3173 3929 3277 3971; x_wconf 83' lang='lat' dir='ltr'>nee</span> 
     </span>
     <span class='ocr_line' id='line_1_76' title="bbox 1704 4005 2397 4079; baseline -0.003 -17"><span class='ocrx_word' id='word_1_714' title='bbox 1704 4007 1822 4079; x_wconf 79' lang='lat' dir='ltr'>ejus</span> <span class='ocrx_word' id='word_1_715' title='bbox 1840 4014 2112 4077; x_wconf 74' lang='lat' dir='ltr'>praecepta</span> <span class='ocrx_word' id='word_1_716' title='bbox 2134 4005 2397 4078; x_wconf 71' lang='lat' dir='ltr'>exsequi?</span> 
     </span>
    </p>

    <p class='ocr_par' dir='ltr' id='par_1_21' title="bbox 1700 4095 3280 5734">
     <span class='ocr_line' id='line_1_77' title="bbox 1775 4095 3280 4171; baseline 0.002 -18"><span class='ocrx_word' id='word_1_717' title='bbox 1775 4098 1945 4155; x_wconf 71' lang='lat' dir='ltr'>vens.</span> <span class='ocrx_word' id='word_1_718' title='bbox 1981 4098 2071 4156; x_wconf 70' lang='lat' dir='ltr'>u.</span> <span class='ocrx_word' id='word_1_719' title='bbox 2101 4116 2123 4151; x_wconf 87' lang='grc' dir='ltr'>ι</span> <span class='ocrx_word' id='word_1_720' title='bbox 2158 4096 2388 4170; x_wconf 74' lang='lat' dir='ltr'>Propter</span> <span class='ocrx_word' id='word_1_721' title='bbox 2413 4097 2521 4155; x_wconf 87' lang='lat' dir='ltr'>hoe</span> <span class='ocrx_word' id='word_1_722' title='bbox 2546 4097 2700 4155; x_wconf 87' lang='lat' dir='ltr'>dabit</span> <span class='ocrx_word' id='word_1_723' title='bbox 2740 4095 3002 4156; x_wconf 86' lang='lat' dir='ltr'>Dominus</span> <span class='ocrx_word' id='word_1_724' title='bbox 3043 4099 3161 4171; x_wconf 85' lang='lat' dir='ltr'>ipse</span> <span class='ocrx_word' id='word_1_725' title='bbox 3182 4113 3280 4155; x_wconf 73' lang='lat' dir='ltr'>vo·</span> 
     </span>
     <span class='ocr_line' id='line_1_78' title="bbox 1704 4189 3279 4262; baseline -0.002 -13"><span class='ocrx_word' id='word_1_726' title='bbox 1704 4193 1791 4249; x_wconf 87' lang='lat' dir='ltr'>bis</span> <span class='ocrx_word' id='word_1_727' title='bbox 1837 4195 2049 4262; x_wconf 88' lang='lat' dir='ltr'>signum</span> <span class='ocrx_word' id='word_1_728' title='bbox 2075 4210 2090 4247; x_wconf 75' lang='grc' dir='ltr'><strong>ι</strong></span> <span class='ocrx_word' id='word_1_729' title='bbox 2115 4190 2258 4248; x_wconf 77' lang='lat' dir='ltr'>Ecce</span> <span class='ocrx_word' id='word_1_730' title='bbox 2285 4191 2441 4262; x_wconf 78' lang='lat' dir='ltr'>virgo</span> <span class='ocrx_word' id='word_1_731' title='bbox 2472 4189 2529 4246; x_wconf 91' lang='lat' dir='ltr'>in</span> <span class='ocrx_word' id='word_1_732' title='bbox 2560 4201 2717 4247; x_wconf 86' lang='lat' dir='ltr'>utero</span> <span class='ocrx_word' id='word_1_733' title='bbox 2745 4191 3053 4262; x_wconf 86' lang='lat' dir='ltr'>concipiet,</span> <span class='ocrx_word' id='word_1_734' title='bbox 3098 4200 3156 4247; x_wconf 85' lang='lat' dir='ltr'>et</span> <span class='ocrx_word' id='word_1_735' title='bbox 3182 4207 3279 4262; x_wconf 83' lang='lat' dir='ltr'>pa-</span> 
     </span>
     <span class='ocr_line' id='line_1_79' title="bbox 1706 4283 3270 4354; baseline -0.002 -13"><span class='ocrx_word' id='word_1_736' title='bbox 1706 4287 1812 4341; x_wconf 84' lang='lat' dir='ltr'>riet</span> <span class='ocrx_word' id='word_1_737' title='bbox 1860 4284 2051 4352; x_wconf 80' lang='lat' dir='ltr'>tilium,</span> <span class='ocrx_word' id='word_1_738' title='bbox 2100 4293 2157 4340; x_wconf 86' lang='lat' dir='ltr'>et</span> <span class='ocrx_word' id='word_1_739' title='bbox 2196 4283 2419 4340; x_wconf 81' lang='lat' dir='ltr'>vocabis</span> <span class='ocrx_word' id='word_1_740' title='bbox 2467 4298 2667 4340; x_wconf 85' lang='lat' dir='ltr'>nomen</span> <span class='ocrx_word' id='word_1_741' title='bbox 2714 4285 2832 4354; x_wconf 74' lang='lat' dir='ltr'>eius</span> <span class='ocrx_word' id='word_1_742' title='bbox 2880 4283 3217 4341; x_wconf 86' lang='lat' dir='ltr'>Emmanuel.</span> <span class='ocrx_word' id='word_1_743' title='bbox 3249 4304 3270 4338; x_wconf 72' lang='grc' dir='ltr'><strong>ι</strong></span> 
     </span>
     <span class='ocr_line' id='line_1_80' title="bbox 1708 4374 3275 4448; baseline -0.001 -16"><span class='ocrx_word' id='word_1_744' title='bbox 1708 4376 1858 4445; x_wconf 87' lang='lat' dir='ltr'>Quod</span> <span class='ocrx_word' id='word_1_745' title='bbox 1898 4387 1983 4433; x_wconf 86' lang='lat' dir='ltr'>est</span> <span class='ocrx_word' id='word_1_746' title='bbox 2005 4416 2025 4445; x_wconf 92' lang='grc'><strong>,</strong></span> <span class='ocrx_word' id='word_1_747' title='bbox 2048 4375 2225 4446; x_wconf 87' lang='lat' dir='ltr'>inquit</span> <span class='ocrx_word' id='word_1_748' title='bbox 2248 4415 2265 4442; x_wconf 92' lang='lat'>‚</span> <span class='ocrx_word' id='word_1_749' title='bbox 2296 4376 2510 4448; x_wconf 85' lang='lat' dir='ltr'>signum</span> <span class='ocrx_word' id='word_1_750' title='bbox 2535 4376 2802 4442; x_wconf 80' lang='lat' dir='ltr'>salutare,</span> <span class='ocrx_word' id='word_1_751' title='bbox 2834 4374 2977 4445; x_wconf 79' lang='lat' dir='ltr'>quod</span> <span class='ocrx_word' id='word_1_752' title='bbox 3000 4375 3154 4432; x_wconf 78' lang='lat' dir='ltr'>vobis</span> <span class='ocrx_word' id='word_1_753' title='bbox 3190 4377 3275 4432; x_wconf 81' lang='lat' dir='ltr'>vel</span> 
     </span>
     <span class='ocr_line' id='line_1_81' title="bbox 1706 4465 3275 4537; baseline -0.001 -13"><span class='ocrx_word' id='word_1_754' title='bbox 1706 4468 2015 4524; x_wconf 87' lang='lat' dir='ltr'>nolentibus</span> <span class='ocrx_word' id='word_1_755' title='bbox 2042 4467 2349 4537; x_wconf 75' lang='lat' dir='ltr'>praebebit?</span> <span class='ocrx_word' id='word_1_756' title='bbox 2389 4467 2710 4537; x_wconf 86' lang='lat' dir='ltr'>stupendum</span> <span class='ocrx_word' id='word_1_757' title='bbox 2744 4465 3014 4537; x_wconf 88' lang='lat' dir='ltr'>quoddam</span> <span class='ocrx_word' id='word_1_758' title='bbox 3043 4466 3275 4524; x_wconf 80' lang='lat' dir='ltr'>miracu·</span> 
     </span>
     <span class='ocr_line' id='line_1_82' title="bbox 1705 4556 3277 4629; baseline 0 -15"><span class='ocrx_word' id='word_1_759' title='bbox 1705 4559 1815 4614; x_wconf 91' lang='lat' dir='ltr'>lum</span> <span class='ocrx_word' id='word_1_760' title='bbox 1859 4557 2150 4629; x_wconf 81' lang='lat' dir='ltr'>aliquando</span> <span class='ocrx_word' id='word_1_761' title='bbox 2186 4556 2240 4612; x_wconf 89' lang='lat' dir='ltr'>in</span> <span class='ocrx_word' id='word_1_762' title='bbox 2269 4556 2582 4613; x_wconf 85' lang='lat' dir='ltr'>bominibus</span> <span class='ocrx_word' id='word_1_763' title='bbox 2609 4557 2754 4625; x_wconf 79' lang='lat' dir='ltr'>erit,</span> <span class='ocrx_word' id='word_1_764' title='bbox 2783 4570 2848 4610; x_wconf 89' lang='lat' dir='ltr'>ac</span> <span class='ocrx_word' id='word_1_765' title='bbox 2886 4556 3101 4626; x_wconf 90' lang='lat' dir='ltr'>signum</span> <span class='ocrx_word' id='word_1_766' title='bbox 3139 4573 3277 4614; x_wconf 87' lang='lat' dir='ltr'>nun-</span> 
     </span>
     <span class='ocr_line' id='line_1_83' title="bbox 1704 4645 3279 4720; baseline 0.001 -17"><span class='ocrx_word' id='word_1_767' title='bbox 1704 4663 1869 4720; x_wconf 87' lang='lat' dir='ltr'>quam</span> <span class='ocrx_word' id='word_1_768' title='bbox 1895 4648 2048 4705; x_wconf 91' lang='lat' dir='ltr'>omni</span> <span class='ocrx_word' id='word_1_769' title='bbox 2076 4647 2275 4703; x_wconf 81' lang='lat' dir='ltr'>saeculo</span> <span class='ocrx_word' id='word_1_770' title='bbox 2307 4646 2577 4702; x_wconf 85' lang='lat' dir='ltr'>auditum.</span> <span class='ocrx_word' id='word_1_771' title='bbox 2604 4645 2769 4719; x_wconf 79' lang='lat' dir='ltr'>Virgo</span> <span class='ocrx_word' id='word_1_772' title='bbox 2800 4657 3013 4704; x_wconf 75' lang='lat' dir='ltr'>utet-um</span> <span class='ocrx_word' id='word_1_773' title='bbox 3041 4649 3279 4719; x_wconf 85' lang='lat' dir='ltr'>gestabit</span> 
     </span>
     <span class='ocr_line' id='line_1_84' title="bbox 1704 4737 3273 4814; baseline 0 -18"><span class='ocrx_word' id='word_1_774' title='bbox 1704 4742 1825 4797; x_wconf 89' lang='lat' dir='ltr'>sine</span> <span class='ocrx_word' id='word_1_775' title='bbox 1857 4738 1962 4795; x_wconf 85' lang='lat' dir='ltr'>ulia</span> <span class='ocrx_word' id='word_1_776' title='bbox 1994 4754 2116 4796; x_wconf 90' lang='lat' dir='ltr'>cum</span> <span class='ocrx_word' id='word_1_777' title='bbox 2158 4739 2276 4794; x_wconf 84' lang='lat' dir='ltr'>viro</span> <span class='ocrx_word' id='word_1_778' title='bbox 2299 4737 2688 4795; x_wconf 86' lang='lat' dir='ltr'>consuetudine</span> <span class='ocrx_word' id='word_1_779' title='bbox 2709 4778 2727 4807; x_wconf 83' lang='lat'>‚</span> <span class='ocrx_word' id='word_1_780' title='bbox 2761 4749 2817 4795; x_wconf 91' lang='lat' dir='ltr'>et</span> <span class='ocrx_word' id='word_1_781' title='bbox 2848 4740 3018 4796; x_wconf 89' lang='lat' dir='ltr'>Deum</span> <span class='ocrx_word' id='word_1_782' title='bbox 3053 4741 3273 4814; x_wconf 84' lang='lat' dir='ltr'>gignet,</span> 
     </span>
     <span class='ocr_line' id='line_1_85' title="bbox 1702 4827 3275 4904; baseline -0.001 -16"><span class='ocrx_word' id='word_1_783' title='bbox 1702 4830 1930 4888; x_wconf 87' lang='lat' dir='ltr'>humani</span> <span class='ocrx_word' id='word_1_784' title='bbox 1957 4830 2173 4901; x_wconf 85' lang='lat' dir='ltr'>generis</span> <span class='ocrx_word' id='word_1_785' title='bbox 2204 4827 2565 4885; x_wconf 80' lang='lat' dir='ltr'>Salvatorem.</span> <span class='ocrx_word' id='word_1_786' title='bbox 2588 4829 2742 4887; x_wconf 76' lang='lat' dir='ltr'>Hunc</span> <span class='ocrx_word' id='word_1_787' title='bbox 2770 4832 2967 4903; x_wconf 87' lang='lat' dir='ltr'>ipsum,</span> <span class='ocrx_word' id='word_1_788' title='bbox 2991 4834 3083 4904; x_wconf 86' lang='lat' dir='ltr'>qui</span> <span class='ocrx_word' id='word_1_789' title='bbox 3114 4833 3275 4887; x_wconf 83' lang='lat' dir='ltr'>talem</span> 
     </span>
     <span class='ocr_line' id='line_1_86' title="bbox 1702 4923 3274 4996; baseline -0.001 -14"><span class='ocrx_word' id='word_1_790' title='bbox 1702 4937 1885 4982; x_wconf 81' lang='lat' dir='ltr'>ortum</span> <span class='ocrx_word' id='word_1_791' title='bbox 1906 4924 2171 4981; x_wconf 82' lang='lat' dir='ltr'>ducturus</span> <span class='ocrx_word' id='word_1_792' title='bbox 2212 4933 2340 4991; x_wconf 81' lang='lat' dir='ltr'>est,</span> <span class='ocrx_word' id='word_1_793' title='bbox 2372 4923 2546 4981; x_wconf 83' lang='lat' dir='ltr'>Deum</span> <span class='ocrx_word' id='word_1_794' title='bbox 2571 4963 2589 4992; x_wconf 82' lang='lat'>‚</span> <span class='ocrx_word' id='word_1_795' title='bbox 2617 4928 2671 4980; x_wconf 91' lang='lat' dir='ltr'>in</span> <span class='ocrx_word' id='word_1_796' title='bbox 2702 4926 2920 4996; x_wconf 86' lang='lat' dir='ltr'>signum</span> <span class='ocrx_word' id='word_1_797' title='bbox 2946 4926 3101 4983; x_wconf 84' lang='lat' dir='ltr'>vobis</span> <span class='ocrx_word' id='word_1_798' title='bbox 3126 4926 3274 4982; x_wconf 85' lang='lat' dir='ltr'>salu·</span> 
     </span>
     <span class='ocr_line' id='line_1_87' title="bbox 1702 5015 3276 5090; baseline -0.002 -17"><span class='ocrx_word' id='word_1_799' title='bbox 1702 5025 1821 5073; x_wconf 82' lang='lat' dir='ltr'>tare</span> <span class='ocrx_word' id='word_1_800' title='bbox 1844 5015 1955 5087; x_wconf 79' lang='lat' dir='ltr'>iam</span> <span class='ocrx_word' id='word_1_801' title='bbox 1985 5019 2186 5075; x_wconf 81' lang='lat' dir='ltr'>exhinc</span> <span class='ocrx_word' id='word_1_802' title='bbox 2229 5015 2372 5074; x_wconf 83' lang='lat' dir='ltr'>Deus</span> <span class='ocrx_word' id='word_1_803' title='bbox 2405 5020 2631 5075; x_wconf 80' lang='lat' dir='ltr'>exhibet</span> <span class='ocrx_word' id='word_1_804' title='bbox 2662 5036 2678 5086; x_wconf 72' lang='grc' dir='ltr'>ς</span> <span class='ocrx_word' id='word_1_805' title='bbox 2714 5020 2859 5090; x_wconf 83' lang='lat' dir='ltr'>quod</span> <span class='ocrx_word' id='word_1_806' title='bbox 2880 5028 2935 5074; x_wconf 88' lang='lat' dir='ltr'>et</span> <span class='ocrx_word' id='word_1_807' title='bbox 2963 5021 3017 5074; x_wconf 89' lang='lat' dir='ltr'>iu</span> <span class='ocrx_word' id='word_1_808' title='bbox 3054 5016 3276 5090; x_wconf 75' lang='lat' dir='ltr'>proluu-</span> 
     </span>
     <span class='ocr_line' id='line_1_88' title="bbox 1701 5107 3271 5180; baseline -0.002 -16"><span class='ocrx_word' id='word_1_809' title='bbox 1701 5107 1830 5165; x_wconf 91' lang='lat' dir='ltr'>dum</span> <span class='ocrx_word' id='word_1_810' title='bbox 1853 5114 1986 5165; x_wconf 86' lang='lat' dir='ltr'>etin</span> <span class='ocrx_word' id='word_1_811' title='bbox 2014 5109 2180 5166; x_wconf 87' lang='lat' dir='ltr'>altum</span> <span class='ocrx_word' id='word_1_812' title='bbox 2204 5113 2562 5177; x_wconf 82' lang='lat' dir='ltr'>extendetur;</span> <span class='ocrx_word' id='word_1_813' title='bbox 2591 5113 2645 5167; x_wconf 93' lang='lat' dir='ltr'>in</span> <span class='ocrx_word' id='word_1_814' title='bbox 2681 5110 3005 5180; x_wconf 74' lang='lat' dir='ltr'>profundum</span> <span class='ocrx_word' id='word_1_815' title='bbox 3033 5109 3271 5178; x_wconf 85' lang='lat' dir='ltr'>quidem.</span> 
     </span>
     <span class='ocr_line' id='line_1_89' title="bbox 1704 5189 3274 5276; baseline -0.002 -20"><span class='ocrx_word' id='word_1_816' title='bbox 1704 5213 1801 5271; x_wconf 87' lang='lat' dir='ltr'>pet·</span> <span class='ocrx_word' id='word_1_817' title='bbox 1827 5201 2151 5259; x_wconf 84' lang='lat' dir='ltr'>descensum</span> <span class='ocrx_word' id='word_1_818' title='bbox 2183 5189 2342 5259; x_wconf 85' lang='lat' dir='ltr'>snum</span> <span class='ocrx_word' id='word_1_819' title='bbox 2372 5218 2541 5276; x_wconf 88' lang='lat' dir='ltr'>usque</span> <span class='ocrx_word' id='word_1_820' title='bbox 2576 5202 2649 5258; x_wconf 79' lang='lat' dir='ltr'>ed</span> <span class='ocrx_word' id='word_1_821' title='bbox 2681 5202 2989 5265; x_wconf 76' lang='lat' dir='ltr'>infernum3</span> <span class='ocrx_word' id='word_1_822' title='bbox 3021 5198 3077 5253; x_wconf 90' lang='lat' dir='ltr'>in</span> <span class='ocrx_word' id='word_1_823' title='bbox 3102 5197 3274 5253; x_wconf 86' lang='lat' dir='ltr'>altum</span> 
     </span>
     <span class='ocr_line' id='line_1_90' title="bbox 1703 5291 3274 5364; baseline -0.003 -16"><span class='ocrx_word' id='word_1_824' title='bbox 1703 5307 1859 5359; x_wconf 79' lang='lat' dir='ltr'>vero,</span> <span class='ocrx_word' id='word_1_825' title='bbox 1899 5308 1995 5364; x_wconf 84' lang='lat' dir='ltr'>pet·</span> <span class='ocrx_word' id='word_1_826' title='bbox 2024 5308 2179 5351; x_wconf 88' lang='lat' dir='ltr'>suum</span> <span class='ocrx_word' id='word_1_827' title='bbox 2203 5297 2271 5353; x_wconf 85' lang='lat' dir='ltr'>ad</span> <span class='ocrx_word' id='word_1_828' title='bbox 2293 5296 2463 5352; x_wconf 79' lang='lat' dir='ltr'>coelos</span> <span class='ocrx_word' id='word_1_829' title='bbox 2493 5296 2752 5352; x_wconf 81' lang='lat' dir='ltr'>reditum.</span> <span class='ocrx_word' id='word_1_830' title='bbox 2788 5293 2868 5347; x_wconf 86' lang='lat' dir='ltr'>Tu</span> <span class='ocrx_word' id='word_1_831' title='bbox 2895 5305 3048 5363; x_wconf 77' lang='lat' dir='ltr'>ergo,</span> <span class='ocrx_word' id='word_1_832' title='bbox 3078 5291 3274 5345; x_wconf 88' lang='lat' dir='ltr'>domus</span> 
     </span>
     <span class='ocr_line' id='line_1_91' title="bbox 1700 5381 3274 5460; baseline -0.001 -20"><span class='ocrx_word' id='word_1_833' title='bbox 1700 5383 1876 5441; x_wconf 84' lang='lat' dir='ltr'>David</span> <span class='ocrx_word' id='word_1_834' title='bbox 1902 5424 1919 5452; x_wconf 90' lang='lat'>,</span> <span class='ocrx_word' id='word_1_835' title='bbox 1954 5385 2070 5456; x_wconf 83' lang='lat' dir='ltr'>jam</span> <span class='ocrx_word' id='word_1_836' title='bbox 2114 5388 2171 5444; x_wconf 92' lang='lat' dir='ltr'>in</span> <span class='ocrx_word' id='word_1_837' title='bbox 2219 5399 2463 5460; x_wconf 75' lang='lat' dir='ltr'>tempote</span> <span class='ocrx_word' id='word_1_838' title='bbox 2507 5387 2667 5457; x_wconf 81' lang='lat' dir='ltr'>hujus</span> <span class='ocrx_word' id='word_1_839' title='bbox 2710 5399 2832 5443; x_wconf 84' lang='lat' dir='ltr'>cum</span> <span class='ocrx_word' id='word_1_840' title='bbox 2879 5382 3119 5441; x_wconf 87' lang='lat' dir='ltr'>inimicis</span> <span class='ocrx_word' id='word_1_841' title='bbox 3167 5381 3274 5438; x_wconf 83' lang='lat' dir='ltr'>tuis</span> 
     </span>
     <span class='ocr_line' id='line_1_92' title="bbox 1703 5474 3272 5548; baseline -0.004 -13"><span class='ocrx_word' id='word_1_842' title='bbox 1703 5489 2070 5548; x_wconf 83' lang='lat' dir='ltr'>congressus,</span> <span class='ocrx_word' id='word_1_843' title='bbox 2116 5495 2280 5537; x_wconf 81' lang='lat' dir='ltr'>evoca</span> <span class='ocrx_word' id='word_1_844' title='bbox 2324 5481 2476 5537; x_wconf 87' lang='lat' dir='ltr'>ilium</span> <span class='ocrx_word' id='word_1_845' title='bbox 2502 5519 2519 5545; x_wconf 83' lang='lat'><strong>‚</strong></span> <span class='ocrx_word' id='word_1_846' title='bbox 2565 5474 2885 5535; x_wconf 81' lang='lat' dir='ltr'>Emmanuel</span> <span class='ocrx_word' id='word_1_847' title='bbox 2916 5488 3272 5546; x_wconf 79' lang='lat' dir='ltr'>nuncupans,</span> 
     </span>
     <span class='ocr_line' id='line_1_93' title="bbox 1703 5564 3275 5641; baseline -0.001 -17"><span class='ocrx_word' id='word_1_848' title='bbox 1703 5570 1848 5641; x_wconf 88' lang='lat' dir='ltr'>quod</span> <span class='ocrx_word' id='word_1_849' title='bbox 1884 5583 1951 5625; x_wconf 84' lang='lat' dir='ltr'>ex</span> <span class='ocrx_word' id='word_1_850' title='bbox 1996 5568 2305 5641; x_wconf 81' lang='lat' dir='ltr'>significatu</span> <span class='ocrx_word' id='word_1_851' title='bbox 2351 5571 2504 5627; x_wconf 82' lang='lat' dir='ltr'>verbi</span> <span class='ocrx_word' id='word_1_852' title='bbox 2543 5569 2797 5626; x_wconf 77' lang='lat' dir='ltr'>virtutem</span> <span class='ocrx_word' id='word_1_853' title='bbox 2848 5566 3090 5623; x_wconf 80' lang='lat' dir='ltr'>declarat</span> <span class='ocrx_word' id='word_1_854' title='bbox 3119 5585 3136 5622; x_wconf 73' lang='grc' dir='ltr'>ε</span> <span class='ocrx_word' id='word_1_855' title='bbox 3170 5564 3275 5623; x_wconf 82' lang='lat' dir='ltr'>boc</span> 
     </span>
     <span class='ocr_line' id='line_1_94' title="bbox 1703 5652 3275 5734; baseline -0.004 -11"><span class='ocrx_word' id='word_1_856' title='bbox 1703 5660 1904 5733; x_wconf 75' lang='lat' dir='ltr'>quippe</span> <span class='ocrx_word' id='word_1_857' title='bbox 1920 5676 2136 5734; x_wconf 77' lang='lat' dir='ltr'>nomen,</span> <span class='ocrx_word' id='word_1_858' title='bbox 2161 5682 2180 5716; x_wconf 83' lang='grc' dir='ltr'>ι</span> <span class='ocrx_word' id='word_1_859' title='bbox 2217 5661 2505 5722; x_wconf 83' lang='lat' dir='ltr'>nobiscum</span> <span class='ocrx_word' id='word_1_860' title='bbox 2533 5660 2696 5730; x_wconf 83' lang='lat' dir='ltr'>Deus,</span> <span class='ocrx_word' id='word_1_861' title='bbox 2729 5678 2750 5714; x_wconf 71' lang='grc' dir='ltr'><strong>ι</strong></span> <span class='ocrx_word' id='word_1_862' title='bbox 2785 5652 3275 5732; x_wconf 72' lang='lat' dir='ltr'>significat.⁸siguo</span> 
     </span>
    </p>
   </div>
  </div>
 </body>
</html>
