3692 6134
169 319 273 374 ott

1542 317 1635 372 1)ss
1669 317 1761 372 Til
1770 317 2142 374 nortuum.

169 442 266 496 καὶ
285 439 618 510 θεογνωσὶαν
640 443 719 506 είς
753 441 961 505 πάντας
987 441 1375 511 καταγγέλλειν
1408 441 1523 512 (20)
1553 441 1763 513 ἀνθρώ·
1791 445 1838 503 Α
1867 440 2068 511 Deiqttc
2120 442 2365 498 notitiam
2389 483 2404 504 ‚
2464 443 2672 500 cunctis
2733 443 3044 501 hotuittibtts
3109 443 3425 502 nuntiaturi.

168 547 337 596 πους·
366 529 461 595 οὓς
497 531 563 603 δὴ
591 534 800 601 πεῖσμα
839 532 1095 603 μέγιστον
1127 533 1309 587 λαόεἴν
1342 534 1511 604 ἐχρῆν
1540 534 1640 606 τῆς
1667 551 1767 605 με·

167 623 239 678 τὰ
265 623 361 676 τὸν
389 621 621 677 θάνατον
646 624 812 694 ζωῆς,
846 624 923 688 ὡς
949 624 1016 678 ἂν
1052 626 1228 690 ἀδεεῖς
1260 627 1354 681 καὶ
1387 625 1580 696 ἀφοὸοι
1609 625 1769 681 θανά-

169 731 265 768 του
296 713 391 768 τὸν
423 712 566 769 κατὰ
594 715 694 787 τῆς
727 715 991 771 πολυθέου
1022 716 1232 790 πλάνης
1254 718 1443 788 ἀγῶνα
1470 717 1767 790 προθύμως

171 806 516 873 ἀναδέξοιντο
538 824 553 838 ·
610 808 684 878 μὴ
727 807 838 879 γάρ
881 808 1115 864 θανάτου
1147 812 1508 883 καταφρονεῖν
1542 811 1769 882 μελετή-

175 913 392 962 σαντες,
426 898 527 952 ούκ
551 898 618 953 ἂν
649 896 871 954 πώποτε
898 900 1035 971 πρὸς
1058 900 1127 954 τά
1151 901 1301 956 δεινά
1322 900 1766 973 παρεσκευάζον-

173 1005 255 1042 το.
297 990 387 1043 Διὸ
414 989 480 1061 δὴ
508 991 826 1060 ἀναγκαίως
855 991 1093 1057 ὁπλίζων
1125 993 1324 1057 αὐτοὺς
1365 992 1507 1047 κατὰ
1542 994 1642 1065 τῆς
1670 992 1766 1047 τοῦ

176 1082 405 1136 θανάτου
430 1081 750 1147 δυναστείας
787 1082 847 1136 ού
873 1081 1161 1154 ῥηματίοις
1184 1085 1278 1137 καὶ
1304 1087 1510 1153 φωναῖς
1548 1084 1769 1157 παρεδίό

175 1173 267 1227 δου
295 1173 357 1227 τὸ
400 1172 649 1244 μάθημα,
682 1173 803 1227 οῦδέ
842 1172 1020 1243 λόγοις
1051 1174 1253 1244 ὁμοίως
1290 1175 1647 1248 ἀνθρωπείοις
1674 1177 1766 1231 τδν

178 1263 306 1334 περὶ
351 1261 531 1335 ψυχῆς
560 1262 861 1326 ἀθανασίας
898 1262 1140 1328 πιθανῶς
1179 1264 1274 1318 καὶ
1320 1265 1380 1330 ἐξ
1406 1266 1633 1322 εἰκότων
1652 1267 1767 1338 (21)

176 1353 482 1407 συντάττων
500 1370 513 1385 ·
550 1354 700 1425 αὐτῷ
730 1354 787 1408 δὲ
821 1354 969 1427 ἔργῳ
990 1353 1059 1409 τὰ
1089 1356 1232 1409 κατὰ
1259 1355 1354 1410 τοῦ
1393 1355 1626 1412 θανάτου
1667 1360 1767 1412 ἐπ-

176 1444 383 1498 εδείκνυ
406 1444 591 1508 αὐτοῖς
614 1444 870 1515 τρόπαια.

246 1535 357 1606 (22)
388 1531 497 1588 Ἦν
525 1538 626 1606 μὲν
653 1536 760 1606 γάρ
790 1536 954 1592 πάλαι
981 1537 1246 1611 πρότερον
1268 1537 1501 1611 φοὸερδς
1524 1539 1638 1602 τοῖς
1666 1541 1770 1594 πᾶ-

177 1644 260 1681 σιν
281 1630 310 1681 ό
328 1626 423 1681 τοῦ
451 1626 647 1699 θνητοῦ
678 1627 865 1696 γένους
888 1628 1083 1702 όλετὴρ
1108 1628 1355 1695 θάνατος,
1368 1628 1462 1682 καὶ
1483 1629 1634 1695 λύσις
1659 1631 1773 1684 ἐνο-

181 1715 367 1788 μίζετο
391 1718 491 1788 τῆς
525 1716 654 1789 ὅλης
685 1716 973 1789 ἀνθρώπου
1008 1718 1243 1788 φύσεως,
1279 1719 1457 1792 ψυχῆς
1501 1719 1638 1791 ὁμοῦ
1674 1722 1769 1778 καὶ

180 1807 449 1881 σώματος,
502 1811 535 1879 ὴ
573 1809 762 1864 τούτου
807 1809 1126 1865 δυναστεία·
1172 1812 1293 1866 οὐδὲ
1324 1828 1408 1877 τις
1451 1807 1522 1884 ἦν
1556 1811 1667 1866 τῶν
1705 1811 1766 1880 ἐξ
1801 1785 1843 1840 Β

179 1902 372 1965 αἰῶνος
405 1895 516 1963 οἷός
549 1918 607 1954 τε
641 1901 790 1954 τουτὶ
827 1901 888 1954 τδ
931 1901 1201 1975 φόὸητρον
1236 1902 1295 1971 ἐξ
1331 1901 1633 1975 ἀνθρώπων
1672 1904 1767 1958 ἀν-

178 1994 337 2047 ελεῖν·
382 1995 581 2057 πάντες
609 1993 654 2046 δ’
690 1994 999 2065 ἐπτήχεσαν
1028 1995 1179 2068 φόδῳ
1211 1996 1396 2068 μικροὶ
1417 1996 1512 2050 καὶ
1541 1995 1766 2068 μεγάλοι

179 2084 270 2137 τὸν
305 2084 531 2139 θάνατον
551 2101 565 2114 ·
606 2083 706 2137 ούκ
729 2078 799 2153 ἦν
847 2099 908 2136 τε
941 2082 1036 2137 τοῦ
1074 2086 1245 2141 κακοῦ
1294 2087 1640 2160 παραμύθιον
1675 2092 1769 2147 ἀν·

179 2175 437 2248 θρώποις,
482 2177 542 2229 ού
567 2176 745 2247 λόγος,
771 2179 832 2233 οὐ
863 2180 1084 2253 τρόπος,
1112 2181 1172 2234 οὐ
1200 2180 1334 2252 βίος,
1368 2182 1429 2235 ού
1466 2181 1646 2253 σοφῶν
1679 2183 1769 2239 λο-

179 2269 395 2337 γισμὸς,
418 2268 480 2320 ού
515 2267 757 2323 παλαιῶν
789 2270 1219 2342 συγγράμματα,
1251 2271 1313 2326 ού
1353 2273 1648 2343 προφητῶν
1677 2274 1766 2328 θε-

183 2358 485 2427 σπίσματα,
507 2359 600 2412 καὶ
620 2359 867 2429 ἀγγέλων
897 2361 1238 2431 ἐπιφάνειαι·
1266 2362 1485 2417 πάντων
1506 2362 1563 2417 δέ
1586 2366 1766 2438 κρείτ·

180 2464 288 2500 των
315 2449 408 2501 καὶ
423 2447 693 2521 ἀνώτερος
711 2449 811 2522 τὴν
832 2450 973 2506 κατὰ
990 2453 1209 2507 πάντων
1233 2451 1389 2526 νίκην
1420 2455 1637 2525 ἐπεῖχεν
1651 2455 1765 2527 (25)

182 2541 210 2592 ὁ
242 2538 489 2604 Θάνατος,
528 2542 748 2612 ὑψηλὸς,
796 2543 1155 2617 μεγάλαυχος,
1200 2547 1584 2619 ὑπερήφανος·
1612 2540 1659 2617 ᾧ
1699 2547 1766 2621 δὴ

184 2630 711 2703 καταδεδουλωμένον
739 2635 801 2688 τὸ
832 2635 1026 2708 θνητὸν
1054 2637 1214 2706 γένος
1244 2639 1528 2704 παντοίαις
1546 2640 1764 2695 ἐκαλιν-

182 2720 323 2775 δεῖτο
350 2725 732 2795 παρανομίαις,
762 2728 1116 2796 μιαιφονίαις,
1148 2728 1612 2802 ἀθεμιτουργίαις,
1639 2731 1765 2786 δυσ-

184 2813 440 2880 σεδείαις,
472 2817 789 2890 πολυπλόκῳ
808 2819 985 2895 πλάνῃ
1007 2837 1021 2852 ·
1051 2821 1255 2876 τούτοιν
1278 2821 1389 2896 γὰρ
1407 2817 1477 2896 ἦν
1504 2824 1762 2880 ἀπάντων

184 2904 410 2970 θάνατος
437 2907 626 2971 αἴτιος.
672 2909 759 2972 Ὦς
784 2909 894 2983 γὰρ
936 2910 1132 2982 μηκέτι
1155 2912 1308 2975 ὄντες
1343 2912 1481 2985 μετὰ
1510 2913 1761 2980 θάνατον,

180 2995 250 3050 τὰ
275 2998 483 3069 μυρίων
506 2999 751 3054 θανάτων
785 3001 909 3068 ἀξια
931 3001 1165 3075 δρῶντες
1197 3004 1384 3076 διῆγον
1403 3021 1416 3035 ·
1450 3005 1543 3059 καὶ
1573 3004 1649 3070 ὡς
1675 3006 1764 3059 εύ-

1867 531 2169 603 Discipulos
2221 534 2406 605 itaque
2444 548 2710 590 summam
2756 536 2954 592 babere
3000 535 3250 592 ilduciam
3295 551 3434 606 opus

1865 634 1988 681 erat
2012 624 2079 680 de
2104 627 2213 681 vita
2238 634 2360 695 post
2395 625 2601 682 obitum
2633 629 3027 697 recuperanda,
3059 638 3117 684 ut
3149 629 3429 702 intrepidi,

1868 716 2074 786 absque
2097 714 2207 772 ullo
2234 717 2423 773 mortis
2446 727 2588 772 metu
2617 717 2874 774 adversus
2903 718 3253 790 polytlteiemi
3281 733 3430 778 erro·

1870 820 1984 863 rem
2011 816 2285 864 certamen
2320 808 2569 864 alacriter
2596 812 2950 880 susciperent.
2991 809 3128 866 Nam
3159 809 3264 868 niai
3289 825 3431 868 mor·-

1871 908 1978 954 tem
2041 909 2387 956 contemnere
2443 903 2842 967 assuevissent',
2906 916 3178 973 nunquam
3240 913 3432 960 contra

1872 989 2134 1045 terribilia
2181 1001 2242 1044 se
2289 988 2669 1046 accinxissent.
2716 990 3072 1058 Quamobrem
3120 991 3433 1049 necessario

1870 1080 1991 1136 illos
2017 1093 2237 1136 armans
2264 1079 2528 1135 adversus
2557 1079 2746 1136 mortis
2784 1081 3102 1149 potentiam,
3143 1081 3286 1138 baud
3313 1096 3437 1152 pro·

1870 1171 1996 1227 latia
2040 1185 2138 1227 ore
2187 1166 2394 1226 voculis
2433 1169 2734 1226 doctrinam
2767 1171 2910 1226 banc
2957 1169 3220 1236 tradebat,
3262 1183 3438 1241 neque

1870 1274 2184 1318 sermonum
2210 1275 2364 1315 more
2385 1259 2748 1316 bumanorum
2787 1264 2855 1317 de
2897 1261 3089 1317 animae
3114 1262 3433 1319 immortali·

1872 1362 1983 1408 tate
2021 1352 2393 1410 verisimiliter
2419 1351 2756 1419 disserebat,
2786 1353 2881 1408 sed
2913 1351 3032 1423 ipso
3060 1365 3225 1422 opere
3267 1353 3436 1408 relata

1870 1444 1939 1501 de
1959 1455 2136 1502 morte
2176 1454 2375 1516 tropea
2406 1443 2513 1501 illie
2537 1444 2875 1501 ostendebat.

1941 1536 2085 1593 Sane
2146 1546 2265 1594 erat
2310 1535 2438 1591 olim
2491 1536 2700 1592 cunctis
2746 1535 3007 1592 terribilis
3052 1534 3146 1606 ilia
3193 1534 3440 1592 mortalis

1873 1630 2086 1697 generis
2112 1628 2386 1700 pernicies
2417 1645 2597 1696 mora3
2633 1637 2691 1684 et
2711 1627 2994 1684 dissolutio
3027 1627 3439 1684 existimabatur

1871 1719 2140 1776 universa
2169 1719 2410 1777 hominis
2438 1730 2665 1784 naturae,
2689 1717 2884 1774 animo
2906 1717 3067 1776 simul
3091 1727 3148 1775 et
3168 1716 3435 1788 corporis,

1873 1810 2062 1865 mortis
2099 1818 2452 1879 potentatus:
2502 1826 2767 1881 nemoque
2795 1825 2863 1865 ex
2892 1811 3037 1867 omni
3063 1824 3178 1867 aevo
3201 1810 3432 1867 exstite-

1874 1908 1978 1966 rat,
2001 1900 2092 1970 qui
2125 1899 2230 1954 boc
2263 1899 2755 1956 terriculamentum
2788 1917 2855 1956 ex
2898 1902 3209 1958 bominibus
3242 1901 3432 1958 tollere

1873 1999 2077 2058 posset,
2122 1989 2416 2058 cunctique
2479 2008 2510 2043 a
2565 2005 2763 2060 magno
2809 2005 2981 2058 usque
3033 1993 3102 2047 ad
3149 1993 3430 2048 minimum

1876 2078 2068 2132 mortis
2092 2077 2289 2132 timore
2335 2077 2796 2144 percellebantur;
2847 2079 3084 2150 nihilque
3127 2092 3246 2137 erat
3289 2083 3435 2153 quod

1874 2167 2002 2223 huic
2026 2167 2170 2223 malo
2194 2168 2446 2225 solatium
2474 2169 2774 2236 conferret,
2810 2183 2915 2224 uon
2941 2185 3140 2235 sermo.
3171 2187 3280 2228 nou
3315 2189 3434 2230 tuo-

1874 2258 1976 2315 dua
1999 2258 2228 2331 aliquia,
2261 2274 2372 2316 non
2416 2260 2746 2332 sapientium
2794 2261 3057 2331 consilia,
3091 2275 3200 2320 non
3227 2263 3436 2336 priseo-

1874 2365 1992 2406 rum
2026 2350 2249 2416 litterae.
2279 2364 2386 2406 non
2415 2352 2806 2424 prophetarum
2844 2353 3107 2424 oracula.
3133 2369 3242 2412 nou
3271 2369 3436 2428 ange·

1874 2442 2049 2499 lorum
2085 2443 2449 2515 apparitiones
2479 2459 2496 2498 ι
2531 2444 2626 2502 sed
2659 2447 2918 2522 omnibus
2952 2447 3148 2506 fortior
3187 2455 3246 2505 et
3273 2461 3437 2520 sttpe-

1873 2534 1986 2591 rior
2006 2533 2364 2592 universalem
2392 2537 2678 2594 victoriam
2698 2537 2980 2598 obtinebat
3003 2555 3178 2608 mors.
3195 2539 3436 2610 excelsa,

1873 2623 2247 2698 gloriabunda.
2290 2627 2551 2700 superba.
2603 2629 2694 2688 cul
2737 2630 3106 2704 nenipatum
3139 2631 3436 2690 humanum

1873 2731 2064 2788 genua,
2090 2719 2147 2774 in
2171 2720 2320 2777 omni
2348 2719 2690 2779 volutabatur
2715 2721 2945 2790 scelere,
2965 2723 3226 2790 caedibus.
3255 2721 3438 2780 netan-

1872 2811 1958 2866 dis
1988 2813 2244 2882 operibus
2259 2852 2276 2880 ,
2303 2813 2704 2887 irreligiositate
2723 2854 2742 2884 ‚
2765 2815 3166 2888 multiplicique
3185 2829 3436 2874 errorum

1870 2916 2086 2971 genere.
2136 2903 2346 2976 Quippe
2387 2906 2584 2964 boram
2629 2907 2870 2964 omnium
2903 2923 3054 2968 mors
3081 2922 3249 2966 causa
3270 2917 3432 2968 erat:

1872 3005 2105 3062 namque
2161 2994 2430 3062 homines.
2481 3010 2583 3054 ceu
2627 3004 2752 3068 poet
2802 2997 3010 3054 obitum
3059 2998 3194 3057 nihil
3249 3009 3436 3058 essent

182 3088 367 3154 ούναις
405 3090 654 3162 οὐδαμῶς
680 3093 1029 3163 ὑποκείμεναι
1062 3093 1149 3148 διὰ
1183 3096 1282 3165 τὴν
1307 3095 1372 3148 ὲκ
1406 3094 1502 3148 τοῦ
1532 3094 1763 3152 θανάτου
1789 3135 1839 3200 c
1874 3079 2060 3152 futuri,
2124 3084 2293 3156 digna
2335 3085 2562 3146 tuentu-
2608 3087 2874 3146 mortibus
2922 3089 3302 3162 perpetrati-m
3323 3108 3342 3149 τ
3366 3105 3435 3148 ae

182 3180 356 3245 λύσιν,
382 3181 493 3253 βίον
514 3180 652 3246 ἔζων
672 3183 926 3239 ἀδίαντον.
957 3183 1065 3248 Οὓς
1085 3184 1150 3256 δὴ
1172 3184 1504 3258 κατελεήσας
1522 3189 1552 3241 ό
1570 3186 1762 3257 Λόγος,

184 3272 276 3325 ἐπὶ
312 3274 418 3344 τὴν
454 3274 664 3344 ἄμυναν
696 3276 963 3331 ἔσπευσεν
983 3293 999 3309 ·
1036 3271 1137 3330 εἶθ’
1168 3270 1258 3332 οἷα
1298 3276 1551 3348 βασιλεὺς
1580 3280 1766 3351 φιλαν-

186 3363 531 3433 θρωπότατος
556 3366 653 3420 τὸν
680 3366 821 3421 κατὰ
850 3366 945 3421 τοῦ
967 3366 1199 3422 Θανάτου
1226 3365 1447 3439 ἔλεγχον
1467 3368 1537 3422 δι’
1554 3369 1765 3444 ἀνθρώ-

188 3471 294 3507 που
336 3455 550 3524 φύσεως
583 3457 913 3528 ἐμηχανᾶτο,
959 3456 1073 3529 ζωὴ
1118 3456 1218 3530 μὲν
1258 3457 1423 3523 αὐτὸς
1456 3459 1762 3531 τυγχάνων,

190 3547 285 3599 καὶ
310 3546 443 3600 Θεοῦ
476 3549 668 3617 Λόγος.
702 3549 799 3604 καὶ
821 3549 957 3605 Θεοῦ
989 3549 1218 3622 δύναμις
1237 3565 1253 3581 ·
1282 3549 1399 3605 ἀλλ’
1426 3552 1490 3606 οὐ
1520 3552 1643 3626 δίχα
1670 3553 1765 3610 τοῦ

190 3637 551 3708 βοηθουμένου
597 3639 659 3693 τὸ
682 3640 792 3695 τῶν
830 3639 1133 3715 ἀνθρώπιον
1180 3641 1453 3714 φόόητρον
1497 3643 1766 3714 διελέγξαι

189 3730 399 3801 κρίνας.
450 3730 539 3783 Διὸ
584 3731 648 3803 δὴ
691 3731 842 3805 ὅπλῳ
896 3733 1241 3806 χρησάμενος
1277 3733 1622 3808 ἀνθρωπείῳ,
1672 3736 1767 3791 καὶ

188 3819 367 3890 θνητῷ
388 3818 597 3891 σώματι
626 3824 655 3876 ό
687 3821 996 3895 ἀσώματος,
1026 3825 1117 3878 τὸν
1156 3823 1387 3880 θάνατον
1408 3824 1497 3880 διὰ
1522 3825 1618 3880 τοῦ
1639 3825 1767 3900 θνη-

187 3910 281 3965 τοῦ
306 3913 745 3983 κατηγωνίσατο·
782 3915 877 3969 καὶ
905 3917 1050 3987 μέγα
1080 3915 1264 3988 θαῦμα
1313 3917 1428 3980 τοῖς
1452 3919 1615 3972 πᾶσιν
1657 3919 1767 3974 ἀπ-

187 4001 376 4069 έδειξε,
415 4003 672 4075 τρόπαιον
695 4002 993 4069 ἀθανασίας
1018 4004 1161 4061 κατὰ
1184 4004 1279 4059 τοῦ
1313 4003 1539 4061 θανάτου
1558 4004 1647 4059 διά
1670 4005 1766 4060 τοῦ

188 4091 385 4163 θνητοῦ
417 4093 582 4147 ὅπλου
608 4095 809 4166 στήσας
838 4095 970 4165 (24).
1012 4095 1188 4166 Ἠφίει
1225 4095 1325 4167 μὲν
1348 4095 1458 4167 γὰρ
1486 4095 1548 4149 τὸ
1573 4096 1767 4169 θνητὸν

188 4182 268 4243 εἰς
299 4181 463 4254 βοράν
484 4184 562 4254 τῷ
582 4182 755 4257 θηρίῳ
774 4184 885 4257 (25)
903 4201 916 4215 ·
947 4185 1009 4239 τὸ
1032 4184 1078 4238 δ’
1091 4185 1291 4241 αὐτίκα
1315 4184 1395 4257 τῷ
1418 4185 1577 4257 ίκρίῳ
1603 4202 1768 4258 προσ-

187 4272 380 4342 ηλοῦτο
429 4274 933 4348 ἀνασταυρούμενον
953 4292 966 4306 ·
1015 4274 1093 4340 ὡς
1128 4275 1197 4331 ἀν
1229 4278 1344 4340 τοῖς
1386 4277 1553 4330 πᾶσιν
1596 4279 1630 4349 ἡ
1671 4274 1767 4330 τοῦ

192 4362 385 4436 θνητοῦ
404 4365 727 4438 γνωρισθείη
762 4365 942 4437 φύσις,
976 4367 1110 4438 μηδέ
1134 4385 1256 4422 τινα
1287 4365 1438 4421 λάθοι
1460 4367 1521 4421 τὸ
1540 4367 1769 4439 πραττό-

196 4471 372 4526 μενον,
407 4456 480 4529 μὴ
510 4457 829 4530 ἀνθρώπων,
877 4458 951 4529 μὴ
979 4458 1278 4530 δαιμόνων·
1307 4460 1473 4531 ἐχρῆν
1494 4458 1602 4532 γάρ
1631 4459 1767 4514 πάν·
1796 4485 1842 4543 ι)

193 4562 289 4610 τας
319 4547 563 4617 ἀκριδῶς
591 4550 649 4602 τὸ
675 4549 865 4622 θνητὸν
901 4549 1048 4614 ίδεῖν,
1074 4548 1151 4614 ὡς
1194 4551 1253 4604 ἐν
1284 4551 1524 4622 μεγίστῳ
1550 4549 1765 4622 θεάτρῳ

193 4636 292 4707 τὴν
319 4638 521 4692 οἰκείαν
546 4640 841 4712 ὁμολογοῦν
866 4640 1026 4711 φύσιν
1047 4657 1061 4671 ·
1096 4641 1162 4694 ἶν’
1193 4641 1320 4712 ἐξῆς
1345 4640 1586 4695 ἐπελθὼν
1609 4641 1640 4694 ὀ
1662 4640 1761 4696 θά-

192 4742 370 4792 νατος,
387 4721 473 4781 οἷα
494 4727 595 4800 θὴρ
620 4729 808 4794 δεινὸς,
828 4725 937 4794 οἶός
965 4731 1049 4794 τίς
1075 4729 1193 4784 ποτ’
1217 4725 1308 4802 ἦν,
1329 4729 1518 4783 ἐαυτὸν
1537 4729 1731 4803 ἐλέγξῃ
1746 4745 1760 4759 ·

192 4819 430 4873 κάπειτα
455 4820 553 4891 τῆς
574 4821 721 4892 ζωῆς
740 4823 774 4893 η
807 4821 1055 4893 δύναμις,
1090 4820 1229 4890 μετὰ
1260 4820 1487 4876 θάνατον
1511 4819 1766 4874 ἐπελθοῦ-

191 4926 281 4973 σα,
324 4913 439 4975 τοῖς
471 4915 636 4965 πᾶσιν
676 4908 830 4976 αὖθις
873 4913 973 4984 τὴν
1004 4910 1146 4966 κατὰ
1184 4910 1280 4966 τοῦ
1322 4910 1551 4967 θανάτου
1590 4927 1768 4982 παρα·

189 5005 455 5075 στήοηται
508 5006 664 5078 νίκην
682 5046 697 5069 ,
745 5005 807 5059 τὸ
861 5005 1051 5077 θνητὸν
1098 5003 1363 5060 ἀθάνατον
1412 5000 1761 5069 ἀποδείξασα.

265 5276 375 5348 (ἳο)
393 5276 562 5349 Syrus
579 5278 792 5333 videtur
822 5278 1020 5348 legisse
1057 5277 1390 5334 ἀνατέλλειν.

265 5349 379 5416 (2¹)
407 5350 644 5419 Apparet
675 5349 873 5418 Syrum
904 5350 1097 5419 legisse
1126 5348 1373 5404 εἰκόνων.

266 5417 380 5490 (22)
420 5421 545 5490 Syr.
569 5435 655 5484 ιιι,
690 5421 780 5474 61.

268 5510 380 5583 (23)
408 5511 580 5583 Syrna
608 5512 770 5583 paulo
799 5509 959 5567 aliter
990 5509 1271 5581 periodum
1301 5508 1511 5568 dividit.

268 5600 379 5672 (Ἃ)
420 5603 689 5658 ilactenus
715 5602 815 5657 boc
858 5601 1215 5670 fragmentum
1252 5601 1413 5669 (nem
1523 5599 1593 5654 ab
1650 5596 1758 5654 titia

195 5674 377 5726 verbis
417 5669 486 5744 ἦν
528 5674 627 5745 μὲν
662 5674 770 5746 γάρ
817 5659 984 5726 πάλάι
1028 5671 1292 5742 πρότερον
1438 5669 1581 5744 ερός,
1609 5670 1753 5740 etc.)

198 5742 461 5798 recitatur
488 5749 554 5796 ad
577 5750 766 5798 codem
791 5743 975 5797 Niccta
1009 5749 1173 5796 etiattt
1198 5760 1249 5797 ιιι
1275 5752 1468 5798 catena
1489 5741 1556 5796 ad
1580 5738 1751 5809 Epist.

438 5841 709 5898 Parnoi..
758 5836 875 5898 (itt.
929 5835 1158 5896 XXIV.

1866 3171 2034 3230 veluti
2061 3173 2193 3232 nulli
2210 3190 2386 3247 poena
2407 3175 2662 3246 obnoxii,
2684 3187 2906 3251 propter
2929 3193 3050 3236 eam
3073 3194 3236 3250 quam
3261 3191 3436 3238 morte

1869 3264 1985 3322 lieri
2011 3266 2304 3323 credebant
2335 3266 2762 3335 diaeolutionem,
2791 3268 2956 3325 vitam
2983 3269 3102 3326 aitte
3136 3269 3244 3348 viga
3269 3269 3435 3340 tiege-

1867 3353 2020 3410 bant.
2076 3352 2224 3422 Quos
2274 3356 2539 3414 miserans
2586 3357 2823 3415 verbum
2850 3397 2867 3425 ,
2928 3359 2998 3416 ad
3065 3361 3432 3417 auxiliandum

1869 3444 2166 3502 festinavit.
2199 3447 2400 3504 Deinde
2431 3456 2492 3505 ut
2515 3463 2615 3506 rex
2644 3449 3104 3508 clementissimus
3140 3451 3432 3509 coercitio-

1869 3553 1990 3596 nem
2044 3540 2236 3597 mortia
2279 3555 2380 3613 per
2422 3540 2659 3600 bominis
2729 3551 2978 3600 naturam
3037 3541 3258 3602 molitus
3303 3555 3436 3614 σοις

1868 3643 2100 3699 cumque
2146 3631 2196 3687 is
2239 3632 2351 3689 vita
2403 3631 2520 3703 ipsa
2574 3633 2680 3704 ait,
2732 3643 2788 3690 et
2829 3634 2925 3693 Dei
2978 3631 3243 3704 Verbum,
3270 3645 3436 3708 atque

1869 3724 2130 3795 potentia,
2185 3740 2294 3782 nou
2343 3726 2462 3781 aine
2513 3734 2692 3783 tamen
2750 3727 2866 3797 ipsa
2926 3727 3286 3793 humanitate,
3343 3731 3432 3785 cel

1866 3829 2023 3885 opem
2051 3814 2278 3883 serebat,
2309 3826 2572 3873 terrorem
2604 3818 2883 3873 hominum
2916 3819 2984 3875 de
3021 3817 3203 3875 medlo
3229 3816 3423 3875 tollen·

1868 3906 1996 3963 dum
2012 3906 2297 3978 judicavit.
2327 3905 2895 3974 Quamobretn,artnie
2939 3918 3096 3964 utens
3143 3907 3420 3978 humanis,

1869 3997 2084 4055 mortali
2117 3998 2171 4053 in
2217 4012 2446 4069 corpore
2485 4000 2866 4071 incorporeum
2913 3999 3144 4056 Verbum
3200 4007 3435 4060 nortem

1870 4103 1929 4146 re
1948 4090 2167 4147 mortali
2197 4090 2504 4158 debellavit,
2534 4092 2846 4164 grandeque
2868 4087 3190 4192 'miraculum
3214 4091 3429 4149 cunctis

1867 4183 2159 4239 ostentavit
2181 4223 2197 4248 ‚
2244 4183 2666 4240 immortalitatis
2698 4193 2954 4255 tropaeum
2989 4183 3249 4240 adversm
3289 4197 3434 4240 mor-

1869 4284 1977 4329 tem
2009 4274 2330 4330 mortalibus
2356 4276 2523 4331 armis
2552 4285 2817 4333 statuens.
2841 4275 3051 4345 Quippe
3069 4289 3222 4330 suam
3245 4275 3428 4338 voraci

1867 4362 2060 4419 beiluae
2093 4362 2376 4419 mortalem
2409 4373 2620 4435 partem
2643 4365 2897 4432 tradidit,
2921 4377 3046 4433 quaa
3073 4362 3258 4418 atatim
3283 4359 3430 4432 liguo

1868 4455 2040 4510 clavia
2068 4455 2279 4512 couiixa
2315 4455 2437 4524 l'ult,
2467 4466 2524 4514 ut
2543 4458 2631 4514 eui
2660 4456 2912 4526 corporis
2951 4461 3144 4509 natura
3187 4449 3432 4508 mortalis

1869 4545 1939 4600 ab
1981 4547 2236 4602 omnibus
2261 4555 2663 4618 agnosceretur,
2702 4561 2804 4601 nec
2831 4555 3162 4615 quemquam
3193 4553 3282 4598 res
3305 4546 3428 4598 acta

1865 4632 2056 4691 lateret
2105 4635 2220 4690 sive
2270 4636 2540 4692 bominem
2604 4634 2722 4692 sive
2771 4635 3092 4690 damonem.
3167 4630 3432 4688 intererat

1865 4727 2011 4783 enim
2053 4736 2114 4781 ut
2149 4740 2340 4784 omnes
2373 4735 2626 4784 accurate
2663 4727 2911 4783 viderent
2933 4737 3056 4780 ωιιι
3083 4721 3178 4796 qul
3217 4722 3422 4779 morie·

1867 4819 2048 4883 batur,
2073 4817 2344 4889 propriam
2381 4815 2724 4873 confitentem
2747 4856 2765 4880 ,
2810 4824 3070 4884 tanquam
3115 4813 3176 4870 in
3209 4819 3429 4882 specta·

1867 4910 1992 4964 culo
2033 4909 2292 4974 maximo,
2341 4914 2616 4973 naturam3
2679 4915 2740 4962 ut
2795 4904 2994 4961 deinde
3045 4903 3430 4974 superveniens

1869 5014 2039 5065 mora,
2074 5015 2172 5055 ceu
2209 4999 2327 5055 dira
2355 4998 2533 5054 bellua
2557 5036 2574 5063 ,
2596 5011 2841 5069 quanam
2874 4994 3106 5066 ipsamet
3133 5005 3294 5060 esset,
3331 5007 3428 5066 per

1867 5274 1934 5330 ad
1969 5273 2134 5331 iiebr.
2161 5287 2281 5355 cap.
2327 5271 2537 5338 n‚·l'1;
2577 5272 2848 5353 sed-recte
2875 5271 3094 5339 quidem
3141 5271 3196 5326 in
3241 5269 3429 5324 codiee

1864 5344 2251 5415 Mediolanensi
2277 5357 2344 5398 ex
2375 5340 2750 5412 Εὐαγγελικης
2782 5338 3120 5410 θεοφανείις.
3172 5337 3430 5394 mendose

1863 5422 2043 5469 autem
2079 5415 2133 5468 in
2163 5411 2442 5468 Paria-iaco
2482 5419 2566 5483 (ιιι
2603 5419 2748 5464 certe
2793 5417 2877 5465 eet
2917 5409 3061 5482 apud
3079 5409 3423 5474 Gramerum,

1860 5498 1916 5555 p.
1941 5483 2070 5556 428)
2119 5479 2492 5554 Εὑαγγιλικῆς
2528 5477 2877 5545 ἅπθδῑίξῑως·

1929 5595 2044 5666 (25)
2083 5593 2301 5658 Βτίίιιιε,
2333 5592 2386 5650 id
2413 5597 2716 5661 eat-morti,
2755 5611 2862 5666 non
2901 5593 3085 5649 belisia
3117 5600 3178 5646 ut
3227 5589 3422 5672 Syrus.

1863 5664 2380 5795 aeigitzssghilbuegfn·
2421 5664 2622 5734 Nempe
2660 5668 2819 5737 punio
2855 5665 2994 5722 infra
3029 5675 3176 5718 ιιιοη
3213 5664 3420 5716 diserte

3069 5822 3149 5882 2⁰
