3692 6134
844 285 1352 349 commmunia
1386 291 1457 350 m
1493 293 1752 353 tsAtAu.
1789 326 1857 338 —
1889 291 2046 351 CAP.
2085 288 2253 347 xxti.

3033 291 3142 349 25⁰

319 417 425 458 ενοι
468 403 793 479 ἐπενόησαν,
813 406 913 472 τὰς
943 409 1055 463 τῶν
1086 411 1473 480 πρεσσυτέρων
1496 418 1547 477 A
1574 429 1769 486 aquam
1801 413 1907 471 sibi
1937 411 2344 485 excogitarunt,
2375 410 2631 469 videlicet
2659 409 2941 467 seniorum
2977 411 3146 466 tradi-

319 497 353 566 ρ’
384 491 471 562 αἶς
488 499 583 554 καὶ
617 499 762 571 μέγα
802 502 1094 574 φρονοῦσιν
1120 505 1169 558 oi
1206 506 1338 577 παρ’
1369 508 1469 561 αύ-

319 603 361 641 οι
405 586 751 662 δευτερωιαί.
804 610 828 645 ε
863 593 975 647 Καὶ
1014 594 1468 668 ούκρνεὸλέψατε

319 677 402 750 (ἧς
423 679 721 752 ποιήσαντα
743 682 935 756 αὐτὴν,
976 687 1069 741 καὶ
1096 687 1188 742 τὸν
1207 688 1471 745 κτίσαντα

319 786 412 825 κε.
452 788 473 822 s
514 771 675 842 Λέγω
708 773 775 846 δὴ
803 774 906 847 τὴν
934 776 1173 832 παλαιὰν
1202 778 1330 834 τῶν·
1346 778 1469 835 θεο-

319 858 426 930 ρῶν
455 861 863 937 κολυμβήθραν,
894 864 991 938 τὴν
1022 866 1130 922 ἀπὸ
1154 867 1346 939 πηγῶν
1370 867 1469 923 τοῦ

319 967 378 1017 ος
402 953 799 1028 προχεομένην.

320 1058 380 1097 σε
408 1042 615 1116 Κύριος
637 1043 869 1102 Σαὸαὼθ
903 1047 961 1102 ἐν
978 1050 1045 1122 τῇ
1078 1048 1265 1123 ἡμέρᾳ
1284 1050 1469 1124 ἐκείνῃ

322 1134 552 1189 κοπετὸν
585 1135 683 1190 καὶ
730 1135 981 1211 ξύρησιν,
1012 1140 1111 1196 καὶ
1138 1138 1307 1204 ζῶσιν
1332 1140 1468 1197 σάκ-

319 1228 612 1301 ποιήσαντο
642 1229 987 1303 εὐφροσύνην
1014 1232 1113 1287 καὶ
1130 1232 1466 1308 ἅγαλλίαμα,

319 1334 432 1388 (ους
458 1321 554 1374 καὶ
574 1317 800 1388 θύοντες
822 1322 1095 1397 πρόδατα,
1108 1323 1251 1380 ὥστε
1272 1329 1465 1398 φαγεῖν

319 1409 398 1461 εῖν
422 1404 585 1476 οἶνον,
615 1410 887 1482 λέγοντες,
917 1412 1189 1488 ῦάγωμεν
1206 1416 1299 1472 καὶ
1320 1417 1460 1472 πίω-

319 1517 372 1573 ιρ
420 1501 855 1577 ἀποθνήσκομεν.
892 1521 915 1558 a
957 1506 1017 1562 '0
1058 1506 1161 1581 μὲν
1200 1503 1295 1564 οὖν
1326 1509 1460 1575 Θεὸς

319 1609 450 1657 τασι,
492 1594 567 1667 μὴ
597 1594 917 1669 βουλόμενος
948 1595 1179 1656 θάνατον
1196 1601 1460 1675 ἀμαρτω-

319 1683 509 1739 ’άνοιαν
539 1685 725 1752 αὐτοῦ,
758 1686 975 1764 θρηνεῖν
988 1690 1189 1756 αὐτοὺς
1212 1693 1310 1748 καὶ
1332 1691 1466 1746 ἀπο-

1570 507 1765 574 tioues‚
1794 506 1852 562 in
1909 504 2107 576 quibus
2134 503 2302 559 altum
2354 512 2575 575 sapiunt
2606 502 2665 568 ii,
2693 501 2788 573 qni
2830 502 2971 573 apud
3023 502 3144 558 illos

1568 598 1882 656 Deuterotae
1916 595 2276 669 appellantur.
2307 615 2325 648 ι
2347 595 2414 652 Et
2445 611 2552 652 uon
2585 593 2904 666 respexistis
2935 594 2988 649 in
3018 608 3142 650 eum

1568 690 1659 761 qui
1686 691 1756 746 ab
1784 689 1942 745 initio
1984 688 2114 746 lecit
2149 687 2322 754 iilam,
2343 695 2399 742 et
2422 686 2756 744 conditorem
2780 684 2900 754 ejus
2925 701 3033 741 non
3062 686 3144 739 vi-

1568 782 1745 841 distis.
1776 799 1798 835 s
1830 781 1910 838 De
1941 781 2112 838 veteri
2141 781 2445 837 divinarum
2480 779 2886 851 scripturarum
2928 777 3141 849 piscina

1570 873 1788 947 loquor,
1816 888 1938 946 quae
1963 888 1994 929 a
2015 872 2258 931 lontibus
2286 871 2455 929 divini
2483 870 2718 946 Spiritus
2755 878 2995 927 emanat.

1638 1050 1807 1108 Vns.
1840 1050 1928 1117 ts,
1958 1049 2049 1107 ¹5.
2083 1049 2195 1106 «Et
2247 1050 2467 1106 vocavit
2511 1048 2772 1105 Dominus
2813 1047 3051 1105 Sabaoth
3082 1047 3139 1103 in

1568 1142 1657 1200 die
1684 1141 1774 1199 illa
1812 1140 2020 1210 fletum,
2051 1151 2109 1198 et
2152 1142 2456 1213 planctum,
2479 1151 2535 1198 et
2564 1140 2912 1198 abrasionem
2943 1148 2999 1197 et
3025 1139 3140 1196 cin-

1566 1242 1783 1290 cturam
1815 1247 2100 1290 saccorum
2128 1251 2144 1290 :
2169 1232 2248 1289 iiii
2276 1245 2460 1289 autem
2491 1232 2660 1289 laetatl
2697 1241 2755 1288 et
2785 1230 2961 1304 gavisi
2991 1239 3138 1298 snnt,

1556 1326 1875 1400 jugulantes
1919 1326 2124 1384 vitulos
2167 1336 2225 1382 et
2277 1334 2584 1382 mactantes
2633 1338 2787 1391 oves,
2817 1330 2876 1379 ut
2919 1325 3146 1380 ederent

1558 1433 1777 1486 carnes,
1806 1429 1866 1476 et
1886 1419 2141 1476 biberent
2170 1418 2377 1486 vinnm,
2411 1417 2674 1481 dicentes,
2712 1414 3065 1472 comedamus
3086 1421 3144 1469 et

1559 1513 1838 1581 bibamus,
1870 1527 1996 1569 cras
2034 1512 2182 1567 enim
2234 1512 2554 1567 moriemur.
2579 1527 2600 1561 ι
2652 1507 2799 1563 Deus
2829 1507 3014 1579 igitur,
3048 1505 3142 1578 qui

1560 1619 1671 1662 non
1703 1603 1822 1660 vnit
1872 1614 2100 1660 mortem
2149 1603 2473 1675 peccatoris,
2502 1599 2600 1656 sed
2644 1599 2820 1670 magis
2869 1598 3142 1668 poeniten-

1563 1697 1721 1763 tiam,
1753 1696 1902 1768 ipsos
1956 1711 2150 1768 magna
2212 1694 2458 1751 facinora
2501 1705 2808 1763 aggressos,
2858 1689 3047 1762 ingere
3083 1698 3142 1744 et

343 1774 548 1831 ἑαυτῶν
578 1775 853 1836 ἀπώλειαν
902 1779 1370 1854 παρεκελεύσατο·
1411 1780 1464 1832 οἱ
1492 1771 1539 1828 B
1565 1788 1863 1857 perniciem
1907 1788 2039 1843 nere
2066 1801 2220 1842 suam
2245 1784 2432 1854 iuben
2472 1782 2549 1838 ilii
2585 1797 2713 1840 vero
2742 1781 2798 1837 in
2826 1778 3138 1850 hujusmodi

349 1869 532 1932 κακοῖς
569 1867 967 1943 ἐξεταζόμενοι,
989 1871 1067 1935 ὠς
1103 1871 1173 1927 ἂν
1218 1871 1468 1938 ἀπεγνω·

319 1958 589 2030 τωτηρίαν,
611 1962 691 2023 εἰς
710 1961 970 2016 ἀπόνοιαν
988 1959 1308 2026 ἐξώκειλαν,
1327 1960 1470 2035 μέθῃ

319 2040 447 2115 τοὺς
471 2050 741 2116 ἐκδόντες,
779 2051 857 2117 ὡς
874 2052 939 2106 οὐ
959 2050 1352 2124 διαδεξομίνης
1372 2053 1472 2107 αύ-

1566 1876 1731 1934 malis
1754 1886 2058 1941 versantes,
2082 1877 2236 1946 qnasi
2267 1877 2333 1932 de
2355 1876 2532 1931 sainte
2554 1875 2909 1945 desperantes
2931 1889 3054 1938 sua,
3081 1873 3136 1927 in

1569 1966 1839 2023 insaniam
1888 1976 2237 2036 proruerunt,
2294 1965 2546 2020 ebrietati
2594 1976 2651 2020 et
2695 1964 2959 2034 voluptati
3017 1979 3139 2020 sese

1569 2056 1863 2122 de:lentes;
1890 2055 2044 2126 qnasi
2076 2069 2267 2125 nempe
2298 2063 2422 2125 post
2446 2055 2651 2109 exitum
2678 2069 2745 2109 ex
2771 2054 2874 2109 hac
2906 2054 3018 2107 vita
3046 2053 3140 2110 Dei

319 2138 474 2205 Ξσεως
508 2140 651 2213 μετὰ
696 2141 800 2215 τὴν
839 2140 939 2196 τοῦ
968 2140 1168 2215 θνητοῦ
1220 2141 1340 2215 βίου
1388 2159 1475 2197 τε-
1565 2146 1829 2218 judicium
1869 2145 2183 2217 neutiquam
2213 2144 2334 2201 illos
2362 2153 2710 2214 excepturum
2740 2150 2906 2200 esset.

320 2320 651 2396 καλυμμόνα
670 2321 849 2378 ταῦτα
879 2325 986 2379 siet
1016 2325 1079 2380 ἐν
1094 2326 1210 2390 τοῖς
1221 2323 1327 2379 ὠσὶ
1350 2325 1468 2380 Κυ-

319 2430 337 2467 t
368 2413 465 2468 Διὸ
492 2412 685 2488 ὥσπερ
714 2415 901 2488 δεσμῷ
926 2415 1063 2472 Θεοῦ
1092 2415 1465 2472 καταδεθεῖσιν

319 2501 431 2576 ,ej-’iq
448 2502 727 2574 ἀπόφασις
744 2503 1087 2578 ἐξενήνεκται
1116 2508 1239 2561 κατ’
1257 2505 1458 2574 αὐτῶν,

338 2593 671 2666 ἀφεθήσεται
696 2597 731 2669 ἡ
758 2595 977 2670 τοιαύτη
1012 2597 1257 2672 ἁμαρτία
1279 2598 1456 2673 ὑμῶν,

321 2722 339 2740 .
384 2703 406 2739 s

347 2776 553 2852 Κύριος
590 2778 838 2835 Σαὸαώθ·
873 2780 1117 2853 Πορεύου
1138 2784 1222 2848 είς
1253 2799 1457 2840 παστο·

319 2871 471 2944 ιμνὰν
504 2872 597 2927 τὸν
618 2873 841 2945 ταμίαν,
876 2875 973 2929 καὶ
996 2869 1150 2930 εἷπον
1174 2876 1344 2949 αὐτῷ·
1395 2876 1461 2931 Τί

319 2963 324 3015 :
350 2966 435 3018 σοί
454 2965 607 3017 ἐστιν
632 2957 755 3031 ὧδε,
773 2965 856 3019 ὅτι
882 2965 1228 3039 ἐλατόμησας
1248 2967 1461 3041 σεαυτῷ

363 3058 461 3111 καὶ
482 3056 742 3128 ἐποίησας
776 3057 991 3129 σεαυτῷ
1017 3060 1076 3113 ἐν
1099 3057 1289 3130 ὑψηλῷ
1323 3077 1461 3131 μνη-

319 3147 455 3219 ιψας
492 3148 707 3221 σεαυτῷ
736 3151 797 3204 ἐν
832 3150 1015 3222 πέτρᾳ
1046 3152 1286 3223 σκηνήνς
1329 3151 1459 3207 Ἰδοὺ

322 3239 437 3296 αὼθ
487 3240 708 3297 ἐκῦαλεῖ
740 3243 835 3297 καὶ
864 3243 1111 3315 ἐκτρίψει
1140 3243 1330 3316 ἄνδρα,
1364 3245 1461 3300 καὶ

319 3333 416 3405 λήν
435 3351 552 3399 σου,
582 3336 678 3389 καὶ
704 3335 798 3389 τὸν
835 3336 1099 3405 στέφανόν
1130 3354 1226 3391 σου
1256 3338 1349 3392 τὸν
1373 3337 1461 3391 ἔν-

319 3441 353 3480 tt
404 3443 463 3481 σε
482 3428 563 3492 είς
593 3425 779 3501 χώραν
822 3427 1064 3501 μεγάλην
1094 3431 1186 3484 καὶ
1219 3431 1462 3503 ἀμέτρη-

356 3518 620 3593 άποθανῇ·
657 3521 751 3574 καὶ
803 3519 958 3594 θήσει
986 3521 1048 3576 τὸ
1081 3522 1236 3594 ἅρμα
1267 3538 1359 3576 σου
1397 3523 1461 3577 τὸ

319 3609 433 3677 ίαν,
481 3613 576 3668 καὶ
606 3613 699 3667 τὸν
736 3608 884 3667 οῐκον
926 3612 1022 3667 τοῦ
1079 3614 1335 3686 ἄρχοντός
1363 3630 1458 3668 σου

319 3720 382 3758 a·
418 3705 512 3758 καὶ
541 3705 887 3779 ἀφαιρεθήσῃ
918 3707 982 3760 ἐκ
1013 3708 1112 3778 τῆς
1147 3705 1460 3779 οἰκονομίας

319 3797 363 3868 ἰς
411 3796 651 3862 στάσεώς
698 3814 815 3852 σου.
876 3816 897 3850 s
951 3799 1148 3869 Ἔλεγε
1202 3799 1380 3853 τοίνυν
1428 3802 1458 3856 ό

324 3890 421 3962 ρέα
441 3890 765 3963 γεγενῆσθαι
801 3893 895 3946 τὸν
932 3892 1146 3964 Σομνὰν
1174 3896 1458 3965 τρυφητην

319 3981 410 4036 ῑίον
440 3980 673 4053 ἄσεμνον
704 3981 894 4054 ἄνδρα·
928 3982 1006 4047 ὡς
1035 3985 1130 4038 καὶ
1170 3982 1459 4056 προδοῦναι

319 4073 354 4126 ti.
369 4072 734 4146 αὐτομολῆσαι
745 4075 887 4147 πρὸς
901 4075 1104 4148 Σεναχη
1113 4076 1194 4147 ρεὶ
1199 4093 1238 4147 μ
1246 4076 1337 4130 τὸν
1350 4075 1459 4130 τῶν

319 4164 481 4228 πλέα,
534 4165 672 4237 πρὸς
717 4165 778 4222 ὃν
829 4165 1108 4221 ἐκελεύετο
1159 4166 1394 4238 βαδίζειν
1430 4169 1460 4223 ὀ

319 4257 377 4311 τὸ
397 4258 781 4330 παστοφόριον,
797 4259 832 4331 ἢ
857 4259 998 4314 κατὰ
1022 4260 1113 4314 τὸν
1140 4260 1457 4332 Σύμμαχον,

319 4348 494 4412 οῦντα,
540 4369 559 4402 ι
605 4350 809 4421 ἢκατὰ
834 4351 928 4405 τὸν
972 4351 1222 4417 Ἀκύλαν,
1262 4371 1280 4404 t
1321 4351 1460 4425 πρὸς

1640 2327 1801 2384 Vsus.
1835 2326 1923 2383 u.
1957 2346 1977 2380 ι
2001 2326 2070 2384 Et
2119 2327 2238 2383 haec
2272 2324 2511 2383 revelata
2546 2335 2674 2380 sunt
2705 2324 2757 2380 in
2788 2324 3014 2382 auribus
3040 2323 3145 2381 Do-

1563 2418 1697 2476 mini
1746 2417 2008 2476 Sabaoth.
2042 2435 2064 2471 »
2098 2417 2283 2485 Quare
2339 2415 2452 2473 iliis
2502 2424 2725 2486 peccato
2783 2431 2886 2472 ceu
2931 2414 3144 2471 vinculo

1560 2510 1655 2567 Dei
1690 2511 1912 2575 vinctis,
1943 2510 2064 2568 baee
2091 2509 2366 2566 sententia
2407 2507 2686 2581 profertur
2715 2528 2729 2564 :
2765 2527 2784 2558 ι
2812 2507 2927 2564 Νοη
2957 2507 3141 2565 dimit·

1562 2609 1708 2657 tetur
1732 2600 1890 2656 vobis
1919 2600 2024 2656 hoc
2047 2608 2353 2672 peccatum,
2378 2599 2556 2657 donee
2587 2599 2921 2655 moriamini.
2951 2618 2972 2652 s

1629 2781 1799 2840 Vens.
1829 2781 2012 2839 t5-t9.
2047 2801 2065 2834 ι
2092 2780 2216 2838 Haec
2233 2783 2363 2839 dicit
2388 2784 2650 2840 Dominus
2677 2781 2914 2839 Sabaoth
2942 2802 2956 2838 ε
2989 2780 3139 2839 Vade

1562 2873 1617 2930 in
1665 2875 2080 2946 pastophorium
2130 2873 2198 2930 ad
2249 2874 2511 2930 Somnum
2566 2878 2911 2945 pennarintn,
2946 2883 3003 2930 et
3047 2873 3138 2929 die

1559 2964 1609 3020 ei
1646 2980 1661 3019 z
1694 2964 1835 3032 Quid
1877 2963 1974 3019 tibi
2015 2963 2148 3020 bic?
2187 2964 2251 3020 Et
2282 2966 2416 3035 qnid
2445 2964 2546 3020 tibi
2574 2975 2683 3031 est,
2716 2966 2858 3034 quod
2886 2962 3139 3020 excidisti

1564 3056 1662 3112 tibi
1710 3057 1801 3112 hic
1836 3059 2299 3113 monumentum?
2327 3067 2386 3113 et
2439 3056 2620 3112 fecisti
2675 3057 2771 3111 tibi
2819 3056 2872 3111 in
2922 3053 3138 3112 excelso

1565 3157 1999 3217 monumentum,
2033 3157 2090 3205 et
2115 3149 2388 3220 scripsisti
2433 3149 2534 3205 tibi
2562 3149 2617 3203 in
2647 3156 2800 3215 petra
2830 3147 3142 3202 tabernacu-

1563 3241 1714 3297 lum?
1747 3241 1888 3298 Ecce
1911 3250 2062 3298 certe
2093 3242 2358 3298 Dominus
2383 3240 2623 3298 Sabaoth
2645 3240 2831 3312 ejiciet
2852 3249 2903 3295 et
2944 3246 3140 3294 atteret

1560 3333 1762 3403 virum,
1793 3343 1849 3392 et
1875 3335 2089 3393 auferet
2116 3335 2375 3392 amictum
2405 3345 2576 3401 tuum,
2612 3343 2669 3390 et
2706 3348 2965 3390 coronam
2993 3343 3139 3387 tuam

1562 3428 1879 3500 gloriosam.
1912 3439 1968 3486 et
1996 3429 2251 3500 projiciet
2279 3439 2334 3486 te
2363 3427 2416 3484 in
2459 3429 2739 3501 regionem
2785 3441 3038 3500 magnam
3085 3434 3145 3481 et

1561 3518 1907 3583 immensam.
1938 3528 1995 3575 et
2023 3520 2098 3575 ibi
2138 3519 2423 3587 morieris;
2454 3528 2510 3576 et
2547 3531 2715 3590 ponet
2737 3535 2955 3576 currum
2986 3527 3139 3573 tuum

1559 3608 1846 3679 pulchrum
1878 3610 1931 3666 in
1951 3611 2210 3677 dedecus,
2228 3621 2284 3666 et
2297 3611 2516 3667 domum
2536 3610 2794 3682 principis
2818 3612 2893 3666 tui
2917 3611 2973 3666 in
3004 3624 3138 3667 con·

1559 3699 1956 3757 calcationem:
1980 3712 2035 3758 et
2061 3716 2091 3756 a
2114 3701 2520 3773 dispensatione
2544 3697 2633 3758 ttia
2662 3712 2717 3758 et
2735 3717 2765 3757 a
2791 3703 3021 3758 statione
3049 3713 3139 3757 tna

1559 3789 1856 3851 arceberis.
1888 3812 1908 3847 ι
1946 3795 2039 3852 Ait
2087 3794 2272 3867 itaque
2323 3794 2603 3861 Rebraens,
2654 3795 2912 3852 Somnam
2973 3792 3139 3849 inisse

1556 3896 1907 3968 pontiilcem,
1951 3888 2314 3959 voluptarium
2350 3897 2406 3943 ct
2465 3887 2731 3944 indecorae
2788 3889 2911 3943 vitae
2963 3888 3137 3945 homi·

1558 4006 1716 4057 nem,
1757 3988 1830 4044 ita
1886 3994 1946 4040 nt
1988 3982 2154 4039 etiam
2189 3980 2444 4053 populum
2495 3982 2747 4050 proderet
2795 3991 2851 4037 et
2895 3980 3137 4036 transiu-

1559 4088 1713 4152 geret
1754 4079 1822 4133 ad
1860 4074 2214 4132 Senacherim
2246 4073 2592 4146 Assyriorum
2626 4088 2826 4143 regem,
2863 4089 3022 4144 quiem
3050 4071 3137 4140 ju-

1560 4171 1719 4226 betur
1756 4169 2017 4241 propheta
2059 4167 2112 4222 in
2157 4164 2506 4237 pastophorio
2557 4166 2737 4233 adire-,3
2764 4166 2898 4232 sive,
2942 4181 3138 4220 secuu-

1561 4263 1686 4318 dmn
1714 4261 2126 4334 Symmachum,
2158 4278 2178 4312 c
2206 4260 2272 4313 ad
2303 4258 2771 4314 tabernaculorum
2800 4259 3061 4313 artilicetu
3083 4276 3132 4325 ς»

1561 4371 1680 4424 seu,
1713 4353 2010 4411 secundnm
2064 4351 2335 4422 Aquilam,
2395 4368 2416 4403 t
2448 4353 2515 4405 ad
2569 4350 2912 4407 tabernacula
2973 4351 3140 4422 iigen-

319 4458 324 4471 ·
354 4458 375 4492 s
422 4439 565 4494 οὕτω
590 4439 699 4513 γὰρ
720 4442 1069 4513 ὴρμήνευσαν
1097 4442 1234 4496 Θεοῦ
1264 4443 1328 4497 τὸ
1352 4460 1459 4497 πα-
1488 4453 1535 4508 1)
1565 4456 1704 4515 tem,
1732 4465 1751 4498 ι
1808 4445 1882 4501 ita
1951 4444 2095 4499 enim
2156 4442 2567 4514 pastophorium
2633 4442 2726 4496 Dei
2798 4443 3136 4513 interpretati

319 4533 398 4586 εῖν
423 4549 483 4586 τε
515 4531 683 4603 αὐτῷ·
705 4534 918 4605 Μάτην,
937 4529 983 4588 ὧ
1004 4529 1179 4600 οὗτος,
1204 4536 1299 4590 καὶ
1329 4553 1466 4609 προ-

319 4624 487 4696 ταυτῷ
517 4625 652 4697 πρὸς
670 4628 737 4698 τῇ
767 4626 944 4699 πέτρᾳ
974 4630 1041 4701 τῇ
1075 4627 1253 4702 ὑψηλῇ
1281 4630 1465 4685 ἐλατό-

319 4734 382 4781 ιν,
420 4716 693 4781 κοιλαίνας
738 4718 797 4771 ἐν
839 4717 991 4789 αὐτῷ
1030 4719 1321 4792 γράμμασι
1363 4721 1464 4792 τῆς

318 4825 343 4873 ς
390 4807 655 4879 σύμόολα·
688 4809 787 4863 οὐκ
835 4810 1012 4874 εἰδὼς,
1055 4810 1134 4865 ὅτι
1162 4812 1286 4884 ὄρος
1320 4812 1463 4866 κατὰ

319 4919 358 4955 ιι
400 4901 553 4973 παρὰ
589 4902 793 4974 Κυρίου
849 4901 1098 4968 Σαόαὼθ,
1153 4905 1182 4957 ό
1224 4903 1459 4958 κελεύων

319 5009 356 5046 τε
372 4994 472 5065 τῆς
497 4994 680 5065 τιμῆς,
710 4988 778 5066 ἧς
804 4994 896 5048 ἐπὶ
915 4993 1010 5047 τοῦ
1037 4995 1301 5067 παρόντος
1333 5014 1461 5067 μετ-

319 5083 566 5138 ’.νωθέντα
601 5083 700 5155 τῆς
722 5084 1113 5157 περικειμένης
1134 5103 1215 5140 σοι
1242 5088 1456 5159 στολῆς,

319 5191 392 5229 νου
434 5175 529 5229 καὶ
577 5176 676 5246 τῆς
703 5175 871 5248 ἄλλης
910 5177 1085 5247 δόξης.
1117 5179 1457 5250 πορρωτάτω

319 5265 414 5336 ἧς,
457 5267 547 5320 ἐπὶ
579 5265 737 5338 ξένης
778 5266 922 5332 τινος
966 5268 1061 5322 καὶ
1104 5269 1321 5341 μακρὰν
1354 5271 1464 5323 ἀπ-

319 5374 404 5422 >ας
430 5356 743 5413 ἀποθανεῖν.
774 5359 1051 5432 Περιττῶς
1082 5361 1190 5433 ἄρα
1220 5361 1467 5431 ἐφιλοκά-

319 5467 324 5490 ·
362 5451 570 5504 ἐκεῖνον
600 5452 849 5520 συνάγων
877 5451 1126 5519 πλοῦτον,
1148 5453 1219 5507 τὰ
1242 5452 1462 5526 ἅρματα

325 5541 514 5614 τῦφον,
543 5543 605 5598 ὃν
621 5542 790 5597 είσέτι
808 5544 904 5599 καὶ
928 5544 1024 5598 νῦν
1050 5544 1459 5619 περιὸέΰλησαι.

323 5675 636 5732 erouymns,
673 5680 691 5713 t
728 5661 902 5731 Supra
952 5663 1188 5717 diximus
1219 5661 1454 5718 Subitam

321 5747 433 5800 eni,
457 5731 548 5802 qni
594 5732 837 5805 Assyriis
879 5734 1119 5804 prodidit
1151 5735 1451 5792 civitatem.

1566 4548 1734 4598 sunt:
1765 4539 1976 4611 ipsique
2010 4536 2197 4593 dicere
2240 4535 2570 4607 praecipitnr,
2619 4533 2764 4591 flens
2808 4545 2886 4602 tu,
2935 4535 3137 4593 frustra

1565 4642 1621 4689 et
1655 4641 1860 4688 temere
1900 4630 1989 4685 hic
2023 4628 2119 4682 tibi
2154 4627 2209 4684 in
2243 4628 2347 4683 alta
2390 4635 2543 4698 petra
2589 4640 2992 4686 monumentum
3041 4648 3139 4686 ex-

1563 4721 1778 4788 cidisti,
1825 4717 2109 4788 insculptis
2148 4715 2343 4773 litteris
2388 4717 2677 4774 voluntatis
2731 4728 2832 4775 tuae
2893 4722 3138 4792 symbola

1565 4819 1961 4882 repraesentans
2005 4827 2020 4863 z
2067 4808 2323 4878 ignorans
2364 4808 2639 4862 decretum
2678 4824 2707 4863 a
2765 4809 2989 4864 Domino
3037 4808 3136 4863 Sa·

1564 4903 1727 4959 baoth
1755 4913 1942 4958 contra
1977 4910 2027 4956 te
2052 4899 2290 4970 prodire,
2316 4914 2423 4970 quo
2452 4908 2505 4954 te
2532 4898 2703 4967 jubet,
2740 4901 2942 4957 honore
2976 4915 3133 4970 quem

1567 5009 1709 5050 nunc
1759 4994 1973 5049 obtines
2012 4991 2390 5057 deturbatum,
2436 4992 2665 5059 atttictn,
2716 5010 2823 5064 qno
2869 4991 3134 5054 induerisn

1563 5099 1764 5141 corona
1788 5098 1853 5139 ac
1886 5083 2094 5155 reliqno
2118 5084 2314 5138 decore
2342 5095 2587 5151 exutum,
2613 5086 2801 5153 procul
2832 5087 2934 5139 ime
2966 5093 3136 5148 terra,

1566 5177 1619 5232 in
1652 5175 1939 5248 peregrina
1977 5187 2031 5231 et
2076 5174 2435 5230 remotissima
2490 5179 2709 5246 regione
2758 5175 2997 5246 (lestingi.
3032 5174 3137 5230 Sn-

1565 5268 1769 5340 periine
1799 5266 1964 5337 igitur
1993 5275 2171 5321 tantas
2196 5265 2322 5321 illas
2350 5265 2568 5321 divitias
2597 5266 2839 5322 studiose
2878 5265 3138 5336 colligere

1565 5360 1870 5430 satagebas,
1912 5372 1977 5415 ae
2032 5372 2224 5414 currus
2261 5360 2665 5430 superbumque
2697 5358 2859 5412 alium
2900 5372 3133 5428 appara-

1508 5476 1523 5492 ·
1567 5459 1698 5516 tum,
1739 5465 1847 5521 quo
1891 5464 2035 5505 nnnc
2061 5449 2325 5505 indueris.
2371 5449 2497 5508 llaec
2536 5451 2661 5506 item
2702 5449 2966 5521 quispiam
3001 5460 3137 5505 tem-

1564 5544 1682 5616 pori
1714 5542 1987 5615 passionis
2029 5540 2341 5600 Servatoris
2378 5543 2550 5598 nostri
2581 5552 2939 5612 congruenter
2979 5552 3129 5612 apta-

1561 5662 1668 5717 Sed
1696 5660 1821 5730 qnia
1853 5660 1957 5716 hoc
1984 5658 2295 5717 traditionis
2323 5666 2407 5718 est
2439 5655 2756 5723 liebra'te‘oe,
2777 5663 2839 5711 :tx
2853 5652 3175 5722 smmum

1560 5748 1669 5791 non
1701 5730 1960 5802 loquitur,
1985 5738 2094 5789 etc.
2400 5731 2404 5736 “
