<?xml version="1.0" encoding="UTF-8"?>
<!DOCTYPE html PUBLIC "-//W3C//DTD XHTML 1.0 Transitional//EN"
    "http://www.w3.org/TR/xhtml1/DTD/xhtml1-transitional.dtd">
<html xmlns="http://www.w3.org/1999/xhtml" xml:lang="en" lang="en">
 <head>
  <title>
</title>
<meta http-equiv="Content-Type" content="text/html;charset=utf-8" />
  <meta name='ocr-system' content='tesseract 3.04.00' />
  <meta name='ocr-capabilities' content='ocr_page ocr_carea ocr_par ocr_line ocrx_word'/>
</head>
<body>
  <div class='ocr_page' id='page_1' title='image "./patrologicursus112migngoog_0415.png"; bbox 0 0 3692 6134; ppageno 0'>
   <div class='ocr_carea' id='block_1_1' title="bbox 103 309 211 367">
    <p class='ocr_par' dir='ltr' id='par_1_1' title="bbox 103 309 211 367">
     <span class='ocr_line' id='line_1_1' title="bbox 103 309 211 367; baseline -0.028 0"><span class='ocrx_word' id='word_1_1' title='bbox 103 309 211 367; x_wconf 62' lang='lat'><strong>&#39;145</strong></span> 
     </span>
    </p>
   </div>
   <div class='ocr_carea' id='block_1_2' title="bbox 1238 302 2245 363">
    <p class='ocr_par' dir='ltr' id='par_1_2' title="bbox 1238 302 2245 363">
     <span class='ocr_line' id='line_1_2' title="bbox 1238 302 2245 363; baseline -0.001 -2"><span class='ocrx_word' id='word_1_2' title='bbox 1238 302 1521 361; x_wconf 68' lang='lat' dir='ltr'>CONTRA</span> <span class='ocrx_word' id='word_1_3' title='bbox 1558 302 1989 361; x_wconf 63' lang='lat' dir='ltr'><strong>macutum</strong></span> <span class='ocrx_word' id='word_1_4' title='bbox 2029 303 2161 363; x_wconf 75' lang='lat' dir='ltr'><strong>Lm.</strong></span> <span class='ocrx_word' id='word_1_5' title='bbox 2203 305 2245 361; x_wconf 79' lang='grc'><strong>1.</strong></span> 
     </span>
    </p>
   </div>
   <div class='ocr_carea' id='block_1_3' title="bbox 3244 317 3357 375">
    <p class='ocr_par' dir='ltr' id='par_1_3' title="bbox 3244 317 3357 375">
     <span class='ocr_line' id='line_1_3' title="bbox 3244 317 3357 375; baseline 0.018 -2"><span class='ocrx_word' id='word_1_6' title='bbox 3244 317 3357 375; x_wconf 67' lang='lat' dir='ltr'><strong>uo</strong></span> 
     </span>
    </p>
   </div>
   <div class='ocr_carea' id='block_1_4' title="bbox 113 427 3362 511">
    <p class='ocr_par' dir='ltr' id='par_1_4' title="bbox 113 427 3362 511">
     <span class='ocr_line' id='line_1_4' title="bbox 113 427 3362 511; baseline 0.003 -26"><span class='ocrx_word' id='word_1_7' title='bbox 113 454 131 485; x_wconf 78' lang='grc' dir='ltr'><strong>ι</strong></span> <span class='ocrx_word' id='word_1_8' title='bbox 171 449 270 493; x_wconf 82' lang='grc' dir='ltr'><strong>την</strong></span> <span class='ocrx_word' id='word_1_9' title='bbox 323 429 565 502; x_wconf 80' lang='grc' dir='ltr'><strong>Μηδείας</strong></span> <span class='ocrx_word' id='word_1_10' title='bbox 608 429 857 502; x_wconf 77' lang='grc' dir='ltr'><strong>ἀνευρεῖν</strong></span> <span class='ocrx_word' id='word_1_11' title='bbox 897 428 1206 500; x_wconf 79' lang='grc' dir='ltr'><strong>μάχαιραν,</strong></span> <span class='ocrx_word' id='word_1_12' title='bbox 1261 429 1354 483; x_wconf 76' lang='grc' dir='ltr'><strong>καὶ</strong></span> <span class='ocrx_word' id='word_1_13' title='bbox 1402 427 1539 500; x_wconf 79' lang='grc' dir='ltr'><strong>αὐτῇ</strong></span> <span class='ocrx_word' id='word_1_14' title='bbox 1591 446 1687 482; x_wconf 87' lang='grc' dir='ltr'><strong>τυ-</strong></span> <span class='ocrx_word' id='word_1_15' title='bbox 1719 430 1762 486; x_wconf 72' lang='lat' dir='ltr'>A</span> <span class='ocrx_word' id='word_1_16' title='bbox 1795 446 1816 479; x_wconf 83' lang='grc' dir='ltr'><strong>ι</strong></span> <span class='ocrx_word' id='word_1_17' title='bbox 1859 437 2063 483; x_wconf 87' lang='lat' dir='ltr'><strong>terram</strong></span> <span class='ocrx_word' id='word_1_18' title='bbox 2089 442 2325 494; x_wconf 86' lang='lat' dir='ltr'><strong>eruens,</strong></span> <span class='ocrx_word' id='word_1_19' title='bbox 2358 428 2510 485; x_wconf 81' lang='lat' dir='ltr'><strong>illum</strong></span> <span class='ocrx_word' id='word_1_20' title='bbox 2538 429 2856 487; x_wconf 68' lang='lat' dir='ltr'><strong>Medeanum</strong></span> <span class='ocrx_word' id='word_1_21' title='bbox 2882 434 3191 507; x_wconf 70' lang='lat' dir='ltr'><strong>detegebat,</strong></span> <span class='ocrx_word' id='word_1_22' title='bbox 3249 453 3362 511; x_wconf 82' lang='lat' dir='ltr'><strong>quo</strong></span> 
     </span>
    </p>
   </div>
   <div class='ocr_carea' id='block_1_5' title="bbox 110 523 1692 2240">
    <p class='ocr_par' dir='ltr' id='par_1_5' title="bbox 110 523 358 578">
     <span class='ocr_line' id='line_1_5' title="bbox 110 523 358 578; baseline -0.008 0"><span class='ocrx_word' id='word_1_23' title='bbox 110 530 138 578; x_wconf 75' lang='lat' dir='ltr'><strong>t·</strong></span> <span class='ocrx_word' id='word_1_24' title='bbox 177 523 204 576; x_wconf 74' lang='lat'><strong>0</strong></span> <span class='ocrx_word' id='word_1_25' title='bbox 281 540 358 577; x_wconf 90' lang='grc' dir='ltr'><strong>αι.</strong></span> 
     </span>
    </p>

    <p class='ocr_par' dir='ltr' id='par_1_6' title="bbox 114 532 1692 2240">
     <span class='ocr_line' id='line_1_6' title="bbox 190 532 1685 681; baseline -0.004 -14"><span class='ocrx_word' id='word_1_26' title='bbox 190 532 307 667; x_wconf 40' lang='lat' dir='ltr'><strong>‘siz‘</strong></span> <span class='ocrx_word' id='word_1_27' title='bbox 355 613 411 667; x_wconf 86' lang='grc' dir='ltr'><strong>δὲ</strong></span> <span class='ocrx_word' id='word_1_28' title='bbox 443 612 523 676; x_wconf 81' lang='grc' dir='ltr'><strong>τὸ,</strong></span> <span class='ocrx_word' id='word_1_29' title='bbox 551 612 722 677; x_wconf 68' lang='grc' dir='ltr'><strong>Ἅλις</strong></span> <span class='ocrx_word' id='word_1_30' title='bbox 766 609 966 680; x_wconf 81' lang='grc' dir='ltr'><strong>δρυὸς,</strong></span> <span class='ocrx_word' id='word_1_31' title='bbox 1001 610 1286 681; x_wconf 74' lang='grc' dir='ltr'><strong>σημαίνεις</strong></span> <span class='ocrx_word' id='word_1_32' title='bbox 1315 608 1448 680; x_wconf 81' lang='grc' dir='ltr'><strong>φησί</strong></span> <span class='ocrx_word' id='word_1_33' title='bbox 1485 624 1589 673; x_wconf 89' lang='grc' dir='ltr'><strong>τις·</strong></span> <span class='ocrx_word' id='word_1_34' title='bbox 1624 610 1685 662; x_wconf 78' lang='grc' dir='ltr'><strong>οὐ</strong></span> 
     </span>
     <span class='ocr_line' id='line_1_7' title="bbox 117 700 1687 776; baseline -0.003 -20"><span class='ocrx_word' id='word_1_35' title='bbox 117 722 139 756; x_wconf 82' lang='grc' dir='ltr'><strong>ι</strong></span> <span class='ocrx_word' id='word_1_36' title='bbox 177 703 289 776; x_wconf 79' lang='grc' dir='ltr'><strong>γὰρ</strong></span> <span class='ocrx_word' id='word_1_37' title='bbox 320 704 545 759; x_wconf 84' lang='grc' dir='ltr'><strong>δυνατὸν</strong></span> <span class='ocrx_word' id='word_1_38' title='bbox 575 706 641 758; x_wconf 86' lang='grc' dir='ltr'><strong>ὲκ</strong></span> <span class='ocrx_word' id='word_1_39' title='bbox 660 702 755 756; x_wconf 82' lang='grc' dir='ltr'><strong>τοῦ</strong></span> <span class='ocrx_word' id='word_1_40' title='bbox 779 702 1067 774; x_wconf 83' lang='grc' dir='ltr'>προχείρου</span> <span class='ocrx_word' id='word_1_41' title='bbox 1087 700 1411 771; x_wconf 80' lang='grc' dir='ltr'><strong>γιγνώσκειν</strong></span> <span class='ocrx_word' id='word_1_42' title='bbox 1425 700 1525 773; x_wconf 73' lang='grc' dir='ltr'><strong>τὴν</strong></span> <span class='ocrx_word' id='word_1_43' title='bbox 1548 716 1687 769; x_wconf 85' lang='grc' dir='ltr'><strong>παρ-</strong></span> 
     </span>
     <span class='ocr_line' id='line_1_8' title="bbox 119 792 1685 868; baseline -0.002 -21"><span class='ocrx_word' id='word_1_44' title='bbox 119 813 141 847; x_wconf 83' lang='grc' dir='ltr'><strong>ι</strong></span> <span class='ocrx_word' id='word_1_45' title='bbox 177 796 382 868; x_wconf 90' lang='grc' dir='ltr'><strong>οιμίαν.</strong></span> <span class='ocrx_word' id='word_1_46' title='bbox 413 797 476 849; x_wconf 88' lang='grc' dir='ltr'><strong>Οί</strong></span> <span class='ocrx_word' id='word_1_47' title='bbox 511 795 750 860; x_wconf 74' lang='grc' dir='ltr'><strong>παλαιοὶ,</strong></span> <span class='ocrx_word' id='word_1_48' title='bbox 778 795 856 860; x_wconf 84' lang='grc' dir='ltr'><strong>ὡς</strong></span> <span class='ocrx_word' id='word_1_49' title='bbox 880 795 1111 864; x_wconf 74' lang='grc' dir='ltr'><strong>ἔφασαν,</strong></span> <span class='ocrx_word' id='word_1_50' title='bbox 1148 793 1254 867; x_wconf 83' lang='grc' dir='ltr'><strong>πρὸ</strong></span> <span class='ocrx_word' id='word_1_51' title='bbox 1284 792 1383 865; x_wconf 82' lang='grc' dir='ltr'><strong>τῆς</strong></span> <span class='ocrx_word' id='word_1_52' title='bbox 1417 792 1513 846; x_wconf 87' lang='grc' dir='ltr'><strong>τοῦ</strong></span> <span class='ocrx_word' id='word_1_53' title='bbox 1539 793 1685 845; x_wconf 89' lang='grc' dir='ltr'><strong>σίτου</strong></span> 
     </span>
     <span class='ocr_line' id='line_1_9' title="bbox 120 883 1688 959; baseline -0.001 -20"><span class='ocrx_word' id='word_1_54' title='bbox 120 906 141 939; x_wconf 81' lang='grc' dir='ltr'><strong>ι</strong></span> <span class='ocrx_word' id='word_1_55' title='bbox 179 886 476 959; x_wconf 83' lang='grc' dir='ltr'><strong>γεωργίας,</strong></span> <span class='ocrx_word' id='word_1_56' title='bbox 526 886 1056 958; x_wconf 79' lang='grc' dir='ltr'><strong>βαλανηφαγοῦντες,</strong></span> <span class='ocrx_word' id='word_1_57' title='bbox 1089 885 1300 956; x_wconf 68' lang='grc' dir='ltr'><strong>ἐπειδὴ,</strong></span> <span class='ocrx_word' id='word_1_58' title='bbox 1329 883 1406 948; x_wconf 82' lang='grc' dir='ltr'><strong>ὡς</strong></span> <span class='ocrx_word' id='word_1_59' title='bbox 1435 884 1623 955; x_wconf 76' lang='grc' dir='ltr'><strong>ᾤοντο,</strong></span> <span class='ocrx_word' id='word_1_60' title='bbox 1659 886 1688 936; x_wconf 85' lang='grc' dir='ltr'><strong>ό</strong></span> 
     </span>
     <span class='ocr_line' id='line_1_10' title="bbox 119 972 1687 1053; baseline -0.002 -21"><span class='ocrx_word' id='word_1_61' title='bbox 119 998 141 1032; x_wconf 83' lang='grc' dir='ltr'><strong>ι</strong></span> <span class='ocrx_word' id='word_1_62' title='bbox 180 980 391 1052; x_wconf 83' lang='grc' dir='ltr'><strong>καρπὸς</strong></span> <span class='ocrx_word' id='word_1_63' title='bbox 416 972 572 1044; x_wconf 74' lang='grc' dir='ltr'><strong>οὗτος</strong></span> <span class='ocrx_word' id='word_1_64' title='bbox 600 979 828 1053; x_wconf 78' lang='grc' dir='ltr'><strong>ὕστερον</strong></span> <span class='ocrx_word' id='word_1_65' title='bbox 857 979 1077 1051; x_wconf 81' lang='grc' dir='ltr'><strong>εὑρέθη,</strong></span> <span class='ocrx_word' id='word_1_66' title='bbox 1112 979 1305 1049; x_wconf 79' lang='grc' dir='ltr'><strong>ἐκείνῳ</strong></span> <span class='ocrx_word' id='word_1_67' title='bbox 1331 976 1687 1050; x_wconf 78' lang='grc' dir='ltr'><strong>προσέχοντες</strong></span> 
     </span>
     <span class='ocr_line' id='line_1_11' title="bbox 121 1068 1689 1143; baseline -0.003 -19"><span class='ocrx_word' id='word_1_68' title='bbox 121 1089 142 1124; x_wconf 83' lang='grc' dir='ltr'><strong>ι</strong></span> <span class='ocrx_word' id='word_1_69' title='bbox 177 1072 270 1126; x_wconf 84' lang='grc' dir='ltr'><strong>τὸν</strong></span> <span class='ocrx_word' id='word_1_70' title='bbox 313 1070 437 1125; x_wconf 86' lang='grc' dir='ltr'><strong>νοῦν</strong></span> <span class='ocrx_word' id='word_1_71' title='bbox 477 1071 570 1125; x_wconf 72' lang='grc' dir='ltr'><strong>καὶ</strong></span> <span class='ocrx_word' id='word_1_72' title='bbox 608 1074 674 1143; x_wconf 72' lang='grc' dir='ltr'><strong>τῇ</strong></span> <span class='ocrx_word' id='word_1_73' title='bbox 725 1071 994 1143; x_wconf 74' lang='grc' dir='ltr'><strong>μεταδολῇ</strong></span> <span class='ocrx_word' id='word_1_74' title='bbox 1037 1069 1489 1142; x_wconf 86' lang='grc' dir='ltr'><strong>προσχαίροντες,</strong></span> <span class='ocrx_word' id='word_1_75' title='bbox 1526 1068 1689 1132; x_wconf 71' lang='grc' dir='ltr'><strong>Ἅλις</strong></span> 
     </span>
     <span class='ocr_line' id='line_1_12' title="bbox 120 1158 1688 1233; baseline -0.003 -19"><span class='ocrx_word' id='word_1_76' title='bbox 120 1180 142 1214; x_wconf 83' lang='grc' dir='ltr'><strong>ι</strong></span> <span class='ocrx_word' id='word_1_77' title='bbox 179 1161 382 1231; x_wconf 82' lang='grc' dir='ltr'><strong>δρυὸς,</strong></span> <span class='ocrx_word' id='word_1_78' title='bbox 419 1162 626 1232; x_wconf 80' lang='grc' dir='ltr'><strong>ἔλεγον.</strong></span> <span class='ocrx_word' id='word_1_79' title='bbox 671 1164 780 1217; x_wconf 77' lang='grc' dir='ltr'><strong>Καὶ</strong></span> <span class='ocrx_word' id='word_1_80' title='bbox 811 1162 969 1216; x_wconf 90' lang='grc' dir='ltr'><strong>τοῦτο</strong></span> <span class='ocrx_word' id='word_1_81' title='bbox 1008 1161 1107 1233; x_wconf 82' lang='grc' dir='ltr'><strong>τὴν</strong></span> <span class='ocrx_word' id='word_1_82' title='bbox 1153 1159 1451 1232; x_wconf 80' lang='grc' dir='ltr'><strong>παροιμίαν</strong></span> <span class='ocrx_word' id='word_1_83' title='bbox 1483 1158 1688 1228; x_wconf 80' lang='grc' dir='ltr'><strong>ἔφασαν</strong></span> 
     </span>
     <span class='ocr_line' id='line_1_13' title="bbox 117 1248 1688 1325; baseline -0.003 -19"><span class='ocrx_word' id='word_1_84' title='bbox 117 1269 142 1305; x_wconf 75' lang='grc' dir='ltr'><strong>ε</strong></span> <span class='ocrx_word' id='word_1_85' title='bbox 175 1250 333 1308; x_wconf 76' lang='grc' dir='ltr'><strong>εἶναι.</strong></span> <span class='ocrx_word' id='word_1_86' title='bbox 373 1248 538 1318; x_wconf 75' lang='grc' dir='ltr'><strong>Αὖθίς</strong></span> <span class='ocrx_word' id='word_1_87' title='bbox 580 1270 640 1307; x_wconf 90' lang='grc' dir='ltr'><strong>τε</strong></span> <span class='ocrx_word' id='word_1_88' title='bbox 685 1253 878 1325; x_wconf 84' lang='grc' dir='ltr'><strong>ἑτέρας</strong></span> <span class='ocrx_word' id='word_1_89' title='bbox 916 1252 1245 1324; x_wconf 84' lang='grc' dir='ltr'><strong>παροιμίας,</strong></span> <span class='ocrx_word' id='word_1_90' title='bbox 1291 1249 1396 1304; x_wconf 82' lang='grc' dir='ltr'><strong>ὑπὸ</strong></span> <span class='ocrx_word' id='word_1_91' title='bbox 1423 1249 1688 1303; x_wconf 80' lang='grc' dir='ltr'><strong>πλείστων</strong></span> 
     </span>
     <span class='ocr_line' id='line_1_14' title="bbox 117 1343 1688 1420; baseline -0.003 -20"><span class='ocrx_word' id='word_1_92' title='bbox 117 1362 142 1400; x_wconf 75' lang='grc' dir='ltr'><strong>ε</strong></span> <span class='ocrx_word' id='word_1_93' title='bbox 176 1345 285 1400; x_wconf 83' lang='grc' dir='ltr'><strong>τῶν</strong></span> <span class='ocrx_word' id='word_1_94' title='bbox 315 1347 443 1420; x_wconf 83' lang='grc' dir='ltr'><strong>παρ’</strong></span> <span class='ocrx_word' id='word_1_95' title='bbox 474 1347 659 1413; x_wconf 79' lang='grc' dir='ltr'><strong>αὐτοῖς</strong></span> <span class='ocrx_word' id='word_1_96' title='bbox 686 1346 865 1417; x_wconf 78' lang='grc' dir='ltr'><strong>σοφῶν</strong></span> <span class='ocrx_word' id='word_1_97' title='bbox 896 1349 956 1401; x_wconf 86' lang='grc' dir='ltr'><strong>ὲν</strong></span> <span class='ocrx_word' id='word_1_98' title='bbox 984 1346 1256 1409; x_wconf 82' lang='grc' dir='ltr'><strong>πλείστοις</strong></span> <span class='ocrx_word' id='word_1_99' title='bbox 1288 1344 1384 1398; x_wconf 76' lang='grc' dir='ltr'><strong>καὶ</strong></span> <span class='ocrx_word' id='word_1_100' title='bbox 1412 1343 1688 1415; x_wconf 77' lang='grc' dir='ltr'><strong>διαφόροις</strong></span> 
     </span>
     <span class='ocr_line' id='line_1_15' title="bbox 116 1434 1686 1510; baseline -0.002 -20"><span class='ocrx_word' id='word_1_101' title='bbox 116 1451 141 1489; x_wconf 72' lang='lat' dir='ltr'><strong>e</strong></span> <span class='ocrx_word' id='word_1_102' title='bbox 176 1434 400 1508; x_wconf 71' lang='grc' dir='ltr'><strong>βισλίοις</strong></span> <span class='ocrx_word' id='word_1_103' title='bbox 441 1437 756 1510; x_wconf 77' lang='grc' dir='ltr'><strong>εἰρημένης,</strong></span> <span class='ocrx_word' id='word_1_104' title='bbox 792 1439 915 1492; x_wconf 87' lang='grc' dir='ltr'><strong>τίνα</strong></span> <span class='ocrx_word' id='word_1_105' title='bbox 965 1438 1094 1510; x_wconf 72' lang='grc' dir='ltr'><strong>περὶ</strong></span> <span class='ocrx_word' id='word_1_106' title='bbox 1132 1435 1299 1508; x_wconf 74' lang='grc' dir='ltr'><strong>αὐτῆς</strong></span> <span class='ocrx_word' id='word_1_107' title='bbox 1329 1434 1686 1507; x_wconf 77' lang='grc' dir='ltr'><strong>γεγράφασιν,</strong></span> 
     </span>
     <span class='ocr_line' id='line_1_16' title="bbox 117 1526 1690 1602; baseline -0.001 -21"><span class='ocrx_word' id='word_1_108' title='bbox 117 1545 141 1581; x_wconf 77' lang='grc' dir='ltr'><strong>ι</strong></span> <span class='ocrx_word' id='word_1_109' title='bbox 174 1528 225 1582; x_wconf 79' lang='lat' dir='ltr'><strong>oi</strong></span> <span class='ocrx_word' id='word_1_110' title='bbox 264 1528 365 1594; x_wconf 85' lang='grc' dir='ltr'><strong>τὰς</strong></span> <span class='ocrx_word' id='word_1_111' title='bbox 399 1530 697 1602; x_wconf 80' lang='grc' dir='ltr'><strong>παροιμίας</strong></span> <span class='ocrx_word' id='word_1_112' title='bbox 743 1528 1074 1601; x_wconf 79' lang='grc' dir='ltr'><strong>ἑρμηνεῦσαι</strong></span> <span class='ocrx_word' id='word_1_113' title='bbox 1118 1527 1486 1601; x_wconf 79' lang='grc' dir='ltr'><strong>προελόμενοι,</strong></span> <span class='ocrx_word' id='word_1_114' title='bbox 1524 1526 1690 1594; x_wconf 84' lang='grc' dir='ltr'><strong>ἀναγ-</strong></span> 
     </span>
     <span class='ocr_line' id='line_1_17' title="bbox 116 1619 1687 1695; baseline -0.001 -23"><span class='ocrx_word' id='word_1_115' title='bbox 116 1638 138 1672; x_wconf 83' lang='grc' dir='ltr'><strong>ι</strong></span> <span class='ocrx_word' id='word_1_116' title='bbox 179 1624 332 1675; x_wconf 83' lang='grc' dir='ltr'><strong>καῖον</strong></span> <span class='ocrx_word' id='word_1_117' title='bbox 373 1621 488 1695; x_wconf 85' lang='grc'>(88)</span> <span class='ocrx_word' id='word_1_118' title='bbox 533 1623 591 1675; x_wconf 83' lang='grc' dir='ltr'><strong>ὲν</strong></span> <span class='ocrx_word' id='word_1_119' title='bbox 636 1621 714 1693; x_wconf 82' lang='grc' dir='ltr'><strong>τῷ</strong></span> <span class='ocrx_word' id='word_1_120' title='bbox 755 1621 976 1693; x_wconf 84' lang='grc' dir='ltr'><strong>παρόντι</strong></span> <span class='ocrx_word' id='word_1_121' title='bbox 1012 1620 1397 1694; x_wconf 82' lang='grc' dir='ltr'><strong>μνημονεῦσαι.</strong></span> <span class='ocrx_word' id='word_1_122' title='bbox 1441 1619 1577 1672; x_wconf 76' lang='grc' dir='ltr'><strong>Ἀλλ’</strong></span> <span class='ocrx_word' id='word_1_123' title='bbox 1623 1619 1687 1672; x_wconf 81' lang='grc' dir='ltr'><strong>ἶν’</strong></span> 
     </span>
     <span class='ocr_line' id='line_1_18' title="bbox 114 1711 1690 1786; baseline -0.002 -20"><span class='ocrx_word' id='word_1_124' title='bbox 114 1729 139 1765; x_wconf 70' lang='lat' dir='ltr'><strong>t</strong></span> <span class='ocrx_word' id='word_1_125' title='bbox 172 1712 480 1785; x_wconf 70' lang='grc' dir='ltr'><strong>ελέγξωμεν</strong></span> <span class='ocrx_word' id='word_1_126' title='bbox 519 1714 814 1786; x_wconf 78' lang='grc' dir='ltr'><strong>Ἀστέριον,</strong></span> <span class='ocrx_word' id='word_1_127' title='bbox 864 1715 957 1769; x_wconf 73' lang='grc' dir='ltr'><strong>καὶ</strong></span> <span class='ocrx_word' id='word_1_128' title='bbox 987 1714 1094 1767; x_wconf 76' lang='grc' dir='ltr'><strong>ἀπὸ</strong></span> <span class='ocrx_word' id='word_1_129' title='bbox 1138 1713 1247 1767; x_wconf 84' lang='grc' dir='ltr'><strong>τῶν</strong></span> <span class='ocrx_word' id='word_1_130' title='bbox 1291 1711 1489 1779; x_wconf 80' lang='grc' dir='ltr'><strong>ἔξωθεν</strong></span> <span class='ocrx_word' id='word_1_131' title='bbox 1528 1711 1690 1766; x_wconf 74' lang='grc' dir='ltr'><strong>αὑτὸν</strong></span> 
     </span>
     <span class='ocr_line' id='line_1_19' title="bbox 115 1805 1690 1879; baseline 0 -21"><span class='ocrx_word' id='word_1_132' title='bbox 115 1823 137 1857; x_wconf 83' lang='grc' dir='ltr'><strong>ι</strong></span> <span class='ocrx_word' id='word_1_133' title='bbox 181 1806 519 1879; x_wconf 81' lang='grc' dir='ltr'><strong>μαθημάτων</strong></span> <span class='ocrx_word' id='word_1_134' title='bbox 552 1807 729 1861; x_wconf 79' lang='grc' dir='ltr'><strong>εἰδότα</strong></span> <span class='ocrx_word' id='word_1_135' title='bbox 766 1808 863 1878; x_wconf 79' lang='grc' dir='ltr'><strong>μὲν</strong></span> <span class='ocrx_word' id='word_1_136' title='bbox 905 1806 1147 1879; x_wconf 75' lang='grc' dir='ltr'><strong>ἀκριόὧς</strong></span> <span class='ocrx_word' id='word_1_137' title='bbox 1174 1807 1236 1860; x_wconf 84' lang='grc' dir='ltr'><strong>τὸ</strong></span> <span class='ocrx_word' id='word_1_138' title='bbox 1265 1807 1366 1878; x_wconf 72' lang='grc' dir='ltr'><strong>τῆς</strong></span> <span class='ocrx_word' id='word_1_139' title='bbox 1393 1805 1690 1878; x_wconf 88' lang='grc' dir='ltr'><strong>παροιμίας</strong></span> 
     </span>
     <span class='ocr_line' id='line_1_20' title="bbox 115 1897 1689 1971; baseline 0 -21"><span class='ocrx_word' id='word_1_140' title='bbox 115 1913 137 1950; x_wconf 80' lang='grc' dir='ltr'><strong>ι</strong></span> <span class='ocrx_word' id='word_1_141' title='bbox 174 1898 467 1971; x_wconf 64' lang='grc' dir='ltr'><strong>ἐξαίρετον,</strong></span> <span class='ocrx_word' id='word_1_142' title='bbox 490 1900 547 1954; x_wconf 88' lang='grc' dir='ltr'><strong>ὲν</strong></span> <span class='ocrx_word' id='word_1_143' title='bbox 568 1900 624 1953; x_wconf 79' lang='grc' dir='ltr'><strong>δὲ</strong></span> <span class='ocrx_word' id='word_1_144' title='bbox 644 1898 721 1971; x_wconf 78' lang='grc' dir='ltr'><strong>τῷ</strong></span> <span class='ocrx_word' id='word_1_145' title='bbox 743 1900 968 1971; x_wconf 84' lang='grc' dir='ltr'><strong>παρόντι</strong></span> <span class='ocrx_word' id='word_1_146' title='bbox 995 1899 1218 1968; x_wconf 81' lang='grc' dir='ltr'><strong>ἄγνοιαν</strong></span> <span class='ocrx_word' id='word_1_147' title='bbox 1234 1897 1689 1971; x_wconf 79' lang='grc' dir='ltr'><strong>προσποιηθέντα,</strong></span> 
     </span>
     <span class='ocr_line' id='line_1_21' title="bbox 115 1984 1692 2062; baseline -0.002 -20"><span class='ocrx_word' id='word_1_148' title='bbox 115 2006 139 2042; x_wconf 77' lang='grc' dir='ltr'><strong>ι</strong></span> <span class='ocrx_word' id='word_1_149' title='bbox 177 1989 265 2045; x_wconf 72' lang='grc' dir='ltr'><strong>ἵνα</strong></span> <span class='ocrx_word' id='word_1_150' title='bbox 301 1990 363 2044; x_wconf 83' lang='grc' dir='ltr'><strong>τὸ</strong></span> <span class='ocrx_word' id='word_1_151' title='bbox 409 1989 602 2044; x_wconf 83' lang='grc' dir='ltr'><strong>ἑαυτοῦ</strong></span> <span class='ocrx_word' id='word_1_152' title='bbox 639 1990 885 2062; x_wconf 83' lang='grc' dir='ltr'><strong>βούλημα</strong></span> <span class='ocrx_word' id='word_1_153' title='bbox 918 1988 1007 2044; x_wconf 74' lang='grc' dir='ltr'><strong>διὰ</strong></span> <span class='ocrx_word' id='word_1_154' title='bbox 1034 1990 1133 2059; x_wconf 75' lang='grc' dir='ltr'><strong>τῆς</strong></span> <span class='ocrx_word' id='word_1_155' title='bbox 1164 1987 1259 2042; x_wconf 89' lang='grc' dir='ltr'><strong>τοῦ</strong></span> <span class='ocrx_word' id='word_1_156' title='bbox 1291 1984 1692 2060; x_wconf 83' lang='grc' dir='ltr'><strong>παροιμιώδους</strong></span> 
     </span>
     <span class='ocr_line' id='line_1_22' title="bbox 116 2077 1691 2155; baseline -0.002 -21"><span class='ocrx_word' id='word_1_157' title='bbox 116 2100 137 2134; x_wconf 85' lang='grc' dir='ltr'><strong>ι</strong></span> <span class='ocrx_word' id='word_1_158' title='bbox 177 2083 340 2155; x_wconf 76' lang='grc' dir='ltr'><strong>ῥητοῦ</strong></span> <span class='ocrx_word' id='word_1_159' title='bbox 381 2084 626 2154; x_wconf 74' lang='grc' dir='ltr'><strong>χρήσεως</strong></span> <span class='ocrx_word' id='word_1_160' title='bbox 652 2082 892 2146; x_wconf 79' lang='grc' dir='ltr'><strong>πιθανῶς</strong></span> <span class='ocrx_word' id='word_1_161' title='bbox 915 2077 1345 2143; x_wconf 76' lang='grc' dir='ltr'><strong>κατασκευάζειν</strong></span> <span class='ocrx_word' id='word_1_162' title='bbox 1366 2078 1512 2153; x_wconf 79' lang='grc' dir='ltr'><strong>δόξῃ.</strong></span> <span class='ocrx_word' id='word_1_163' title='bbox 1535 2079 1691 2132; x_wconf 83' lang='grc' dir='ltr'><strong>Ἐστι</strong></span> 
     </span>
     <span class='ocr_line' id='line_1_23' title="bbox 116 2165 1691 2240; baseline 0 -21"><span class='ocrx_word' id='word_1_164' title='bbox 116 2185 138 2219; x_wconf 82' lang='grc' dir='ltr'><strong>ι</strong></span> <span class='ocrx_word' id='word_1_165' title='bbox 176 2167 254 2235; x_wconf 85' lang='grc' dir='ltr'><strong>δὲ,</strong></span> <span class='ocrx_word' id='word_1_166' title='bbox 289 2170 573 2223; x_wconf 76' lang='grc' dir='ltr'><strong>Γλαύκου</strong></span> <span class='ocrx_word' id='word_1_167' title='bbox 604 2168 808 2239; x_wconf 78' lang='grc' dir='ltr'><strong>τέχνη·</strong></span> <span class='ocrx_word' id='word_1_168' title='bbox 831 2167 1034 2240; x_wconf 82' lang='grc' dir='ltr'><strong>ταύτης</strong></span> <span class='ocrx_word' id='word_1_169' title='bbox 1070 2170 1119 2221; x_wconf 72' lang='lat' dir='ltr'><strong>ol</strong></span> <span class='ocrx_word' id='word_1_170' title='bbox 1151 2165 1350 2232; x_wconf 78' lang='grc' dir='ltr'><strong>ἔξωθεν</strong></span> <span class='ocrx_word' id='word_1_171' title='bbox 1394 2168 1549 2238; x_wconf 70' lang='grc' dir='ltr'><strong>σοφοὶ</strong></span> <span class='ocrx_word' id='word_1_172' title='bbox 1591 2166 1691 2237; x_wconf 82' lang='grc' dir='ltr'><strong>τῆς</strong></span> 
     </span>
    </p>
   </div>
   <div class='ocr_carea' id='block_1_6' title="bbox 116 2256 1693 2333">
    <p class='ocr_par' dir='ltr' id='par_1_7' title="bbox 116 2256 1693 2333">
     <span class='ocr_line' id='line_1_24' title="bbox 116 2256 1693 2333; baseline 0 -20"><span class='ocrx_word' id='word_1_173' title='bbox 116 2279 139 2313; x_wconf 75' lang='grc' dir='ltr'><strong>ι</strong></span> <span class='ocrx_word' id='word_1_174' title='bbox 178 2262 473 2333; x_wconf 85' lang='grc' dir='ltr'><strong>παροιμίας</strong></span> <span class='ocrx_word' id='word_1_175' title='bbox 503 2261 977 2333; x_wconf 81' lang='grc' dir='ltr'><strong>μνημονεύσαντες</strong></span> <span class='ocrx_word' id='word_1_176' title='bbox 1001 2262 1273 2333; x_wconf 79' lang='grc' dir='ltr'><strong>διαφόρως</strong></span> <span class='ocrx_word' id='word_1_177' title='bbox 1303 2258 1471 2331; x_wconf 74' lang='grc' dir='ltr'><strong>αὐτὴν</strong></span> <span class='ocrx_word' id='word_1_178' title='bbox 1496 2256 1693 2331; x_wconf 75' lang='grc' dir='ltr'><strong>ἐξηγη-</strong></span> 
     </span>
    </p>
   </div>
   <div class='ocr_carea' id='block_1_7' title="bbox 112 2350 1690 4168">
    <p class='ocr_par' dir='ltr' id='par_1_8' title="bbox 112 2350 1690 4168">
     <span class='ocr_line' id='line_1_25' title="bbox 119 2350 1690 2427; baseline -0.001 -22"><span class='ocrx_word' id='word_1_179' title='bbox 119 2372 139 2405; x_wconf 84' lang='grc' dir='ltr'><strong>ι</strong></span> <span class='ocrx_word' id='word_1_180' title='bbox 176 2370 355 2407; x_wconf 88' lang='grc' dir='ltr'><strong>σαντο.</strong></span> <span class='ocrx_word' id='word_1_181' title='bbox 403 2354 463 2407; x_wconf 80' lang='grc' dir='ltr'><strong>Ὁ</strong></span> <span class='ocrx_word' id='word_1_182' title='bbox 498 2354 598 2424; x_wconf 79' lang='grc' dir='ltr'><strong>μὲν</strong></span> <span class='ocrx_word' id='word_1_183' title='bbox 640 2353 749 2427; x_wconf 80' lang='grc' dir='ltr'><strong>γὰρ</strong></span> <span class='ocrx_word' id='word_1_184' title='bbox 785 2352 964 2407; x_wconf 83' lang='grc' dir='ltr'><strong>αὐτῶν</strong></span> <span class='ocrx_word' id='word_1_185' title='bbox 1003 2369 1087 2417; x_wconf 92' lang='grc' dir='ltr'><strong>τις</strong></span> <span class='ocrx_word' id='word_1_186' title='bbox 1121 2352 1223 2424; x_wconf 76' lang='grc' dir='ltr'><strong>ἔφη</strong></span> <span class='ocrx_word' id='word_1_187' title='bbox 1245 2394 1259 2415; x_wconf 94' lang='grc'><strong>,</strong></span> <span class='ocrx_word' id='word_1_188' title='bbox 1303 2350 1542 2405; x_wconf 87' lang='grc' dir='ltr'><strong>Γλαῦκόν</strong></span> <span class='ocrx_word' id='word_1_189' title='bbox 1570 2367 1690 2404; x_wconf 86' lang='grc' dir='ltr'><strong>τινα</strong></span> 
     </span>
     <span class='ocr_line' id='line_1_26' title="bbox 119 2437 1690 2516; baseline -0.001 -20"><span class='ocrx_word' id='word_1_190' title='bbox 119 2463 139 2495; x_wconf 87' lang='grc' dir='ltr'><strong>ι</strong></span> <span class='ocrx_word' id='word_1_191' title='bbox 179 2445 517 2515; x_wconf 74' lang='grc' dir='ltr'><strong>ἐπιστήμονα</strong></span> <span class='ocrx_word' id='word_1_192' title='bbox 549 2446 743 2516; x_wconf 85' lang='grc' dir='ltr'><strong>τέχνης</strong></span> <span class='ocrx_word' id='word_1_193' title='bbox 772 2444 916 2507; x_wconf 81' lang='grc' dir='ltr'><strong>τινὸς</strong></span> <span class='ocrx_word' id='word_1_194' title='bbox 956 2444 1237 2513; x_wconf 80' lang='grc' dir='ltr'><strong>γεγονότα,</strong></span> <span class='ocrx_word' id='word_1_195' title='bbox 1279 2441 1488 2497; x_wconf 78' lang='grc' dir='ltr'><strong>πολλῶν</strong></span> <span class='ocrx_word' id='word_1_196' title='bbox 1522 2437 1690 2496; x_wconf 77' lang='grc' dir='ltr'><strong>οὖσαν</strong></span> 
     </span>
     <span class='ocr_line' id='line_1_27' title="bbox 119 2533 1690 2608; baseline -0.001 -19"><span class='ocrx_word' id='word_1_197' title='bbox 119 2554 141 2588; x_wconf 82' lang='grc' dir='ltr'><strong>ι</strong></span> <span class='ocrx_word' id='word_1_198' title='bbox 176 2535 654 2608; x_wconf 83' lang='grc' dir='ltr'><strong>θαυμασιωτάτην,</strong></span> <span class='ocrx_word' id='word_1_199' title='bbox 687 2536 980 2592; x_wconf 82' lang='grc' dir='ltr'><strong>ἀπολέσθαι</strong></span> <span class='ocrx_word' id='word_1_200' title='bbox 1016 2537 1133 2607; x_wconf 79' lang='grc' dir='ltr'><strong>ἅμα</strong></span> <span class='ocrx_word' id='word_1_201' title='bbox 1152 2534 1291 2605; x_wconf 87' lang='grc'><strong>(88·)</strong></span> <span class='ocrx_word' id='word_1_202' title='bbox 1320 2533 1514 2605; x_wconf 78' lang='grc' dir='ltr'><strong>ἐκείνῳ</strong></span> <span class='ocrx_word' id='word_1_203' title='bbox 1551 2535 1690 2588; x_wconf 81' lang='grc' dir='ltr'><strong>κατὰ</strong></span> 
     </span>
     <span class='ocr_line' id='line_1_28' title="bbox 119 2626 1689 2702; baseline 0.001 -22"><span class='ocrx_word' id='word_1_204' title='bbox 119 2646 139 2679; x_wconf 86' lang='grc' dir='ltr'><strong>ι</strong></span> <span class='ocrx_word' id='word_1_205' title='bbox 179 2628 469 2695; x_wconf 83' lang='grc' dir='ltr'><strong>θάλατταν,</strong></span> <span class='ocrx_word' id='word_1_206' title='bbox 502 2630 725 2701; x_wconf 87' lang='grc' dir='ltr'><strong>μηδενός</strong></span> <span class='ocrx_word' id='word_1_207' title='bbox 754 2646 841 2683; x_wconf 82' lang='grc' dir='ltr'><strong>πω</strong></span> <span class='ocrx_word' id='word_1_208' title='bbox 862 2628 1213 2702; x_wconf 82' lang='grc' dir='ltr'><strong>διακηκοότος</strong></span> <span class='ocrx_word' id='word_1_209' title='bbox 1245 2626 1434 2698; x_wconf 67' lang='grc' dir='ltr'><strong>αὑτῆς.</strong></span> <span class='ocrx_word' id='word_1_210' title='bbox 1466 2627 1689 2697; x_wconf 84' lang='grc' dir='ltr'><strong>Ἕτερος</strong></span> 
     </span>
     <span class='ocr_line' id='line_1_29' title="bbox 118 2719 1689 2795; baseline -0.001 -22"><span class='ocrx_word' id='word_1_211' title='bbox 118 2738 140 2772; x_wconf 82' lang='grc' dir='ltr'><strong>ι</strong></span> <span class='ocrx_word' id='word_1_212' title='bbox 177 2721 254 2783; x_wconf 84' lang='grc' dir='ltr'><strong>δὲ,</strong></span> <span class='ocrx_word' id='word_1_213' title='bbox 286 2720 383 2792; x_wconf 81' lang='grc' dir='ltr'><strong>τὴν</strong></span> <span class='ocrx_word' id='word_1_214' title='bbox 408 2723 493 2776; x_wconf 79' lang='grc' dir='ltr'><strong>ἐπ’</strong></span> <span class='ocrx_word' id='word_1_215' title='bbox 519 2723 687 2795; x_wconf 72' lang='grc' dir='ltr'><strong>ἄκρον</strong></span> <span class='ocrx_word' id='word_1_216' title='bbox 722 2720 990 2792; x_wconf 81' lang='grc' dir='ltr'><strong>μουσικῆς</strong></span> <span class='ocrx_word' id='word_1_217' title='bbox 1019 2720 1310 2792; x_wconf 67' lang='grc' dir='ltr'><strong>ἐμπειρίαν</strong></span> <span class='ocrx_word' id='word_1_218' title='bbox 1333 2719 1689 2791; x_wconf 85' lang='grc' dir='ltr'><strong>μαρτυρήσας</strong></span> 
     </span>
     <span class='ocr_line' id='line_1_30' title="bbox 116 2807 1685 2882; baseline -0.001 -20"><span class='ocrx_word' id='word_1_219' title='bbox 116 2828 140 2862; x_wconf 76' lang='grc' dir='ltr'><strong>ι</strong></span> <span class='ocrx_word' id='word_1_220' title='bbox 173 2808 253 2881; x_wconf 83' lang='grc' dir='ltr'><strong>τῷ</strong></span> <span class='ocrx_word' id='word_1_221' title='bbox 301 2811 554 2882; x_wconf 85' lang='grc' dir='ltr'><strong>Γλαύκῳ,</strong></span> <span class='ocrx_word' id='word_1_222' title='bbox 609 2812 737 2875; x_wconf 74' lang='grc' dir='ltr'><strong>τοὺς</strong></span> <span class='ocrx_word' id='word_1_223' title='bbox 790 2808 1332 2873; x_wconf 76' lang='grc' dir='ltr'><strong>κατασκέυασθέντας</strong></span> <span class='ocrx_word' id='word_1_224' title='bbox 1378 2808 1473 2861; x_wconf 79' lang='grc' dir='ltr'><strong>ὑπ’</strong></span> <span class='ocrx_word' id='word_1_225' title='bbox 1523 2807 1685 2861; x_wconf 83' lang='grc' dir='ltr'><strong>αὑτοῦ</strong></span> 
     </span>
     <span class='ocr_line' id='line_1_31' title="bbox 117 2895 1686 2972; baseline -0.004 -19"><span class='ocrx_word' id='word_1_226' title='bbox 117 2916 140 2953; x_wconf 80' lang='grc' dir='ltr'><strong>ε</strong></span> <span class='ocrx_word' id='word_1_227' title='bbox 180 2899 395 2965; x_wconf 86' lang='grc' dir='ltr'><strong>δίσκους</strong></span> <span class='ocrx_word' id='word_1_228' title='bbox 439 2899 669 2972; x_wconf 86' lang='grc' dir='ltr'><strong>χαλκοῦς</strong></span> <span class='ocrx_word' id='word_1_229' title='bbox 712 2916 844 2970; x_wconf 79' lang='grc' dir='ltr'><strong>φησι</strong></span> <span class='ocrx_word' id='word_1_230' title='bbox 889 2898 1180 2970; x_wconf 84' lang='grc' dir='ltr'><strong>τέσσαρας,</strong></span> <span class='ocrx_word' id='word_1_231' title='bbox 1209 2895 1344 2971; x_wconf 80' lang='grc' dir='ltr'><strong>πρὸς</strong></span> <span class='ocrx_word' id='word_1_232' title='bbox 1366 2896 1427 2949; x_wconf 84' lang='grc' dir='ltr'><strong>τὸ</strong></span> <span class='ocrx_word' id='word_1_233' title='bbox 1473 2895 1686 2967; x_wconf 80' lang='grc' dir='ltr'><strong>ἐμμελῆ</strong></span> 
     </span>
     <span class='ocr_line' id='line_1_32' title="bbox 114 2988 1687 3064; baseline -0.003 -18"><span class='ocrx_word' id='word_1_234' title='bbox 114 3005 141 3046; x_wconf 74' lang='lat' dir='ltr'><strong>c</strong></span> <span class='ocrx_word' id='word_1_235' title='bbox 178 3007 298 3047; x_wconf 85' lang='grc' dir='ltr'><strong>τινα</strong></span> <span class='ocrx_word' id='word_1_236' title='bbox 329 2992 429 3063; x_wconf 86' lang='grc' dir='ltr'><strong>τῆς</strong></span> <span class='ocrx_word' id='word_1_237' title='bbox 474 2991 748 3064; x_wconf 83' lang='grc' dir='ltr'><strong>κρούσεως</strong></span> <span class='ocrx_word' id='word_1_238' title='bbox 791 2990 889 3063; x_wconf 78' lang='grc' dir='ltr'><strong>τὴν</strong></span> <span class='ocrx_word' id='word_1_239' title='bbox 927 2990 1246 3060; x_wconf 79' lang='grc' dir='ltr'><strong>συμφωνίαν</strong></span> <span class='ocrx_word' id='word_1_240' title='bbox 1286 2988 1397 3042; x_wconf 85' lang='grc' dir='ltr'><strong>τῶν</strong></span> <span class='ocrx_word' id='word_1_241' title='bbox 1436 2988 1687 3058; x_wconf 81' lang='grc' dir='ltr'><strong>φθόγγων</strong></span> 
     </span>
     <span class='ocr_line' id='line_1_33' title="bbox 112 3079 1686 3155; baseline -0.004 -17"><span class='ocrx_word' id='word_1_242' title='bbox 112 3101 138 3138; x_wconf 75' lang='grc' dir='ltr'><strong>ι</strong></span> <span class='ocrx_word' id='word_1_243' title='bbox 177 3084 486 3140; x_wconf 78' lang='grc' dir='ltr'><strong>ἀποτελεῖν·</strong></span> <span class='ocrx_word' id='word_1_244' title='bbox 524 3084 676 3139; x_wconf 68' lang='grc' dir='ltr'><strong>ἐνθεν</strong></span> <span class='ocrx_word' id='word_1_245' title='bbox 707 3101 766 3137; x_wconf 91' lang='grc' dir='ltr'><strong>τε</strong></span> <span class='ocrx_word' id='word_1_246' title='bbox 801 3082 1049 3155; x_wconf 78' lang='grc' dir='ltr'><strong>εἰρῆσθαι</strong></span> <span class='ocrx_word' id='word_1_247' title='bbox 1077 3083 1177 3154; x_wconf 81' lang='grc' dir='ltr'><strong>τὴν</strong></span> <span class='ocrx_word' id='word_1_248' title='bbox 1207 3080 1529 3152; x_wconf 88' lang='grc' dir='ltr'><strong>παροιμίαν.</strong></span> <span class='ocrx_word' id='word_1_249' title='bbox 1557 3079 1686 3133; x_wconf 77' lang='grc' dir='ltr'><strong>Ἀλ-</strong></span> 
     </span>
     <span class='ocr_line' id='line_1_34' title="bbox 115 3173 1686 3244; baseline -0.002 -15"><span class='ocrx_word' id='word_1_250' title='bbox 115 3192 138 3229; x_wconf 80' lang='grc' dir='ltr'><strong>ε</strong></span> <span class='ocrx_word' id='word_1_251' title='bbox 175 3175 267 3240; x_wconf 91' lang='grc' dir='ltr'><strong>λος</strong></span> <span class='ocrx_word' id='word_1_252' title='bbox 311 3175 370 3229; x_wconf 75' lang='grc' dir='ltr'><strong>δέ</strong></span> <span class='ocrx_word' id='word_1_253' title='bbox 411 3193 494 3241; x_wconf 88' lang='grc' dir='ltr'><strong>τις</strong></span> <span class='ocrx_word' id='word_1_254' title='bbox 546 3176 910 3230; x_wconf 84' lang='grc' dir='ltr'><strong>Ἀλυαττικῶν</strong></span> <span class='ocrx_word' id='word_1_255' title='bbox 958 3173 1316 3244; x_wconf 83' lang='grc' dir='ltr'><strong>ἀναθεμάτων</strong></span> <span class='ocrx_word' id='word_1_256' title='bbox 1355 3173 1516 3243; x_wconf 76' lang='grc' dir='ltr'><strong>φησὶν</strong></span> <span class='ocrx_word' id='word_1_257' title='bbox 1556 3175 1686 3228; x_wconf 82' lang='grc' dir='ltr'><strong>ἀνα-</strong></span> 
     </span>
     <span class='ocr_line' id='line_1_35' title="bbox 113 3262 1683 3340; baseline -0.001 -20"><span class='ocrx_word' id='word_1_258' title='bbox 113 3285 138 3320; x_wconf 70' lang='lat' dir='ltr'><strong>e</strong></span> <span class='ocrx_word' id='word_1_259' title='bbox 178 3264 389 3320; x_wconf 83' lang='grc' dir='ltr'><strong>κεῖσθαι</strong></span> <span class='ocrx_word' id='word_1_260' title='bbox 434 3266 688 3340; x_wconf 76' lang='grc' dir='ltr'><strong>κρατῆρα</strong></span> <span class='ocrx_word' id='word_1_261' title='bbox 735 3268 830 3323; x_wconf 79' lang='grc' dir='ltr'><strong>καὶ</strong></span> <span class='ocrx_word' id='word_1_262' title='bbox 888 3266 1291 3338; x_wconf 77' lang='grc' dir='ltr'><strong>ὑποκρατηριον</strong></span> <span class='ocrx_word' id='word_1_263' title='bbox 1345 3262 1683 3335; x_wconf 67' lang='grc' dir='ltr'><strong>θαυμάσιον,</strong></span> 
     </span>
     <span class='ocr_line' id='line_1_36' title="bbox 118 3352 1686 3428; baseline -0.002 -17"><span class='ocrx_word' id='word_1_264' title='bbox 118 3378 140 3411; x_wconf 85' lang='grc' dir='ltr'><strong>ι</strong></span> <span class='ocrx_word' id='word_1_265' title='bbox 182 3356 424 3424; x_wconf 75' lang='grc' dir='ltr'><strong>Γλαύκου</strong></span> <span class='ocrx_word' id='word_1_266' title='bbox 456 3356 591 3412; x_wconf 79' lang='grc' dir='ltr'><strong>Χίου</strong></span> <span class='ocrx_word' id='word_1_267' title='bbox 618 3356 849 3428; x_wconf 89' lang='grc' dir='ltr'><strong>ποίημα.</strong></span> <span class='ocrx_word' id='word_1_268' title='bbox 893 3357 1120 3428; x_wconf 80' lang='grc' dir='ltr'><strong>Ἕτερος</strong></span> <span class='ocrx_word' id='word_1_269' title='bbox 1146 3354 1224 3420; x_wconf 60' lang='grc' dir='ltr'><strong>δέ,</strong></span> <span class='ocrx_word' id='word_1_270' title='bbox 1256 3352 1496 3410; x_wconf 81' lang='grc' dir='ltr'><strong>Γλαῦκον</strong></span> <span class='ocrx_word' id='word_1_271' title='bbox 1522 3354 1686 3409; x_wconf 79' lang='grc' dir='ltr'><strong>αὑτὸν</strong></span> 
     </span>
     <span class='ocr_line' id='line_1_37' title="bbox 118 3444 1682 3520; baseline -0.003 -14"><span class='ocrx_word' id='word_1_272' title='bbox 118 3467 143 3505; x_wconf 73' lang='grc' dir='ltr'><strong>ε</strong></span> <span class='ocrx_word' id='word_1_273' title='bbox 178 3449 454 3506; x_wconf 73' lang='grc' dir='ltr'><strong>ἀναθεῖναι</strong></span> <span class='ocrx_word' id='word_1_274' title='bbox 478 3452 558 3514; x_wconf 90' lang='grc' dir='ltr'><strong>είς</strong></span> <span class='ocrx_word' id='word_1_275' title='bbox 596 3449 833 3519; x_wconf 78' lang='grc' dir='ltr'><strong>Δελφοὺς</strong></span> <span class='ocrx_word' id='word_1_276' title='bbox 855 3448 1088 3520; x_wconf 80' lang='grc' dir='ltr'><strong>τρίποδα</strong></span> <span class='ocrx_word' id='word_1_277' title='bbox 1124 3446 1380 3520; x_wconf 86' lang='grc' dir='ltr'><strong>χαλκοῦν,</strong></span> <span class='ocrx_word' id='word_1_278' title='bbox 1412 3444 1557 3502; x_wconf 74' lang='grc' dir='ltr'><strong>οὕτω</strong></span> <span class='ocrx_word' id='word_1_279' title='bbox 1584 3447 1682 3520; x_wconf 84' lang='grc' dir='ltr'><strong>δη-</strong></span> 
     </span>
     <span class='ocr_line' id='line_1_38' title="bbox 117 3539 1688 3616; baseline -0.003 -18"><span class='ocrx_word' id='word_1_280' title='bbox 117 3563 142 3599; x_wconf 75' lang='lat' dir='ltr'><strong>c</strong></span> <span class='ocrx_word' id='word_1_281' title='bbox 180 3545 584 3616; x_wconf 75' lang='grc' dir='ltr'><strong>μιουργήσαντα</strong></span> <span class='ocrx_word' id='word_1_282' title='bbox 624 3543 738 3606; x_wconf 80' lang='grc' dir='ltr'><strong>τοῖς</strong></span> <span class='ocrx_word' id='word_1_283' title='bbox 778 3541 997 3614; x_wconf 82' lang='grc' dir='ltr'><strong>παχέως</strong></span> <span class='ocrx_word' id='word_1_284' title='bbox 1039 3557 1099 3595; x_wconf 91' lang='grc' dir='ltr'><strong>τε</strong></span> <span class='ocrx_word' id='word_1_285' title='bbox 1164 3539 1526 3612; x_wconf 72' lang='grc' dir='ltr'><strong>κρουομένου,</strong></span> <span class='ocrx_word' id='word_1_286' title='bbox 1559 3540 1688 3605; x_wconf 86' lang='grc' dir='ltr'><strong>τούς</strong></span> 
     </span>
     <span class='ocr_line' id='line_1_39' title="bbox 118 3627 1687 3705; baseline -0.004 -15"><span class='ocrx_word' id='word_1_287' title='bbox 118 3656 140 3690; x_wconf 80' lang='grc' dir='ltr'><strong>ι</strong></span> <span class='ocrx_word' id='word_1_288' title='bbox 177 3652 238 3690; x_wconf 89' lang='grc' dir='ltr'><strong>τε</strong></span> <span class='ocrx_word' id='word_1_289' title='bbox 267 3635 450 3701; x_wconf 82' lang='grc' dir='ltr'><strong>πόδας,</strong></span> <span class='ocrx_word' id='word_1_290' title='bbox 496 3634 581 3705; x_wconf 64' lang='grc' dir='ltr'><strong>ἐφ’</strong></span> <span class='ocrx_word' id='word_1_291' title='bbox 628 3627 707 3688; x_wconf 81' lang='grc' dir='ltr'><strong>ὧν</strong></span> <span class='ocrx_word' id='word_1_292' title='bbox 738 3632 960 3705; x_wconf 76' lang='grc' dir='ltr'><strong>βέδηκε,</strong></span> <span class='ocrx_word' id='word_1_293' title='bbox 1018 3633 1114 3688; x_wconf 74' lang='grc' dir='ltr'><strong>καὶ</strong></span> <span class='ocrx_word' id='word_1_294' title='bbox 1155 3633 1249 3687; x_wconf 72' lang='grc' dir='ltr'><strong>τὸν</strong></span> <span class='ocrx_word' id='word_1_295' title='bbox 1289 3631 1405 3688; x_wconf 73' lang='grc' dir='ltr'><strong>ἄνω</strong></span> <span class='ocrx_word' id='word_1_296' title='bbox 1441 3632 1687 3705; x_wconf 84' lang='grc' dir='ltr'><strong>περικεί-</strong></span> 
     </span>
     <span class='ocr_line' id='line_1_40' title="bbox 119 3725 1685 3800; baseline -0.002 -17"><span class='ocrx_word' id='word_1_297' title='bbox 119 3745 142 3782; x_wconf 84' lang='grc' dir='ltr'><strong>ι</strong></span> <span class='ocrx_word' id='word_1_298' title='bbox 180 3745 358 3800; x_wconf 85' lang='grc' dir='ltr'><strong>μενον,</strong></span> <span class='ocrx_word' id='word_1_299' title='bbox 390 3728 484 3782; x_wconf 77' lang='grc' dir='ltr'><strong>καὶ</strong></span> <span class='ocrx_word' id='word_1_300' title='bbox 513 3728 614 3800; x_wconf 80' lang='grc' dir='ltr'><strong>τὴν</strong></span> <span class='ocrx_word' id='word_1_301' title='bbox 640 3726 909 3800; x_wconf 81' lang='grc' dir='ltr'><strong>στεφάνην</strong></span> <span class='ocrx_word' id='word_1_302' title='bbox 945 3726 1044 3799; x_wconf 77' lang='grc' dir='ltr'><strong>τὴν</strong></span> <span class='ocrx_word' id='word_1_303' title='bbox 1070 3726 1165 3781; x_wconf 63' lang='grc' dir='ltr'><strong>ἐπὶ</strong></span> <span class='ocrx_word' id='word_1_304' title='bbox 1197 3725 1293 3781; x_wconf 84' lang='grc' dir='ltr'><strong>τοῦ</strong></span> <span class='ocrx_word' id='word_1_305' title='bbox 1317 3725 1561 3799; x_wconf 76' lang='grc' dir='ltr'><strong>λέδητος,</strong></span> <span class='ocrx_word' id='word_1_306' title='bbox 1588 3727 1685 3782; x_wconf 78' lang='grc' dir='ltr'><strong>καὶ</strong></span> 
     </span>
     <span class='ocr_line' id='line_1_41' title="bbox 118 3816 1682 3893; baseline -0.004 -17"><span class='ocrx_word' id='word_1_307' title='bbox 118 3838 141 3875; x_wconf 83' lang='grc' dir='ltr'><strong>ι</strong></span> <span class='ocrx_word' id='word_1_308' title='bbox 177 3820 275 3885; x_wconf 67' lang='grc' dir='ltr'><strong>τὰς</strong></span> <span class='ocrx_word' id='word_1_309' title='bbox 324 3819 549 3893; x_wconf 77' lang='grc' dir='ltr'><strong>ῥάόδους</strong></span> <span class='ocrx_word' id='word_1_310' title='bbox 586 3819 675 3875; x_wconf 80' lang='grc' dir='ltr'><strong>διὰ</strong></span> <span class='ocrx_word' id='word_1_311' title='bbox 721 3819 886 3891; x_wconf 83' lang='grc' dir='ltr'><strong>μέσου</strong></span> <span class='ocrx_word' id='word_1_312' title='bbox 931 3817 1298 3890; x_wconf 74' lang='grc' dir='ltr'><strong>τεταγμένας,</strong></span> <span class='ocrx_word' id='word_1_313' title='bbox 1350 3816 1682 3888; x_wconf 82' lang='grc' dir='ltr'><strong>φθέγγεσθαι</strong></span> 
     </span>
     <span class='ocr_line' id='line_1_42' title="bbox 118 3906 1683 3985; baseline -0.001 -21"><span class='ocrx_word' id='word_1_314' title='bbox 118 3929 141 3964; x_wconf 80' lang='grc' dir='ltr'><strong>ι</strong></span> <span class='ocrx_word' id='word_1_315' title='bbox 177 3910 342 3985; x_wconf 89' lang='grc' dir='ltr'><strong>λύρας</strong></span> <span class='ocrx_word' id='word_1_316' title='bbox 373 3914 543 3983; x_wconf 77' lang='grc' dir='ltr'><strong>φωνῇ.</strong></span> <span class='ocrx_word' id='word_1_317' title='bbox 577 3912 687 3965; x_wconf 72' lang='grc' dir='ltr'><strong>Καὶ</strong></span> <span class='ocrx_word' id='word_1_318' title='bbox 713 3906 870 3974; x_wconf 80' lang='grc' dir='ltr'><strong>αὖθις</strong></span> <span class='ocrx_word' id='word_1_319' title='bbox 897 3910 1104 3983; x_wconf 68' lang='grc' dir='ltr'><strong>ἕτερος,</strong></span> <span class='ocrx_word' id='word_1_320' title='bbox 1133 3908 1241 3964; x_wconf 75' lang='grc' dir='ltr'><strong>ἀπὸ</strong></span> <span class='ocrx_word' id='word_1_321' title='bbox 1268 3906 1510 3963; x_wconf 85' lang='grc' dir='ltr'><strong>Γλαύκου</strong></span> <span class='ocrx_word' id='word_1_322' title='bbox 1539 3908 1683 3974; x_wconf 78' lang='grc' dir='ltr'><strong>τινὸς</strong></span> 
     </span>
     <span class='ocr_line' id='line_1_43' title="bbox 117 4000 1682 4075; baseline -0.003 -16"><span class='ocrx_word' id='word_1_323' title='bbox 117 4021 142 4059; x_wconf 75' lang='grc' dir='ltr'><strong>ε</strong></span> <span class='ocrx_word' id='word_1_324' title='bbox 181 4002 427 4072; x_wconf 80' lang='grc' dir='ltr'><strong>δόξαντός</strong></span> <span class='ocrx_word' id='word_1_325' title='bbox 466 4022 519 4059; x_wconf 92' lang='grc' dir='ltr'><strong>τι</strong></span> <span class='ocrx_word' id='word_1_326' title='bbox 554 4003 712 4057; x_wconf 85' lang='grc' dir='ltr'><strong>πλέον</strong></span> <span class='ocrx_word' id='word_1_327' title='bbox 743 4002 1096 4075; x_wconf 81' lang='grc' dir='ltr'><strong>πεποιηκέναι</strong></span> <span class='ocrx_word' id='word_1_328' title='bbox 1119 4000 1372 4074; x_wconf 78' lang='grc' dir='ltr'><strong>εἰρῆσθαι</strong></span> <span class='ocrx_word' id='word_1_329' title='bbox 1410 4001 1510 4073; x_wconf 78' lang='grc' dir='ltr'><strong>τὴν</strong></span> <span class='ocrx_word' id='word_1_330' title='bbox 1543 4019 1682 4073; x_wconf 89' lang='grc' dir='ltr'><strong>παρ-</strong></span> 
     </span>
     <span class='ocr_line' id='line_1_44' title="bbox 119 4097 382 4168; baseline 0.008 -19"><span class='ocrx_word' id='word_1_331' title='bbox 119 4114 142 4149; x_wconf 75' lang='lat' dir='ltr'><strong>c</strong></span> <span class='ocrx_word' id='word_1_332' title='bbox 178 4097 382 4168; x_wconf 89' lang='grc' dir='ltr'><strong>οιμίαν.</strong></span> 
     </span>
    </p>
   </div>
   <div class='ocr_carea' id='block_1_8' title="bbox 191 4391 1682 4466">
    <p class='ocr_par' dir='ltr' id='par_1_9' title="bbox 191 4391 1682 4466">
     <span class='ocr_line' id='line_1_45' title="bbox 191 4391 1682 4466; baseline 0.002 -20"><span class='ocrx_word' id='word_1_333' title='bbox 191 4412 213 4446; x_wconf 86' lang='grc' dir='ltr'><strong>ι</strong></span> <span class='ocrx_word' id='word_1_334' title='bbox 255 4392 415 4465; x_wconf 69' lang='grc' dir='ltr'><strong>Ὁρᾷς</strong></span> <span class='ocrx_word' id='word_1_335' title='bbox 436 4391 568 4464; x_wconf 87' lang='grc'><strong>(89),</strong></span> <span class='ocrx_word' id='word_1_336' title='bbox 598 4394 745 4458; x_wconf 81' lang='grc' dir='ltr'><strong>ὅπως</strong></span> <span class='ocrx_word' id='word_1_337' title='bbox 770 4392 834 4447; x_wconf 81' lang='grc' dir='ltr'><strong>τὸ</strong></span> <span class='ocrx_word' id='word_1_338' title='bbox 856 4392 1114 4465; x_wconf 74' lang='grc' dir='ltr'><strong>δυσχερὲς</strong></span> <span class='ocrx_word' id='word_1_339' title='bbox 1140 4392 1241 4463; x_wconf 82' lang='grc' dir='ltr'><strong>τῆς</strong></span> <span class='ocrx_word' id='word_1_340' title='bbox 1264 4396 1559 4466; x_wconf 78' lang='grc' dir='ltr'><strong>παροιμίας</strong></span> <span class='ocrx_word' id='word_1_341' title='bbox 1587 4396 1682 4449; x_wconf 73' lang='grc' dir='ltr'><strong>καὶ</strong></span> 
     </span>
    </p>
   </div>
   <div class='ocr_carea' id='block_1_9' title="bbox 1794 518 3366 3076">
    <p class='ocr_par' dir='ltr' id='par_1_10' title="bbox 1794 518 2254 576">
     <span class='ocr_line' id='line_1_46' title="bbox 1794 518 2254 576; baseline 0.007 -5"><span class='ocrx_word' id='word_1_342' title='bbox 1794 538 1813 571; x_wconf 80' lang='grc' dir='ltr'><strong>ι</strong></span> <span class='ocrx_word' id='word_1_343' title='bbox 1849 518 2254 576; x_wconf 87' lang='lat' dir='ltr'><strong>immolabatur.</strong></span> 
     </span>
    </p>

    <p class='ocr_par' dir='ltr' id='par_1_11' title="bbox 1794 610 3366 3076">
     <span class='ocr_line' id='line_1_47' title="bbox 1862 610 3360 689; baseline 0.007 -24"><span class='ocrx_word' id='word_1_344' title='bbox 1862 627 1884 664; x_wconf 86' lang='grc' dir='ltr'><strong>ι</strong></span> <span class='ocrx_word' id='word_1_345' title='bbox 1916 611 1988 666; x_wconf 76' lang='lat' dir='ltr'><strong>At</strong></span> <span class='ocrx_word' id='word_1_346' title='bbox 2022 610 2152 681; x_wconf 80' lang='lat' dir='ltr'><strong>quid</strong></span> <span class='ocrx_word' id='word_1_347' title='bbox 2175 610 2278 666; x_wconf 84' lang='lat' dir='ltr'><strong>hoc</strong></span> <span class='ocrx_word' id='word_1_348' title='bbox 2309 611 2409 667; x_wconf 88' lang='lat' dir='ltr'><strong>sibi</strong></span> <span class='ocrx_word' id='word_1_349' title='bbox 2439 611 2575 678; x_wconf 85' lang='lat' dir='ltr'><strong>vult,</strong></span> <span class='ocrx_word' id='word_1_350' title='bbox 2598 612 2807 683; x_wconf 75' lang='lat' dir='ltr'><strong>inquiet</strong></span> <span class='ocrx_word' id='word_1_351' title='bbox 2826 614 3045 687; x_wconf 80' lang='lat' dir='ltr'><strong>aliquis,</strong></span> <span class='ocrx_word' id='word_1_352' title='bbox 3070 615 3360 689; x_wconf 70' lang='lat' dir='ltr'><strong>Dsqnerctt</strong></span> 
     </span>
     <span class='ocr_line' id='line_1_48' title="bbox 1795 701 3359 782; baseline 0.009 -30"><span class='ocrx_word' id='word_1_353' title='bbox 1795 720 1813 752; x_wconf 78' lang='grc' dir='ltr'><strong>ι</strong></span> <span class='ocrx_word' id='word_1_354' title='bbox 1849 702 2021 758; x_wconf 73' lang='lat' dir='ltr'><strong>satis?</strong></span> <span class='ocrx_word' id='word_1_355' title='bbox 2039 701 2155 756; x_wconf 80' lang='lat' dir='ltr'><strong>Non</strong></span> <span class='ocrx_word' id='word_1_356' title='bbox 2182 712 2268 758; x_wconf 87' lang='lat' dir='ltr'><strong>est</strong></span> <span class='ocrx_word' id='word_1_357' title='bbox 2296 702 2456 761; x_wconf 78' lang='lat' dir='ltr'><strong>facile</strong></span> <span class='ocrx_word' id='word_1_358' title='bbox 2476 705 2647 759; x_wconf 81' lang='lat' dir='ltr'><strong>cuivis</strong></span> <span class='ocrx_word' id='word_1_359' title='bbox 2667 707 2861 764; x_wconf 83' lang='lat' dir='ltr'><strong>obvius</strong></span> <span class='ocrx_word' id='word_1_360' title='bbox 2887 707 3114 776; x_wconf 76' lang='lat' dir='ltr'><strong>huiusce</strong></span> <span class='ocrx_word' id='word_1_361' title='bbox 3140 724 3359 782; x_wconf 80' lang='lat' dir='ltr'><strong>prover·</strong></span> 
     </span>
     <span class='ocr_line' id='line_1_49' title="bbox 1794 792 3357 874; baseline 0.012 -31"><span class='ocrx_word' id='word_1_362' title='bbox 1794 811 1812 843; x_wconf 78' lang='grc' dir='ltr'><strong>ι</strong></span> <span class='ocrx_word' id='word_1_363' title='bbox 1856 793 1948 854; x_wconf 86' lang='lat' dir='ltr'><strong>bii.</strong></span> <span class='ocrx_word' id='word_1_364' title='bbox 1977 808 2188 850; x_wconf 78' lang='lat' dir='ltr'><strong>sensus.</strong></span> <span class='ocrx_word' id='word_1_365' title='bbox 2224 792 2396 850; x_wconf 81' lang='lat' dir='ltr'><strong>Prisci</strong></span> <span class='ocrx_word' id='word_1_366' title='bbox 2438 794 2514 851; x_wconf 93' lang='lat' dir='ltr'><strong>illi</strong></span> <span class='ocrx_word' id='word_1_367' title='bbox 2560 798 2852 866; x_wconf 84' lang='lat' dir='ltr'><strong>quondam,</strong></span> <span class='ocrx_word' id='word_1_368' title='bbox 2902 811 3029 857; x_wconf 88' lang='lat' dir='ltr'><strong>ante</strong></span> <span class='ocrx_word' id='word_1_369' title='bbox 3058 801 3357 874; x_wconf 70' lang='lat' dir='ltr'><strong>agricultu-</strong></span> 
     </span>
     <span class='ocr_line' id='line_1_50' title="bbox 1797 882 3355 957; baseline 0.012 -24"><span class='ocrx_word' id='word_1_370' title='bbox 1797 901 1815 932; x_wconf 80' lang='grc' dir='ltr'><strong>ι</strong></span> <span class='ocrx_word' id='word_1_371' title='bbox 1864 897 1979 936; x_wconf 83' lang='lat' dir='ltr'><strong>ram</strong></span> <span class='ocrx_word' id='word_1_372' title='bbox 2031 882 2402 951; x_wconf 81' lang='lat' dir='ltr'><strong>adinventam,</strong></span> <span class='ocrx_word' id='word_1_373' title='bbox 2432 884 2721 957; x_wconf 75' lang='lat' dir='ltr'><strong>glandibus</strong></span> <span class='ocrx_word' id='word_1_374' title='bbox 2765 892 3143 950; x_wconf 81' lang='lat' dir='ltr'><strong>vescebantur.</strong></span> <span class='ocrx_word' id='word_1_375' title='bbox 3193 893 3355 952; x_wconf 84' lang='lat' dir='ltr'><strong>Post-</strong></span> 
     </span>
     <span class='ocr_line' id='line_1_51' title="bbox 1794 974 3357 1053; baseline 0.013 -29"><span class='ocrx_word' id='word_1_376' title='bbox 1794 993 1811 1024; x_wconf 81' lang='lat'><strong>«</strong></span> <span class='ocrx_word' id='word_1_377' title='bbox 1855 989 2018 1043; x_wconf 83' lang='lat' dir='ltr'><strong>quam</strong></span> <span class='ocrx_word' id='word_1_378' title='bbox 2068 990 2199 1032; x_wconf 79' lang='lat' dir='ltr'><strong>vero</strong></span> <span class='ocrx_word' id='word_1_379' title='bbox 2245 974 2430 1048; x_wconf 73' lang='lat' dir='ltr'><strong>fruges</strong></span> <span class='ocrx_word' id='word_1_380' title='bbox 2501 978 2750 1050; x_wconf 76' lang='lat' dir='ltr'><strong>deinceps</strong></span> <span class='ocrx_word' id='word_1_381' title='bbox 2814 984 3084 1053; x_wconf 79' lang='lat' dir='ltr'><strong>prodiere,</strong></span> <span class='ocrx_word' id='word_1_382' title='bbox 3117 987 3357 1045; x_wconf 82' lang='lat' dir='ltr'><strong>animum</strong></span> 
     </span>
     <span class='ocr_line' id='line_1_52' title="bbox 1796 1064 3359 1148; baseline 0.012 -32"><span class='ocrx_word' id='word_1_383' title='bbox 1796 1084 1814 1116; x_wconf 78' lang='grc' dir='ltr'><strong>ι</strong></span> <span class='ocrx_word' id='word_1_384' title='bbox 1863 1064 2013 1121; x_wconf 86' lang='lat' dir='ltr'><strong>bisce</strong></span> <span class='ocrx_word' id='word_1_385' title='bbox 2070 1067 2405 1137; x_wconf 81' lang='lat' dir='ltr'><strong>applicantes</strong></span> <span class='ocrx_word' id='word_1_386' title='bbox 2456 1067 2709 1125; x_wconf 85' lang='lat' dir='ltr'><strong>dixerunt</strong></span> <span class='ocrx_word' id='word_1_387' title='bbox 2758 1072 3041 1141; x_wconf 81' lang='lat' dir='ltr'><strong>oblectati,</strong></span> <span class='ocrx_word' id='word_1_388' title='bbox 3077 1076 3154 1134; x_wconf 80' lang='lat' dir='ltr'><strong>De</strong></span> <span class='ocrx_word' id='word_1_389' title='bbox 3199 1094 3359 1148; x_wconf 75' lang='lat' dir='ltr'><strong>quer·</strong></span> 
     </span>
     <span class='ocr_line' id='line_1_53' title="bbox 1795 1159 3360 1230; baseline 0.012 -22"><span class='ocrx_word' id='word_1_390' title='bbox 1795 1179 1813 1208; x_wconf 74' lang='grc' dir='ltr'><strong>ι</strong></span> <span class='ocrx_word' id='word_1_391' title='bbox 1857 1174 1922 1212; x_wconf 80' lang='lat' dir='ltr'><strong>cu</strong></span> <span class='ocrx_word' id='word_1_392' title='bbox 1948 1160 2098 1213; x_wconf 77' lang='lat' dir='ltr'><strong>sotis.</strong></span> <span class='ocrx_word' id='word_1_393' title='bbox 2153 1159 2329 1230; x_wconf 81' lang='lat' dir='ltr'><strong>Atque</strong></span> <span class='ocrx_word' id='word_1_394' title='bbox 2389 1160 2531 1217; x_wconf 78' lang='lat' dir='ltr'><strong>bunc</strong></span> <span class='ocrx_word' id='word_1_395' title='bbox 2581 1176 2704 1218; x_wconf 84' lang='lat' dir='ltr'><strong>esse</strong></span> <span class='ocrx_word' id='word_1_396' title='bbox 2755 1174 2989 1221; x_wconf 85' lang='lat' dir='ltr'><strong>mentem</strong></span> <span class='ocrx_word' id='word_1_397' title='bbox 3035 1180 3093 1225; x_wconf 90' lang='lat' dir='ltr'><strong>et</strong></span> <span class='ocrx_word' id='word_1_398' title='bbox 3139 1183 3360 1229; x_wconf 82' lang='lat' dir='ltr'><strong>senten-</strong></span> 
     </span>
     <span class='ocr_line' id='line_1_54' title="bbox 1795 1248 3361 1323; baseline 0.017 -26"><span class='ocrx_word' id='word_1_399' title='bbox 1795 1267 1813 1296; x_wconf 75' lang='grc' dir='ltr'><strong>ι</strong></span> <span class='ocrx_word' id='word_1_400' title='bbox 1856 1248 1985 1301; x_wconf 91' lang='lat' dir='ltr'><strong>tiam</strong></span> <span class='ocrx_word' id='word_1_401' title='bbox 2052 1251 2324 1319; x_wconf 71' lang='lat' dir='ltr'><strong>proverbii</strong></span> <span class='ocrx_word' id='word_1_402' title='bbox 2392 1252 2698 1322; x_wconf 74' lang='lat' dir='ltr'><strong>prodidere.</strong></span> <span class='ocrx_word' id='word_1_403' title='bbox 2770 1253 3005 1314; x_wconf 76' lang='lat' dir='ltr'><strong>Necesse</strong></span> <span class='ocrx_word' id='word_1_404' title='bbox 3069 1274 3248 1319; x_wconf 83' lang='lat' dir='ltr'><strong>autem</strong></span> <span class='ocrx_word' id='word_1_405' title='bbox 3303 1267 3361 1323; x_wconf 79' lang='lat' dir='ltr'><strong>in</strong></span> 
     </span>
     <span class='ocr_line' id='line_1_55' title="bbox 1796 1341 3364 1425; baseline 0.015 -36"><span class='ocrx_word' id='word_1_406' title='bbox 1796 1357 1815 1389; x_wconf 79' lang='grc' dir='ltr'><strong>ι</strong></span> <span class='ocrx_word' id='word_1_407' title='bbox 1853 1342 2101 1409; x_wconf 83' lang='lat' dir='ltr'><strong>praeseuti</strong></span> <span class='ocrx_word' id='word_1_408' title='bbox 2156 1341 2458 1409; x_wconf 83' lang='lat' dir='ltr'><strong>habemus,</strong></span> <span class='ocrx_word' id='word_1_409' title='bbox 2526 1345 2754 1402; x_wconf 84' lang='lat' dir='ltr'><strong>alterius</strong></span> <span class='ocrx_word' id='word_1_410' title='bbox 2811 1347 3088 1417; x_wconf 74' lang='lat' dir='ltr'><strong>cuiusdam</strong></span> <span class='ocrx_word' id='word_1_411' title='bbox 3139 1369 3364 1425; x_wconf 81' lang='lat' dir='ltr'><strong>prover—</strong></span> 
     </span>
     <span class='ocr_line' id='line_1_56' title="bbox 1794 1433 3365 1508; baseline 0.015 -25"><span class='ocrx_word' id='word_1_412' title='bbox 1794 1450 1812 1483; x_wconf 87' lang='grc' dir='ltr'><strong>ι</strong></span> <span class='ocrx_word' id='word_1_413' title='bbox 1854 1433 1924 1488; x_wconf 89' lang='lat' dir='ltr'><strong>bii</strong></span> <span class='ocrx_word' id='word_1_414' title='bbox 1978 1435 2305 1490; x_wconf 75' lang='lat' dir='ltr'><strong>mentionem</strong></span> <span class='ocrx_word' id='word_1_415' title='bbox 2348 1436 2530 1492; x_wconf 72' lang='lat' dir='ltr'><strong>iacere</strong></span> <span class='ocrx_word' id='word_1_416' title='bbox 2560 1478 2578 1504; x_wconf 92' lang='lat'><strong>,</strong></span> <span class='ocrx_word' id='word_1_417' title='bbox 2623 1441 2768 1508; x_wconf 75' lang='lat' dir='ltr'><strong>quod</strong></span> <span class='ocrx_word' id='word_1_418' title='bbox 2825 1442 2877 1496; x_wconf 95' lang='lat' dir='ltr'><strong>iu</strong></span> <span class='ocrx_word' id='word_1_419' title='bbox 2941 1443 3129 1504; x_wconf 82' lang='lat' dir='ltr'><strong>multis</strong></span> <span class='ocrx_word' id='word_1_420' title='bbox 3182 1458 3242 1504; x_wconf 89' lang='lat' dir='ltr'><strong>et</strong></span> <span class='ocrx_word' id='word_1_421' title='bbox 3286 1449 3365 1505; x_wconf 82' lang='lat' dir='ltr'><strong>di·</strong></span> 
     </span>
     <span class='ocr_line' id='line_1_57' title="bbox 1799 1527 3364 1610; baseline 0.017 -36"><span class='ocrx_word' id='word_1_422' title='bbox 1799 1542 1817 1574; x_wconf 78' lang='grc' dir='ltr'><strong>ι</strong></span> <span class='ocrx_word' id='word_1_423' title='bbox 1858 1527 2028 1582; x_wconf 83' lang='lat' dir='ltr'><strong>versis</strong></span> <span class='ocrx_word' id='word_1_424' title='bbox 2054 1528 2374 1585; x_wconf 85' lang='lat' dir='ltr'><strong>auctoribus</strong></span> <span class='ocrx_word' id='word_1_425' title='bbox 2419 1529 2626 1587; x_wconf 84' lang='lat' dir='ltr'><strong>Graecis</strong></span> <span class='ocrx_word' id='word_1_426' title='bbox 2677 1533 2938 1591; x_wconf 85' lang='lat' dir='ltr'><strong>habetur:</strong></span> <span class='ocrx_word' id='word_1_427' title='bbox 2962 1548 3017 1593; x_wconf 87' lang='lat' dir='ltr'><strong>et</strong></span> <span class='ocrx_word' id='word_1_428' title='bbox 3040 1537 3172 1610; x_wconf 72' lang='lat' dir='ltr'><strong>quid</strong></span> <span class='ocrx_word' id='word_1_429' title='bbox 3197 1542 3364 1601; x_wconf 76' lang='lat' dir='ltr'><strong>etiam</strong></span> 
     </span>
     <span class='ocr_line' id='line_1_58' title="bbox 1797 1617 3366 1696; baseline 0.019 -30"><span class='ocrx_word' id='word_1_430' title='bbox 1797 1636 1815 1666; x_wconf 80' lang='grc' dir='ltr'><strong>ι</strong></span> <span class='ocrx_word' id='word_1_431' title='bbox 1856 1617 1922 1672; x_wconf 91' lang='lat' dir='ltr'><strong>de</strong></span> <span class='ocrx_word' id='word_1_432' title='bbox 1982 1618 2171 1675; x_wconf 90' lang='lat' dir='ltr'><strong>eodem</strong></span> <span class='ocrx_word' id='word_1_433' title='bbox 2247 1621 2320 1675; x_wconf 89' lang='lat' dir='ltr'><strong>illi</strong></span> <span class='ocrx_word' id='word_1_434' title='bbox 2390 1625 2670 1679; x_wconf 72' lang='lat' dir='ltr'><strong>memoriae</strong></span> <span class='ocrx_word' id='word_1_435' title='bbox 2728 1628 3038 1696; x_wconf 82' lang='lat' dir='ltr'><strong>prodidere.</strong></span> <span class='ocrx_word' id='word_1_436' title='bbox 3103 1631 3224 1690; x_wconf 79' lang='lat' dir='ltr'><strong>Non</strong></span> <span class='ocrx_word' id='word_1_437' title='bbox 3291 1637 3366 1695; x_wconf 76' lang='lat' dir='ltr'><strong>ob</strong></span> 
     </span>
     <span class='ocr_line' id='line_1_59' title="bbox 1797 1708 3366 1785; baseline 0.016 -25"><span class='ocrx_word' id='word_1_438' title='bbox 1797 1726 1814 1757; x_wconf 86' lang='grc' dir='ltr'><strong>ι</strong></span> <span class='ocrx_word' id='word_1_439' title='bbox 1856 1708 2015 1763; x_wconf 86' lang='lat' dir='ltr'><strong>aliam</strong></span> <span class='ocrx_word' id='word_1_440' title='bbox 2042 1725 2280 1774; x_wconf 83' lang='lat' dir='ltr'><strong>causam.</strong></span> <span class='ocrx_word' id='word_1_441' title='bbox 2317 1729 2477 1784; x_wconf 76' lang='lat' dir='ltr'><strong>quiam</strong></span> <span class='ocrx_word' id='word_1_442' title='bbox 2526 1726 2585 1770; x_wconf 92' lang='lat' dir='ltr'><strong>ut</strong></span> <span class='ocrx_word' id='word_1_443' title='bbox 2633 1717 2907 1774; x_wconf 73' lang='lat' dir='ltr'><strong>Asterium</strong></span> <span class='ocrx_word' id='word_1_444' title='bbox 2938 1724 3252 1782; x_wconf 82' lang='lat' dir='ltr'><strong>convictum</strong></span> <span class='ocrx_word' id='word_1_445' title='bbox 3281 1736 3366 1785; x_wconf 81' lang='lat' dir='ltr'><strong>tc·</strong></span> 
     </span>
     <span class='ocr_line' id='line_1_60' title="bbox 1798 1803 3365 1886; baseline 0.017 -34"><span class='ocrx_word' id='word_1_446' title='bbox 1798 1817 1818 1850; x_wconf 85' lang='grc' dir='ltr'><strong>ι</strong></span> <span class='ocrx_word' id='word_1_447' title='bbox 1856 1814 2124 1856; x_wconf 85' lang='lat' dir='ltr'><strong>neamus:</strong></span> <span class='ocrx_word' id='word_1_448' title='bbox 2152 1803 2265 1874; x_wconf 87' lang='lat' dir='ltr'><strong>qui,</strong></span> <span class='ocrx_word' id='word_1_449' title='bbox 2297 1819 2441 1873; x_wconf 90' lang='lat' dir='ltr'><strong>cum,</strong></span> <span class='ocrx_word' id='word_1_450' title='bbox 2489 1822 2597 1876; x_wconf 88' lang='lat' dir='ltr'><strong>qua</strong></span> <span class='ocrx_word' id='word_1_451' title='bbox 2627 1818 2711 1863; x_wconf 87' lang='lat' dir='ltr'><strong>est</strong></span> <span class='ocrx_word' id='word_1_452' title='bbox 2754 1812 3060 1871; x_wconf 75' lang='lat' dir='ltr'><strong>eruditione</strong></span> <span class='ocrx_word' id='word_1_453' title='bbox 3101 1817 3365 1886; x_wconf 69' lang='lat' dir='ltr'><strong>proditu!</strong></span> 
     </span>
     <span class='ocr_line' id='line_1_61' title="bbox 1800 1894 3361 1973; baseline 0.019 -30"><span class='ocrx_word' id='word_1_454' title='bbox 1800 1910 1820 1943; x_wconf 84' lang='grc' dir='ltr'><strong>ι</strong></span> <span class='ocrx_word' id='word_1_455' title='bbox 1854 1894 2124 1961; x_wconf 78' lang='lat' dir='ltr'><strong>saeculari,</strong></span> <span class='ocrx_word' id='word_1_456' title='bbox 2150 1897 2504 1965; x_wconf 74' lang='lat' dir='ltr'><strong>proverbialis</strong></span> <span class='ocrx_word' id='word_1_457' title='bbox 2523 1904 2806 1959; x_wconf 67' lang='lat' dir='ltr'><strong>sententiae</strong></span> <span class='ocrx_word' id='word_1_458' title='bbox 2832 1909 3202 1973; x_wconf 79' lang='lat' dir='ltr'><strong>praestantiam</strong></span> <span class='ocrx_word' id='word_1_459' title='bbox 3231 1925 3361 1971; x_wconf 67' lang='lat' dir='ltr'><strong>cun</strong></span> 
     </span>
     <span class='ocr_line' id='line_1_62' title="bbox 1798 1984 3363 2073; baseline 0.019 -40"><span class='ocrx_word' id='word_1_460' title='bbox 1798 2000 1817 2033; x_wconf 81' lang='grc' dir='ltr'><strong>ι</strong></span> <span class='ocrx_word' id='word_1_461' title='bbox 1855 1984 2049 2053; x_wconf 85' lang='lat' dir='ltr'><strong>primis</strong></span> <span class='ocrx_word' id='word_1_462' title='bbox 2075 1985 2363 2054; x_wconf 77' lang='lat' dir='ltr'><strong>intelligat,</strong></span> <span class='ocrx_word' id='word_1_463' title='bbox 2394 1988 2445 2042; x_wconf 93' lang='lat' dir='ltr'><strong>in</strong></span> <span class='ocrx_word' id='word_1_464' title='bbox 2482 1994 2733 2059; x_wconf 76' lang='lat' dir='ltr'><strong>praesenti</strong></span> <span class='ocrx_word' id='word_1_465' title='bbox 2768 2004 2950 2051; x_wconf 90' lang='lat' dir='ltr'><strong>tamen</strong></span> <span class='ocrx_word' id='word_1_466' title='bbox 2985 1999 3130 2057; x_wconf 89' lang='lat' dir='ltr'><strong>iilius</strong></span> <span class='ocrx_word' id='word_1_467' title='bbox 3162 2017 3274 2073; x_wconf 66' lang='lat' dir='ltr'><strong>pra</strong></span> <span class='ocrx_word' id='word_1_468' title='bbox 3300 2020 3363 2062; x_wconf 80' lang='lat' dir='ltr'><strong>so</strong></span> 
     </span>
     <span class='ocr_line' id='line_1_63' title="bbox 1800 2073 3364 2157; baseline 0.019 -34"><span class='ocrx_word' id='word_1_469' title='bbox 1800 2090 1819 2123; x_wconf 83' lang='grc' dir='ltr'><strong>ι</strong></span> <span class='ocrx_word' id='word_1_470' title='bbox 1860 2073 1967 2127; x_wconf 74' lang='lat' dir='ltr'><strong>lert</strong></span> <span class='ocrx_word' id='word_1_471' title='bbox 1996 2074 2393 2145; x_wconf 74' lang='lat' dir='ltr'><strong>ignorantiam,</strong></span> <span class='ocrx_word' id='word_1_472' title='bbox 2439 2086 2498 2130; x_wconf 90' lang='lat' dir='ltr'><strong>ut</strong></span> <span class='ocrx_word' id='word_1_473' title='bbox 2528 2093 2626 2149; x_wconf 87' lang='lat' dir='ltr'><strong>per</strong></span> <span class='ocrx_word' id='word_1_474' title='bbox 2656 2081 2781 2136; x_wconf 91' lang='lat' dir='ltr'><strong>dicti</strong></span> <span class='ocrx_word' id='word_1_475' title='bbox 2819 2083 2961 2141; x_wconf 86' lang='lat' dir='ltr'><strong>illius</strong></span> <span class='ocrx_word' id='word_1_476' title='bbox 3005 2093 3364 2157; x_wconf 77' lang='lat' dir='ltr'><strong>proverbialis</strong></span> 
     </span>
     <span class='ocr_line' id='line_1_64' title="bbox 1800 2164 3361 2253; baseline 0.017 -39"><span class='ocrx_word' id='word_1_477' title='bbox 1800 2182 1818 2214; x_wconf 76' lang='grc' dir='ltr'><strong>ι</strong></span> <span class='ocrx_word' id='word_1_478' title='bbox 1858 2178 2012 2219; x_wconf 89' lang='lat' dir='ltr'><strong>usum</strong></span> <span class='ocrx_word' id='word_1_479' title='bbox 2038 2179 2196 2219; x_wconf 83' lang='lat' dir='ltr'><strong>suam</strong></span> <span class='ocrx_word' id='word_1_480' title='bbox 2228 2164 2402 2234; x_wconf 89' lang='lat' dir='ltr'><strong>ipsius</strong></span> <span class='ocrx_word' id='word_1_481' title='bbox 2424 2166 2758 2225; x_wconf 77' lang='lat' dir='ltr'><strong>voluntatem</strong></span> <span class='ocrx_word' id='word_1_482' title='bbox 2797 2183 2854 2228; x_wconf 92' lang='lat' dir='ltr'><strong>et</strong></span> <span class='ocrx_word' id='word_1_483' title='bbox 2874 2179 3202 2238; x_wconf 84' lang='lat' dir='ltr'><strong>sententiam</strong></span> <span class='ocrx_word' id='word_1_484' title='bbox 3235 2197 3361 2253; x_wconf 86' lang='lat' dir='ltr'><strong>pro-</strong></span> 
     </span>
     <span class='ocr_line' id='line_1_65' title="bbox 1799 2255 3363 2340; baseline 0.017 -34"><span class='ocrx_word' id='word_1_485' title='bbox 1799 2274 1817 2306; x_wconf 80' lang='lat'>«</span> <span class='ocrx_word' id='word_1_486' title='bbox 1859 2255 2110 2312; x_wconf 85' lang='lat' dir='ltr'><strong>habiliter</strong></span> <span class='ocrx_word' id='word_1_487' title='bbox 2135 2265 2384 2313; x_wconf 72' lang='lat' dir='ltr'><strong>astruere</strong></span> <span class='ocrx_word' id='word_1_488' title='bbox 2403 2259 2674 2316; x_wconf 82' lang='lat' dir='ltr'><strong>videatur.</strong></span> <span class='ocrx_word' id='word_1_489' title='bbox 2700 2261 2799 2320; x_wconf 89' lang='lat' dir='ltr'><strong>Est</strong></span> <span class='ocrx_word' id='word_1_490' title='bbox 2823 2277 3004 2324; x_wconf 65' lang='lat' dir='ltr'><strong>auten</strong></span> <span class='ocrx_word' id='word_1_491' title='bbox 3027 2268 3178 2340; x_wconf 85' lang='lat' dir='ltr'><strong>illud,</strong></span> <span class='ocrx_word' id='word_1_492' title='bbox 3193 2271 3363 2332; x_wconf 72' lang='lat' dir='ltr'><strong>Glau-</strong></span> 
     </span>
     <span class='ocr_line' id='line_1_66' title="bbox 1799 2347 3361 2434; baseline 0.016 -37"><span class='ocrx_word' id='word_1_493' title='bbox 1799 2366 1816 2397; x_wconf 82' lang='grc' dir='ltr'><strong>ι</strong></span> <span class='ocrx_word' id='word_1_494' title='bbox 1854 2348 1902 2401; x_wconf 85' lang='lat' dir='ltr'><strong>ci</strong></span> <span class='ocrx_word' id='word_1_495' title='bbox 1923 2364 2015 2403; x_wconf 83' lang='lat' dir='ltr'><strong>ors</strong></span> <span class='ocrx_word' id='word_1_496' title='bbox 2039 2389 2055 2414; x_wconf 90' lang='lat'><strong>,</strong></span> <span class='ocrx_word' id='word_1_497' title='bbox 2085 2347 2239 2417; x_wconf 80' lang='lat' dir='ltr'><strong>cuius</strong></span> <span class='ocrx_word' id='word_1_498' title='bbox 2265 2363 2391 2404; x_wconf 87' lang='lat' dir='ltr'><strong>cum</strong></span> <span class='ocrx_word' id='word_1_499' title='bbox 2417 2354 2764 2410; x_wconf 83' lang='lat' dir='ltr'><strong>meminerint</strong></span> <span class='ocrx_word' id='word_1_500' title='bbox 2797 2358 2998 2418; x_wconf 73' lang='lat' dir='ltr'><strong>eruditi</strong></span> <span class='ocrx_word' id='word_1_501' title='bbox 3041 2364 3186 2434; x_wconf 75' lang='lat' dir='ltr'><strong>apud</strong></span> <span class='ocrx_word' id='word_1_502' title='bbox 3211 2365 3361 2426; x_wconf 66' lang='lat' dir='ltr'><strong>Gra-</strong></span> 
     </span>
     <span class='ocr_line' id='line_1_67' title="bbox 1797 2439 3355 2524; baseline 0.017 -33"><span class='ocrx_word' id='word_1_503' title='bbox 1797 2456 1816 2489; x_wconf 83' lang='grc' dir='ltr'><strong>ι</strong></span> <span class='ocrx_word' id='word_1_504' title='bbox 1852 2453 1947 2494; x_wconf 88' lang='lat' dir='ltr'><strong>cos</strong></span> <span class='ocrx_word' id='word_1_505' title='bbox 1988 2439 2186 2505; x_wconf 87' lang='lat' dir='ltr'><strong>multi,</strong></span> <span class='ocrx_word' id='word_1_506' title='bbox 2226 2442 2473 2498; x_wconf 81' lang='lat' dir='ltr'><strong>diversas</strong></span> <span class='ocrx_word' id='word_1_507' title='bbox 2504 2444 2808 2503; x_wconf 85' lang='lat' dir='ltr'><strong>retulerunt</strong></span> <span class='ocrx_word' id='word_1_508' title='bbox 2857 2449 3355 2524; x_wconf 71' lang='lat' dir='ltr'><strong>interpretatio-es.</strong></span> 
     </span>
     <span class='ocr_line' id='line_1_68' title="bbox 1799 2523 3355 2610; baseline 0.018 -29"><span class='ocrx_word' id='word_1_509' title='bbox 1799 2549 1817 2581; x_wconf 76' lang='grc' dir='ltr'><strong>ι</strong></span> <span class='ocrx_word' id='word_1_510' title='bbox 1860 2536 1918 2595; x_wconf 71' lang='lat'><strong>›1‹</strong></span> <span class='ocrx_word' id='word_1_511' title='bbox 1946 2529 2047 2586; x_wconf 85' lang='lat' dir='ltr'><strong>Est</strong></span> <span class='ocrx_word' id='word_1_512' title='bbox 2082 2534 2228 2588; x_wconf 87' lang='lat' dir='ltr'><strong>enim</strong></span> <span class='ocrx_word' id='word_1_513' title='bbox 2250 2533 2343 2602; x_wconf 84' lang='lat' dir='ltr'><strong>qui</strong></span> <span class='ocrx_word' id='word_1_514' title='bbox 2391 2534 2569 2600; x_wconf 89' lang='lat' dir='ltr'><strong>docet,</strong></span> <span class='ocrx_word' id='word_1_515' title='bbox 2596 2536 2864 2598; x_wconf 85' lang='lat' dir='ltr'><strong>Glaucum</strong></span> <span class='ocrx_word' id='word_1_516' title='bbox 2896 2544 3178 2606; x_wconf 68' lang='lat' dir='ltr'><strong>exstitisse</strong></span> <span class='ocrx_word' id='word_1_517' title='bbox 3209 2523 3355 2610; x_wconf 59' lang='lat' dir='ltr'><strong>&#39;artis</strong></span> 
     </span>
     <span class='ocr_line' id='line_1_69' title="bbox 1796 2620 3357 2709; baseline 0.019 -36"><span class='ocrx_word' id='word_1_518' title='bbox 1796 2639 1816 2672; x_wconf 85' lang='grc' dir='ltr'><strong>ι</strong></span> <span class='ocrx_word' id='word_1_519' title='bbox 1853 2620 2132 2689; x_wconf 74' lang='lat' dir='ltr'><strong>cuiusdam</strong></span> <span class='ocrx_word' id='word_1_520' title='bbox 2160 2623 2400 2680; x_wconf 83' lang='lat' dir='ltr'><strong>maxime</strong></span> <span class='ocrx_word' id='word_1_521' title='bbox 2430 2627 2672 2683; x_wconf 88' lang='lat' dir='ltr'><strong>omnium</strong></span> <span class='ocrx_word' id='word_1_522' title='bbox 2716 2630 3054 2694; x_wconf 68' lang='lat' dir='ltr'><strong>admiranda</strong></span> <span class='ocrx_word' id='word_1_523' title='bbox 3085 2640 3357 2709; x_wconf 77' lang='lat' dir='ltr'><strong>peritissi-</strong></span> 
     </span>
     <span class='ocr_line' id='line_1_70' title="bbox 1796 2720 3359 2792; baseline 0.02 -30"><span class='ocrx_word' id='word_1_524' title='bbox 1796 2730 1814 2762; x_wconf 73' lang='grc' dir='ltr'><strong>ι</strong></span> <span class='ocrx_word' id='word_1_525' title='bbox 1856 2729 2021 2781; x_wconf 88' lang='lat' dir='ltr'><strong>mum,</strong></span> <span class='ocrx_word' id='word_1_526' title='bbox 2049 2728 2151 2769; x_wconf 89' lang='lat' dir='ltr'><strong>una</strong></span> <span class='ocrx_word' id='word_1_527' title='bbox 2174 2731 2294 2771; x_wconf 87' lang='lat' dir='ltr'><strong>cum</strong></span> <span class='ocrx_word' id='word_1_528' title='bbox 2321 2724 2441 2773; x_wconf 82' lang='lat' dir='ltr'><strong>arte</strong></span> <span class='ocrx_word' id='word_1_529' title='bbox 2475 2734 2573 2776; x_wconf 90' lang='lat' dir='ltr'><strong>sua</strong></span> <span class='ocrx_word' id='word_1_530' title='bbox 2604 2720 2914 2790; x_wconf 83' lang='lat' dir='ltr'><strong>interiisse,</strong></span> <span class='ocrx_word' id='word_1_531' title='bbox 2940 2727 3080 2786; x_wconf 83' lang='lat' dir='ltr'><strong>mari</strong></span> <span class='ocrx_word' id='word_1_532' title='bbox 3105 2731 3359 2792; x_wconf 79' lang='lat' dir='ltr'><strong>submer—</strong></span> 
     </span>
     <span class='ocr_line' id='line_1_71' title="bbox 1795 2806 3354 2894; baseline 0.019 -37"><span class='ocrx_word' id='word_1_533' title='bbox 1795 2824 1813 2857; x_wconf 80' lang='grc' dir='ltr'><strong>ι</strong></span> <span class='ocrx_word' id='word_1_534' title='bbox 1852 2819 1968 2860; x_wconf 89' lang='lat' dir='ltr'><strong>sum</strong></span> <span class='ocrx_word' id='word_1_535' title='bbox 1994 2845 2009 2870; x_wconf 89' lang='lat'><strong>,</strong></span> <span class='ocrx_word' id='word_1_536' title='bbox 2038 2806 2168 2862; x_wconf 90' lang='lat' dir='ltr'><strong>nulli</strong></span> <span class='ocrx_word' id='word_1_537' title='bbox 2196 2823 2421 2878; x_wconf 88' lang='lat' dir='ltr'><strong>prorsus</strong></span> <span class='ocrx_word' id='word_1_538' title='bbox 2448 2809 2725 2882; x_wconf 79' lang='lat' dir='ltr'><strong>impertita</strong></span> <span class='ocrx_word' id='word_1_539' title='bbox 2749 2813 2994 2886; x_wconf 76' lang='lat' dir='ltr'><strong>eiusdem</strong></span> <span class='ocrx_word' id='word_1_540' title='bbox 3024 2824 3354 2894; x_wconf 65' lang='lat' dir='ltr'><strong>cognitione.</strong></span> 
     </span>
     <span class='ocr_line' id='line_1_72' title="bbox 1795 2898 3357 2980; baseline 0.017 -31"><span class='ocrx_word' id='word_1_541' title='bbox 1795 2916 1814 2949; x_wconf 82' lang='grc' dir='ltr'><strong>ι</strong></span> <span class='ocrx_word' id='word_1_542' title='bbox 1849 2898 2001 2954; x_wconf 81' lang='lat' dir='ltr'><strong>Alius</strong></span> <span class='ocrx_word' id='word_1_543' title='bbox 2021 2899 2410 2969; x_wconf 74' lang='lat' dir='ltr'><strong>peritissimum</strong></span> <span class='ocrx_word' id='word_1_544' title='bbox 2437 2901 2674 2960; x_wconf 75' lang='lat' dir='ltr'><strong>musices</strong></span> <span class='ocrx_word' id='word_1_545' title='bbox 2704 2906 2980 2964; x_wconf 70' lang='lat' dir='ltr'><strong>exstitisse</strong></span> <span class='ocrx_word' id='word_1_546' title='bbox 3007 2910 3193 2980; x_wconf 84' lang='lat' dir='ltr'><strong>docet,</strong></span> <span class='ocrx_word' id='word_1_547' title='bbox 3213 2925 3270 2973; x_wconf 79' lang='lat' dir='ltr'><strong>ot</strong></span> <span class='ocrx_word' id='word_1_548' title='bbox 3287 2920 3357 2975; x_wconf 77' lang='lat' dir='ltr'><strong>ab</strong></span> 
     </span>
     <span class='ocr_line' id='line_1_73' title="bbox 1796 2991 3360 3076; baseline 0.016 -34"><span class='ocrx_word' id='word_1_549' title='bbox 1796 3010 1814 3042; x_wconf 76' lang='grc' dir='ltr'><strong>ι</strong></span> <span class='ocrx_word' id='word_1_550' title='bbox 1854 3004 1920 3047; x_wconf 92' lang='lat' dir='ltr'><strong>eo</strong></span> <span class='ocrx_word' id='word_1_551' title='bbox 1958 2991 2139 3047; x_wconf 83' lang='lat' dir='ltr'><strong>discos</strong></span> <span class='ocrx_word' id='word_1_552' title='bbox 2190 3005 2360 3051; x_wconf 81' lang='lat' dir='ltr'><strong>aereos</strong></span> <span class='ocrx_word' id='word_1_553' title='bbox 2385 3002 2623 3065; x_wconf 78' lang='lat' dir='ltr'><strong>quatuor</strong></span> <span class='ocrx_word' id='word_1_554' title='bbox 2645 2994 2854 3055; x_wconf 75' lang='lat' dir='ltr'><strong>affabre</strong></span> <span class='ocrx_word' id='word_1_555' title='bbox 2884 3006 3240 3076; x_wconf 80' lang='lat' dir='ltr'><strong>compositos,</strong></span> <span class='ocrx_word' id='word_1_556' title='bbox 3297 3020 3360 3067; x_wconf 89' lang='grc' dir='ltr'><strong>ιιι</strong></span> 
     </span>
    </p>
   </div>
   <div class='ocr_carea' id='block_1_10' title="bbox 1715 3083 3360 3172">
    <p class='ocr_par' dir='ltr' id='par_1_12' title="bbox 1715 3083 3360 3172">
     <span class='ocr_line' id='line_1_74' title="bbox 1715 3083 3360 3172; baseline 0.017 -39"><span class='ocrx_word' id='word_1_557' title='bbox 1715 3117 1754 3172; x_wconf 76' lang='lat' dir='ltr'>C</span> <span class='ocrx_word' id='word_1_558' title='bbox 1795 3101 1814 3134; x_wconf 80' lang='grc' dir='ltr'><strong>ι</strong></span> <span class='ocrx_word' id='word_1_559' title='bbox 1854 3083 2048 3154; x_wconf 86' lang='lat' dir='ltr'><strong>pulsati</strong></span> <span class='ocrx_word' id='word_1_560' title='bbox 2102 3083 2393 3154; x_wconf 86' lang='lat' dir='ltr'><strong>quamdam</strong></span> <span class='ocrx_word' id='word_1_561' title='bbox 2443 3086 2820 3160; x_wconf 80' lang='lat' dir='ltr'><strong>symphoniam</strong></span> <span class='ocrx_word' id='word_1_562' title='bbox 2874 3107 3011 3151; x_wconf 89' lang='lat' dir='ltr'><strong>sono</strong></span> <span class='ocrx_word' id='word_1_563' title='bbox 3067 3112 3360 3160; x_wconf 78' lang='lat' dir='ltr'><strong>numeroso</strong></span> 
     </span>
    </p>
   </div>
   <div class='ocr_carea' id='block_1_11' title="bbox 1786 3176 3357 4091">
    <p class='ocr_par' dir='ltr' id='par_1_13' title="bbox 1786 3176 3357 4091">
     <span class='ocr_line' id='line_1_75' title="bbox 1795 3176 3352 3262; baseline 0.017 -36"><span class='ocrx_word' id='word_1_564' title='bbox 1795 3194 1813 3226; x_wconf 74' lang='grc' dir='ltr'><strong>ι</strong></span> <span class='ocrx_word' id='word_1_565' title='bbox 1849 3176 2116 3237; x_wconf 77' lang='lat' dir='ltr'><strong>ederent:</strong></span> <span class='ocrx_word' id='word_1_566' title='bbox 2177 3184 2344 3248; x_wconf 82' lang='lat' dir='ltr'><strong>atque</strong></span> <span class='ocrx_word' id='word_1_567' title='bbox 2410 3178 2536 3235; x_wconf 90' lang='lat' dir='ltr'><strong>hinc</strong></span> <span class='ocrx_word' id='word_1_568' title='bbox 2606 3183 2951 3252; x_wconf 80' lang='lat' dir='ltr'><strong>proverbium</strong></span> <span class='ocrx_word' id='word_1_569' title='bbox 3013 3201 3352 3262; x_wconf 80' lang='lat' dir='ltr'><strong>usurpatum.</strong></span> 
     </span>
     <span class='ocr_line' id='line_1_76' title="bbox 1793 3263 3357 3357; baseline 0.012 -36"><span class='ocrx_word' id='word_1_570' title='bbox 1793 3286 1815 3320; x_wconf 88' lang='grc' dir='ltr'><strong>ι</strong></span> <span class='ocrx_word' id='word_1_571' title='bbox 1851 3263 2072 3324; x_wconf 80' lang='lat' dir='ltr'><strong>Tertius</strong></span> <span class='ocrx_word' id='word_1_572' title='bbox 2095 3306 2114 3331; x_wconf 88' lang='lat'><strong>‚</strong></span> <span class='ocrx_word' id='word_1_573' title='bbox 2170 3268 2313 3325; x_wconf 80' lang='lat' dir='ltr'><strong>inter</strong></span> <span class='ocrx_word' id='word_1_574' title='bbox 2383 3268 2526 3327; x_wconf 87' lang='lat' dir='ltr'><strong>dona</strong></span> <span class='ocrx_word' id='word_1_575' title='bbox 2585 3269 2859 3345; x_wconf 76' lang='lat' dir='ltr'><strong>Halyattis</strong></span> <span class='ocrx_word' id='word_1_576' title='bbox 2929 3275 3067 3349; x_wconf 80' lang='lat' dir='ltr'><strong>Lydi</strong></span> <span class='ocrx_word' id='word_1_577' title='bbox 3130 3281 3357 3357; x_wconf 80' lang='lat' dir='ltr'><strong>Delphis</strong></span> 
     </span>
     <span class='ocr_line' id='line_1_77' title="bbox 1793 3358 3353 3446; baseline 0.016 -36"><span class='ocrx_word' id='word_1_578' title='bbox 1793 3376 1812 3410; x_wconf 85' lang='grc' dir='ltr'><strong>ι</strong></span> <span class='ocrx_word' id='word_1_579' title='bbox 1851 3358 2096 3416; x_wconf 87' lang='lat' dir='ltr'><strong>oblatum</strong></span> <span class='ocrx_word' id='word_1_580' title='bbox 2120 3399 2135 3424; x_wconf 90' lang='lat'><strong>,</strong></span> <span class='ocrx_word' id='word_1_581' title='bbox 2181 3366 2238 3415; x_wconf 89' lang='lat' dir='ltr'><strong>et</strong></span> <span class='ocrx_word' id='word_1_582' title='bbox 2276 3360 2512 3418; x_wconf 85' lang='lat' dir='ltr'><strong>mirandi</strong></span> <span class='ocrx_word' id='word_1_583' title='bbox 2553 3366 2735 3435; x_wconf 86' lang='lat' dir='ltr'><strong>operis</strong></span> <span class='ocrx_word' id='word_1_584' title='bbox 2790 3367 3108 3428; x_wconf 80' lang='lat' dir='ltr'><strong>subet-atera</strong></span> <span class='ocrx_word' id='word_1_585' title='bbox 3162 3388 3353 3446; x_wconf 81' lang='lat' dir='ltr'><strong>quem·</strong></span> 
     </span>
     <span class='ocr_line' id='line_1_78' title="bbox 1794 3450 3349 3530; baseline 0.015 -27"><span class='ocrx_word' id='word_1_586' title='bbox 1794 3470 1814 3503; x_wconf 83' lang='lat'><strong>‹</strong></span> <span class='ocrx_word' id='word_1_587' title='bbox 1849 3452 1996 3517; x_wconf 87' lang='lat' dir='ltr'><strong>dam,</strong></span> <span class='ocrx_word' id='word_1_588' title='bbox 2062 3450 2251 3508; x_wconf 82' lang='lat' dir='ltr'><strong>Glauci</strong></span> <span class='ocrx_word' id='word_1_589' title='bbox 2317 3451 2440 3510; x_wconf 89' lang='lat' dir='ltr'><strong>Chii</strong></span> <span class='ocrx_word' id='word_1_590' title='bbox 2522 3469 2681 3526; x_wconf 86' lang='lat' dir='ltr'><strong>opus.</strong></span> <span class='ocrx_word' id='word_1_591' title='bbox 2740 3458 2980 3528; x_wconf 85' lang='lat' dir='ltr'><strong>Quartus</strong></span> <span class='ocrx_word' id='word_1_592' title='bbox 3006 3501 3024 3530; x_wconf 91' lang='lat'><strong>,</strong></span> <span class='ocrx_word' id='word_1_593' title='bbox 3083 3463 3349 3527; x_wconf 71' lang='lat' dir='ltr'><strong>Glaucum</strong></span> 
     </span>
     <span class='ocr_line' id='line_1_79' title="bbox 1794 3542 3348 3631; baseline 0.016 -38"><span class='ocrx_word' id='word_1_594' title='bbox 1794 3559 1813 3593; x_wconf 84' lang='lat' dir='ltr'><strong>t</strong></span> <span class='ocrx_word' id='word_1_595' title='bbox 1848 3542 2026 3612; x_wconf 90' lang='lat' dir='ltr'><strong>ipsum</strong></span> <span class='ocrx_word' id='word_1_596' title='bbox 2065 3543 2284 3615; x_wconf 81' lang='lat' dir='ltr'><strong>Delphis</strong></span> <span class='ocrx_word' id='word_1_597' title='bbox 2313 3546 2581 3606; x_wconf 81' lang='lat' dir='ltr'><strong>obtulisse</strong></span> <span class='ocrx_word' id='word_1_598' title='bbox 2604 3561 2796 3607; x_wconf 86' lang='lat' dir='ltr'><strong>narrat</strong></span> <span class='ocrx_word' id='word_1_599' title='bbox 2818 3567 3026 3612; x_wconf 73' lang='lat' dir='ltr'><strong>teneam</strong></span> <span class='ocrx_word' id='word_1_600' title='bbox 3056 3556 3348 3631; x_wconf 75' lang='lat' dir='ltr'><strong>tripodem,</strong></span> 
     </span>
     <span class='ocr_line' id='line_1_80' title="bbox 1793 3633 3350 3712; baseline 0.017 -26"><span class='ocrx_word' id='word_1_601' title='bbox 1793 3652 1812 3686; x_wconf 80' lang='grc' dir='ltr'><strong>ι</strong></span> <span class='ocrx_word' id='word_1_602' title='bbox 1851 3633 1927 3690; x_wconf 88' lang='lat' dir='ltr'><strong>ita</strong></span> <span class='ocrx_word' id='word_1_603' title='bbox 1949 3633 2302 3693; x_wconf 71' lang='lat' dir='ltr'><strong>fabrefactam</strong></span> <span class='ocrx_word' id='word_1_604' title='bbox 2323 3678 2342 3705; x_wconf 89' lang='lat'><strong>,</strong></span> <span class='ocrx_word' id='word_1_605' title='bbox 2380 3649 2439 3695; x_wconf 85' lang='grc' dir='ltr'><strong>ιιι</strong></span> <span class='ocrx_word' id='word_1_606' title='bbox 2480 3640 2654 3712; x_wconf 82' lang='lat' dir='ltr'><strong>siquis</strong></span> <span class='ocrx_word' id='word_1_607' title='bbox 2690 3645 3018 3705; x_wconf 74' lang='lat' dir='ltr'><strong>crassiorem</strong></span> <span class='ocrx_word' id='word_1_608' title='bbox 3046 3649 3100 3706; x_wconf 88' lang='lat' dir='ltr'><strong>io</strong></span> <span class='ocrx_word' id='word_1_609' title='bbox 3129 3653 3350 3712; x_wconf 79' lang='lat' dir='ltr'><strong>modurn</strong></span> 
     </span>
     <span class='ocr_line' id='line_1_81' title="bbox 1789 3727 3349 3819; baseline 0.018 -42"><span class='ocrx_word' id='word_1_610' title='bbox 1789 3743 1810 3776; x_wconf 80' lang='grc' dir='ltr'><strong>ι</strong></span> <span class='ocrx_word' id='word_1_611' title='bbox 1841 3727 2089 3783; x_wconf 80' lang='lat' dir='ltr'><strong>eamdem</strong></span> <span class='ocrx_word' id='word_1_612' title='bbox 2137 3728 2397 3798; x_wconf 83' lang='lat' dir='ltr'><strong>pulsaret,</strong></span> <span class='ocrx_word' id='word_1_613' title='bbox 2437 3731 2523 3787; x_wconf 77' lang='lat' dir='ltr'><strong>vel</strong></span> <span class='ocrx_word' id='word_1_614' title='bbox 2574 3736 2742 3803; x_wconf 83' lang='lat' dir='ltr'><strong>pedes</strong></span> <span class='ocrx_word' id='word_1_615' title='bbox 2772 3738 2826 3794; x_wconf 91' lang='lat' dir='ltr'><strong>iu</strong></span> <span class='ocrx_word' id='word_1_616' title='bbox 2879 3740 3078 3809; x_wconf 80' lang='lat' dir='ltr'><strong>quibos</strong></span> <span class='ocrx_word' id='word_1_617' title='bbox 3126 3747 3349 3819; x_wconf 76' lang='lat' dir='ltr'><strong>stabat,</strong></span> 
     </span>
     <span class='ocr_line' id='line_1_82' title="bbox 1789 3820 3351 3900; baseline 0.019 -29"><span class='ocrx_word' id='word_1_618' title='bbox 1789 3838 1809 3871; x_wconf 82' lang='grc' dir='ltr'><strong>ι</strong></span> <span class='ocrx_word' id='word_1_619' title='bbox 1843 3820 1925 3876; x_wconf 84' lang='lat' dir='ltr'><strong>vel</strong></span> <span class='ocrx_word' id='word_1_620' title='bbox 1948 3821 2092 3891; x_wconf 87' lang='lat' dir='ltr'><strong>qnod</strong></span> <span class='ocrx_word' id='word_1_621' title='bbox 2132 3837 2345 3879; x_wconf 82' lang='lat' dir='ltr'><strong>sursum</strong></span> <span class='ocrx_word' id='word_1_622' title='bbox 2395 3838 2517 3882; x_wconf 80' lang='lat' dir='ltr'><strong>erut</strong></span> <span class='ocrx_word' id='word_1_623' title='bbox 2552 3830 2958 3899; x_wconf 83' lang='lat' dir='ltr'><strong>redimiculum,</strong></span> <span class='ocrx_word' id='word_1_624' title='bbox 2984 3835 3070 3892; x_wconf 80' lang='lat' dir='ltr'><strong>vel</strong></span> <span class='ocrx_word' id='word_1_625' title='bbox 3093 3853 3351 3900; x_wconf 73' lang='lat' dir='ltr'><strong>mronatn</strong></span> 
     </span>
     <span class='ocr_line' id='line_1_83' title="bbox 1786 3910 3349 4000; baseline 0.018 -36"><span class='ocrx_word' id='word_1_626' title='bbox 1786 3910 2000 3968; x_wconf 75' lang='lat' dir='ltr'><strong>«lebeti</strong></span> <span class='ocrx_word' id='word_1_627' title='bbox 2035 3913 2506 3983; x_wconf 87' lang='lat' dir='ltr'><strong>circumductam,</strong></span> <span class='ocrx_word' id='word_1_628' title='bbox 2557 3930 2653 3975; x_wconf 85' lang='lat' dir='ltr'><strong>aut</strong></span> <span class='ocrx_word' id='word_1_629' title='bbox 2699 3922 2942 3995; x_wconf 72' lang='lat' dir='ltr'><strong>virgulas</strong></span> <span class='ocrx_word' id='word_1_630' title='bbox 2990 3933 3349 4000; x_wconf 67' lang='lat' dir='ltr'><strong>parandium</strong></span> 
     </span>
     <span class='ocr_line' id='line_1_84' title="bbox 1788 4006 3351 4091; baseline 0.02 -37"><span class='ocrx_word' id='word_1_631' title='bbox 1788 4021 1809 4054; x_wconf 80' lang='grc' dir='ltr'><strong>ι</strong></span> <span class='ocrx_word' id='word_1_632' title='bbox 1842 4018 1966 4061; x_wconf 83' lang='lat' dir='ltr'><strong>seso</strong></span> <span class='ocrx_word' id='word_1_633' title='bbox 2007 4006 2402 4076; x_wconf 82' lang='lat' dir='ltr'><strong>distendentes,</strong></span> <span class='ocrx_word' id='word_1_634' title='bbox 2458 4009 2587 4083; x_wconf 75' lang='lat' dir='ltr'><strong>lym</strong></span> <span class='ocrx_word' id='word_1_635' title='bbox 2661 4027 2854 4071; x_wconf 87' lang='lat' dir='ltr'><strong>sonum</strong></span> <span class='ocrx_word' id='word_1_636' title='bbox 2909 4033 3351 4091; x_wconf 72' lang='lat' dir='ltr'><strong>repraesontarct.</strong></span> 
     </span>
    </p>
   </div>
   <div class='ocr_carea' id='block_1_12' title="bbox 1786 4095 3352 4333">
    <p class='ocr_par' dir='ltr' id='par_1_14' title="bbox 1786 4095 3352 4333">
     <span class='ocr_line' id='line_1_85' title="bbox 1786 4095 3351 4185; baseline 0.019 -40"><span class='ocrx_word' id='word_1_637' title='bbox 1786 4111 1808 4145; x_wconf 80' lang='grc' dir='ltr'><strong>ι</strong></span> <span class='ocrx_word' id='word_1_638' title='bbox 1845 4095 1998 4151; x_wconf 82' lang='lat' dir='ltr'><strong>Alius</strong></span> <span class='ocrx_word' id='word_1_639' title='bbox 2027 4106 2302 4166; x_wconf 87' lang='lat' dir='ltr'><strong>postremo</strong></span> <span class='ocrx_word' id='word_1_640' title='bbox 2333 4102 2681 4169; x_wconf 78' lang='lat' dir='ltr'><strong>proverbium</strong></span> <span class='ocrx_word' id='word_1_641' title='bbox 2707 4106 2987 4165; x_wconf 83' lang='lat' dir='ltr'><strong>existimat</strong></span> <span class='ocrx_word' id='word_1_642' title='bbox 3021 4116 3298 4185; x_wconf 77' lang='lat' dir='ltr'><strong>usurpari,</strong></span> <span class='ocrx_word' id='word_1_643' title='bbox 3318 4133 3351 4174; x_wconf 89' lang='lat' dir='ltr'><strong>a</strong></span> 
     </span>
     <span class='ocr_line' id='line_1_86' title="bbox 1787 4182 3352 4263; baseline 0.017 -28"><span class='ocrx_word' id='word_1_644' title='bbox 1787 4202 1804 4234; x_wconf 91' lang='grc' dir='ltr'><strong>ι</strong></span> <span class='ocrx_word' id='word_1_645' title='bbox 1838 4182 2048 4240; x_wconf 87' lang='lat' dir='ltr'><strong>Glauco</strong></span> <span class='ocrx_word' id='word_1_646' title='bbox 2090 4187 2324 4255; x_wconf 80' lang='lat' dir='ltr'><strong>quodam</strong></span> <span class='ocrx_word' id='word_1_647' title='bbox 2362 4190 2652 4245; x_wconf 88' lang='lat' dir='ltr'><strong>deductum</strong></span> <span class='ocrx_word' id='word_1_648' title='bbox 2672 4229 2690 4259; x_wconf 90' lang='lat'><strong>,</strong></span> <span class='ocrx_word' id='word_1_649' title='bbox 2722 4194 2814 4263; x_wconf 84' lang='lat' dir='ltr'><strong>qui</strong></span> <span class='ocrx_word' id='word_1_650' title='bbox 2862 4195 3094 4253; x_wconf 85' lang='lat' dir='ltr'><strong>scientia</strong></span> <span class='ocrx_word' id='word_1_651' title='bbox 3122 4209 3352 4261; x_wconf 65' lang='lat' dir='ltr'><strong>ceteros</strong></span> 
     </span>
     <span class='ocr_line' id='line_1_87' title="bbox 1786 4277 2221 4333; baseline 0.018 -8"><span class='ocrx_word' id='word_1_652' title='bbox 1786 4293 1804 4325; x_wconf 83' lang='grc' dir='ltr'><strong>ι</strong></span> <span class='ocrx_word' id='word_1_653' title='bbox 1841 4277 2221 4333; x_wconf 88' lang='lat' dir='ltr'><strong>antecellebat.</strong></span> 
     </span>
    </p>
   </div>
   <div class='ocr_carea' id='block_1_13' title="bbox 1858 4390 3347 4463">
    <p class='ocr_par' dir='ltr' id='par_1_15' title="bbox 1858 4390 3347 4463">
     <span class='ocr_line' id='line_1_88' title="bbox 1858 4390 3347 4463; baseline 0.015 -22"><span class='ocrx_word' id='word_1_654' title='bbox 1858 4408 1877 4441; x_wconf 73' lang='grc' dir='ltr'><strong>ι</strong></span> <span class='ocrx_word' id='word_1_655' title='bbox 1922 4390 2125 4446; x_wconf 84' lang='lat' dir='ltr'><strong>videtis</strong></span> <span class='ocrx_word' id='word_1_656' title='bbox 2150 4401 2327 4446; x_wconf 75' lang='lat' dir='ltr'><strong>autent</strong></span> <span class='ocrx_word' id='word_1_657' title='bbox 2362 4396 2772 4461; x_wconf 78' lang='lat' dir='ltr'><strong>proverbiorum</strong></span> <span class='ocrx_word' id='word_1_658' title='bbox 2799 4398 3172 4460; x_wconf 66' lang='lat' dir='ltr'><strong>dificultatetn</strong></span> <span class='ocrx_word' id='word_1_659' title='bbox 3191 4405 3347 4463; x_wconf 77' lang='lat' dir='ltr'><strong>exin·</strong></span> 
     </span>
    </p>
   </div>
   <div class='ocr_carea' id='block_1_14' title="bbox 113 4476 3350 4565">
    <p class='ocr_par' dir='ltr' id='par_1_16' title="bbox 113 4476 3350 4565">
     <span class='ocr_line' id='line_1_89' title="bbox 113 4476 3350 4565; baseline 0.002 -25"><span class='ocrx_word' id='word_1_660' title='bbox 113 4504 138 4540; x_wconf 75' lang='lat' dir='ltr'><strong>c</strong></span> <span class='ocrx_word' id='word_1_661' title='bbox 170 4483 260 4539; x_wconf 78' lang='grc' dir='ltr'><strong>διὰ</strong></span> <span class='ocrx_word' id='word_1_662' title='bbox 288 4485 478 4540; x_wconf 89' lang='grc' dir='ltr'><strong>τούτου</strong></span> <span class='ocrx_word' id='word_1_663' title='bbox 518 4486 820 4550; x_wconf 82' lang='grc' dir='ltr'><strong>δείκνυται,</strong></span> <span class='ocrx_word' id='word_1_664' title='bbox 849 4484 937 4539; x_wconf 78' lang='grc' dir='ltr'><strong>διὰ</strong></span> <span class='ocrx_word' id='word_1_665' title='bbox 963 4483 1058 4539; x_wconf 86' lang='grc' dir='ltr'><strong>τοῦ</strong></span> <span class='ocrx_word' id='word_1_666' title='bbox 1095 4484 1230 4556; x_wconf 85' lang='grc' dir='ltr'><strong>μηδὲ</strong></span> <span class='ocrx_word' id='word_1_667' title='bbox 1271 4484 1365 4538; x_wconf 72' lang='grc' dir='ltr'><strong>ἐπὶ</strong></span> <span class='ocrx_word' id='word_1_668' title='bbox 1388 4485 1488 4556; x_wconf 83' lang='grc' dir='ltr'><strong>τῆς</strong></span> <span class='ocrx_word' id='word_1_669' title='bbox 1514 4485 1681 4558; x_wconf 83' lang='grc' dir='ltr'><strong>αὐτῆς</strong></span> <span class='ocrx_word' id='word_1_670' title='bbox 1712 4476 1755 4531; x_wconf 89' lang='lat' dir='ltr'>D</span> <span class='ocrx_word' id='word_1_671' title='bbox 1790 4497 1809 4530; x_wconf 75' lang='grc' dir='ltr'><strong>ι</strong></span> <span class='ocrx_word' id='word_1_672' title='bbox 1846 4480 1915 4534; x_wconf 83' lang='lat' dir='ltr'><strong>de</strong></span> <span class='ocrx_word' id='word_1_673' title='bbox 1945 4477 2082 4534; x_wconf 76' lang='lat' dir='ltr'><strong>satis</strong></span> <span class='ocrx_word' id='word_1_674' title='bbox 2109 4480 2359 4549; x_wconf 74' lang='lat' dir='ltr'><strong>patelieri</strong></span> <span class='ocrx_word' id='word_1_675' title='bbox 2389 4521 2405 4546; x_wconf 90' lang='lat'><strong>,</strong></span> <span class='ocrx_word' id='word_1_676' title='bbox 2448 4487 2591 4554; x_wconf 82' lang='lat' dir='ltr'><strong>quod</strong></span> <span class='ocrx_word' id='word_1_677' title='bbox 2637 4502 2980 4559; x_wconf 76' lang='lat' dir='ltr'><strong>nequaquam</strong></span> <span class='ocrx_word' id='word_1_678' title='bbox 3024 4492 3350 4565; x_wconf 70' lang='lat' dir='ltr'><strong>interpretes</strong></span> 
     </span>
    </p>
   </div>
   <div class='ocr_carea' id='block_1_15' title="bbox 108 4576 1681 4830">
    <p class='ocr_par' dir='ltr' id='par_1_17' title="bbox 108 4576 1681 4830">
     <span class='ocr_line' id='line_1_90' title="bbox 115 4576 1681 4650; baseline 0 -17"><span class='ocrx_word' id='word_1_679' title='bbox 115 4595 140 4633; x_wconf 75' lang='grc' dir='ltr'><strong>ε</strong></span> <span class='ocrx_word' id='word_1_680' title='bbox 180 4578 469 4650; x_wconf 74' lang='grc' dir='ltr'><strong>ἑρμηνείας</strong></span> <span class='ocrx_word' id='word_1_681' title='bbox 495 4577 684 4648; x_wconf 82' lang='grc' dir='ltr'><strong>στῆναι</strong></span> <span class='ocrx_word' id='word_1_682' title='bbox 725 4578 851 4641; x_wconf 78' lang='grc' dir='ltr'><strong>τοὺς</strong></span> <span class='ocrx_word' id='word_1_683' title='bbox 886 4576 983 4646; x_wconf 82' lang='grc' dir='ltr'><strong>την</strong></span> <span class='ocrx_word' id='word_1_684' title='bbox 1029 4576 1326 4647; x_wconf 86' lang='grc' dir='ltr'><strong>παροιμίαν</strong></span> <span class='ocrx_word' id='word_1_685' title='bbox 1361 4577 1561 4648; x_wconf 87' lang='grc' dir='ltr'><strong>ταύτην</strong></span> <span class='ocrx_word' id='word_1_686' title='bbox 1595 4580 1681 4646; x_wconf 73' lang='grc' dir='ltr'><strong>ἐξ·</strong></span> 
     </span>
     <span class='ocr_line' id='line_1_91' title="bbox 108 4664 1681 4742; baseline -0.003 -17"><span class='ocrx_word' id='word_1_687' title='bbox 108 4687 139 4726; x_wconf 76' lang='lat' dir='ltr'><strong>c</strong></span> <span class='ocrx_word' id='word_1_688' title='bbox 158 4667 463 4742; x_wconf 74' lang='grc' dir='ltr'><strong>ηγήσασθαι</strong></span> <span class='ocrx_word' id='word_1_689' title='bbox 484 4667 856 4739; x_wconf 75' lang='grc' dir='ltr'><strong>βουληθέντας.</strong></span> <span class='ocrx_word' id='word_1_690' title='bbox 869 4665 1024 4721; x_wconf 74' lang='grc' dir='ltr'><strong>Οὕτω</strong></span> <span class='ocrx_word' id='word_1_691' title='bbox 1039 4664 1366 4737; x_wconf 84' lang='grc' dir='ltr'><strong>δυσεύρητόν</strong></span> <span class='ocrx_word' id='word_1_692' title='bbox 1379 4681 1431 4719; x_wconf 90' lang='grc' dir='ltr'><strong>τι</strong></span> <span class='ocrx_word' id='word_1_693' title='bbox 1451 4667 1681 4737; x_wconf 72' lang='grc' dir='ltr'><strong>πρᾶγμα</strong></span> 
     </span>
     <span class='ocr_line' id='line_1_92' title="bbox 108 4749 1674 4830; baseline -0.003 -15"><span class='ocrx_word' id='word_1_694' title='bbox 108 4778 135 4816; x_wconf 78' lang='lat' dir='ltr'><strong>c</strong></span> <span class='ocrx_word' id='word_1_695' title='bbox 173 4759 238 4813; x_wconf 77' lang='grc' dir='ltr'><strong>τὸ</strong></span> <span class='ocrx_word' id='word_1_696' title='bbox 259 4759 360 4830; x_wconf 85' lang='grc' dir='ltr'><strong>τῆς</strong></span> <span class='ocrx_word' id='word_1_697' title='bbox 381 4758 676 4830; x_wconf 84' lang='grc' dir='ltr'><strong>παροιμίας</strong></span> <span class='ocrx_word' id='word_1_698' title='bbox 699 4756 793 4810; x_wconf 77' lang='grc' dir='ltr'><strong>καὶ</strong></span> <span class='ocrx_word' id='word_1_699' title='bbox 817 4755 964 4827; x_wconf 76' lang='grc' dir='ltr'><strong>παρὰ</strong></span> <span class='ocrx_word' id='word_1_700' title='bbox 990 4756 1101 4816; x_wconf 79' lang='grc' dir='ltr'><strong>τοῖς</strong></span> <span class='ocrx_word' id='word_1_701' title='bbox 1134 4752 1329 4818; x_wconf 75' lang='grc' dir='ltr'><strong>ἔξωθεν</strong></span> <span class='ocrx_word' id='word_1_702' title='bbox 1351 4749 1674 4810; x_wconf 79' lang='grc' dir='ltr'><strong>εἶναιδοκεῖ.</strong></span> 
     </span>
    </p>
   </div>
   <div class='ocr_carea' id='block_1_16' title="bbox 105 4844 1681 4920">
    <p class='ocr_par' dir='ltr' id='par_1_18' title="bbox 105 4844 1681 4920">
     <span class='ocr_line' id='line_1_93' title="bbox 105 4844 1681 4920; baseline -0.003 -13"><span class='ocrx_word' id='word_1_703' title='bbox 105 4870 132 4908; x_wconf 78' lang='lat' dir='ltr'><strong>c</strong></span> <span class='ocrx_word' id='word_1_704' title='bbox 175 4850 268 4906; x_wconf 77' lang='grc' dir='ltr'><strong>Διὸ</strong></span> <span class='ocrx_word' id='word_1_705' title='bbox 291 4850 384 4905; x_wconf 85' lang='grc' dir='ltr'><strong>καί</strong></span> <span class='ocrx_word' id='word_1_706' title='bbox 406 4867 489 4915; x_wconf 92' lang='grc' dir='ltr'><strong>τις</strong></span> <span class='ocrx_word' id='word_1_707' title='bbox 514 4849 622 4904; x_wconf 86' lang='grc' dir='ltr'><strong>τῶν</strong></span> <span class='ocrx_word' id='word_1_708' title='bbox 650 4848 782 4920; x_wconf 75' lang='grc' dir='ltr'><strong>παρ’</strong></span> <span class='ocrx_word' id='word_1_709' title='bbox 806 4848 987 4911; x_wconf 80' lang='grc' dir='ltr'><strong>αὐτοῖς</strong></span> <span class='ocrx_word' id='word_1_710' title='bbox 1015 4844 1212 4915; x_wconf 79' lang='grc' dir='ltr'><strong>σοφῶν,</strong></span> <span class='ocrx_word' id='word_1_711' title='bbox 1242 4847 1559 4917; x_wconf 82' lang='grc' dir='ltr'><strong>συναγαγὼν</strong></span> <span class='ocrx_word' id='word_1_712' title='bbox 1583 4848 1681 4913; x_wconf 80' lang='grc' dir='ltr'><strong>τὰς</strong></span> 
     </span>
    </p>
   </div>
   <div class='ocr_carea' id='block_1_17' title="bbox 181 5012 867 5091">
    <p class='ocr_par' dir='ltr' id='par_1_19' title="bbox 181 5012 867 5091">
     <span class='ocr_line' id='line_1_94' title="bbox 181 5012 867 5091; baseline -0.019 -13"><span class='ocrx_word' id='word_1_713' title='bbox 181 5029 244 5091; x_wconf 73' lang='grc' dir='ltr'><strong>ιῙι</strong></span> <span class='ocrx_word' id='word_1_714' title='bbox 274 5017 374 5076; x_wconf 80' lang='lat' dir='ltr'><strong>Ed.</strong></span> <span class='ocrx_word' id='word_1_715' title='bbox 410 5015 605 5081; x_wconf 64' lang='lat' dir='ltr'><strong>Paris„</strong></span> <span class='ocrx_word' id='word_1_716' title='bbox 638 5029 758 5084; x_wconf 81' lang='lat' dir='ltr'><strong>pag.</strong></span> <span class='ocrx_word' id='word_1_717' title='bbox 786 5012 867 5067; x_wconf 80' lang='lat'><strong>16.</strong></span> 
     </span>
    </p>
   </div>
   <div class='ocr_carea' id='block_1_18' title="bbox 86 5172 1668 5314">
    <p class='ocr_par' dir='ltr' id='par_1_20' title="bbox 86 5172 1668 5314">
     <span class='ocr_line' id='line_1_95' title="bbox 86 5172 1665 5255; baseline -0.005 -20"><span class='ocrx_word' id='word_1_718' title='bbox 86 5177 414 5243; x_wconf 68' lang='grc' dir='ltr'><strong>οτιιᾶίιιιπις</strong></span> <span class='ocrx_word' id='word_1_719' title='bbox 459 5184 607 5229; x_wconf 87' lang='lat' dir='ltr'><strong>recte</strong></span> <span class='ocrx_word' id='word_1_720' title='bbox 636 5180 791 5229; x_wconf 86' lang='lat' dir='ltr'><strong>:erat</strong></span> <span class='ocrx_word' id='word_1_721' title='bbox 834 5173 980 5228; x_wconf 88' lang='lat' dir='ltr'><strong>enim</strong></span> <span class='ocrx_word' id='word_1_722' title='bbox 1026 5172 1268 5255; x_wconf 80' lang='lat' dir='ltr'><strong>sophista</strong></span> <span class='ocrx_word' id='word_1_723' title='bbox 1307 5172 1665 5244; x_wconf 75' lang='lat' dir='ltr'><strong>professione,</strong></span> 
     </span>
     <span class='ocr_line' id='line_1_96' title="bbox 86 5242 1668 5314; baseline -0.008 -6"><span class='ocrx_word' id='word_1_724' title='bbox 86 5261 157 5314; x_wconf 79' lang='lat' dir='ltr'><strong>et.</strong></span> <span class='ocrx_word' id='word_1_725' title='bbox 189 5257 321 5304; x_wconf 78' lang='lat' dir='ltr'><strong>ante</strong></span> <span class='ocrx_word' id='word_1_726' title='bbox 362 5244 852 5307; x_wconf 83' lang='lat' dir='ltr'><strong>Christianismum,</strong></span> <span class='ocrx_word' id='word_1_727' title='bbox 880 5242 1058 5297; x_wconf 89' lang='lat' dir='ltr'><strong>ludum</strong></span> <span class='ocrx_word' id='word_1_728' title='bbox 1096 5258 1146 5296; x_wconf 87' lang='grc' dir='ltr'><strong>ιιι</strong></span> <span class='ocrx_word' id='word_1_729' title='bbox 1165 5243 1497 5314; x_wconf 83' lang='lat' dir='ltr'><strong>Cappadocia</strong></span> <span class='ocrx_word' id='word_1_730' title='bbox 1538 5257 1668 5312; x_wconf 86' lang='lat' dir='ltr'><strong>ape-</strong></span> 
     </span>
    </p>
   </div>
   <div class='ocr_carea' id='block_1_19' title="bbox 20 5313 1670 5520">
    <p class='ocr_par' dir='ltr' id='par_1_21' title="bbox 20 5313 1670 5520">
     <span class='ocr_line' id='line_1_97' title="bbox 20 5313 1669 5386; baseline -0.009 -6"><span class='ocrx_word' id='word_1_731' title='bbox 20 5315 25 5342; x_wconf 66' lang='lat'><strong>&#39;&#39;</strong></span> <span class='ocrx_word' id='word_1_732' title='bbox 88 5325 312 5382; x_wconf 78' lang='lat' dir='ltr'><strong>ruerat.</strong></span> <span class='ocrx_word' id='word_1_733' title='bbox 343 5313 502 5371; x_wconf 74' lang='lat' dir='ltr'><strong>M.—</strong></span> <span class='ocrx_word' id='word_1_734' title='bbox 523 5314 714 5369; x_wconf 80' lang='lat' dir='ltr'><strong>Addidi</strong></span> <span class='ocrx_word' id='word_1_735' title='bbox 744 5327 808 5368; x_wconf 82' lang='lat' dir='ltr'><strong>ex</strong></span> <span class='ocrx_word' id='word_1_736' title='bbox 838 5315 994 5369; x_wconf 87' lang='lat' dir='ltr'><strong>codd.</strong></span> <span class='ocrx_word' id='word_1_737' title='bbox 1031 5314 1105 5384; x_wconf 78' lang='grc' dir='ltr'><strong>μα</strong></span> <span class='ocrx_word' id='word_1_738' title='bbox 1143 5329 1325 5386; x_wconf 88' lang='grc' dir='ltr'><strong>αιραν,</strong></span> <span class='ocrx_word' id='word_1_739' title='bbox 1348 5313 1487 5368; x_wconf 87' lang='lat' dir='ltr'><strong>unde</strong></span> <span class='ocrx_word' id='word_1_740' title='bbox 1511 5328 1669 5381; x_wconf 82' lang='lat' dir='ltr'><strong>supra</strong></span> 
     </span>
     <span class='ocr_line' id='line_1_98' title="bbox 20 5379 1670 5520; baseline -0.004 -75"><span class='ocrx_word' id='word_1_741' title='bbox 20 5379 39 5456; x_wconf 56' lang='grc' dir='ltr'><strong>ἶ</strong></span> <span class='ocrx_word' id='word_1_742' title='bbox 88 5387 348 5520; x_wconf 39' lang='lat' dir='ltr'><strong>miras</strong></span> <span class='ocrx_word' id='word_1_743' title='bbox 364 5386 483 5443; x_wconf 87' lang='lat' dir='ltr'><strong>loco</strong></span> <span class='ocrx_word' id='word_1_744' title='bbox 501 5385 637 5457; x_wconf 74' lang='grc' dir='ltr'><strong>φασι</strong></span> <span class='ocrx_word' id='word_1_745' title='bbox 655 5383 764 5458; x_wconf 77' lang='grc' dir='ltr'><strong>γάρ</strong></span> <span class='ocrx_word' id='word_1_746' title='bbox 779 5383 992 5456; x_wconf 88' lang='lat' dir='ltr'><strong>scripsi,</strong></span> <span class='ocrx_word' id='word_1_747' title='bbox 1008 5395 1061 5439; x_wconf 91' lang='lat' dir='ltr'><strong>et</strong></span> <span class='ocrx_word' id='word_1_748' title='bbox 1076 5400 1105 5435; x_wconf 85' lang='grc' dir='ltr'><strong>τ</strong></span> <span class='ocrx_word' id='word_1_749' title='bbox 1163 5393 1285 5438; x_wconf 87' lang='lat' dir='ltr'><strong>aute</strong></span> <span class='ocrx_word' id='word_1_750' title='bbox 1307 5382 1472 5437; x_wconf 75' lang='grc' dir='ltr'><strong>τέκνα</strong></span> <span class='ocrx_word' id='word_1_751' title='bbox 1487 5398 1670 5439; x_wconf 87' lang='lat' dir='ltr'><strong>arces·</strong></span> 
     </span>
    </p>
   </div>
   <div class='ocr_carea' id='block_1_20' title="bbox 19 5523 57 5706">
    <p class='ocr_par' dir='ltr' id='par_1_22' title="bbox 19 5523 57 5706">
     <span class='ocr_line' id='line_1_99' title="bbox 19 5523 43 5558; baseline 0 0"><span class='ocrx_word' id='word_1_752' title='bbox 19 5523 43 5558; x_wconf 63' lang='grc' dir='ltr'><strong><em>Β</em></strong></span> 
     </span>
     <span class='ocr_line' id='line_1_100' title="bbox 19 5591 49 5634; baseline 0 0"><span class='ocrx_word' id='word_1_753' title='bbox 19 5591 49 5634; x_wconf 62' lang='grc' dir='ltr'><strong>δ’</strong></span> 
     </span>
     <span class='ocr_line' id='line_1_101' title="bbox 19 5663 57 5706; baseline 0 -5"><span class='ocrx_word' id='word_1_754' title='bbox 19 5663 57 5706; x_wconf 64' lang='grc' dir='ltr'><strong>β</strong></span> 
     </span>
    </p>
   </div>
   <div class='ocr_carea' id='block_1_21' title="bbox 18 5731 646 5805">
    <p class='ocr_par' dir='ltr' id='par_1_23' title="bbox 18 5731 646 5805">
     <span class='ocr_line' id='line_1_102' title="bbox 18 5731 646 5805; baseline -0.006 -8"><span class='ocrx_word' id='word_1_755' title='bbox 18 5731 200 5805; x_wconf 57' lang='grc' dir='ltr'><strong>*τος</strong></span> <span class='ocrx_word' id='word_1_756' title='bbox 246 5749 435 5793; x_wconf 88' lang='lat' dir='ltr'><strong>contra</strong></span> <span class='ocrx_word' id='word_1_757' title='bbox 487 5739 646 5794; x_wconf 89' lang='lat' dir='ltr'><strong>codd.</strong></span> 
     </span>
    </p>
   </div>
   <div class='ocr_carea' id='block_1_22' title="bbox 198 5525 1668 5600">
    <p class='ocr_par' dir='ltr' id='par_1_24' title="bbox 198 5525 1668 5600">
     <span class='ocr_line' id='line_1_103' title="bbox 198 5525 1668 5600; baseline -0.005 -13"><span class='ocrx_word' id='word_1_758' title='bbox 198 5525 291 5600; x_wconf 80' lang='lat'><strong>88)</strong></span> <span class='ocrx_word' id='word_1_759' title='bbox 329 5527 498 5599; x_wconf 73' lang='lat' dir='ltr'><strong>Vulgo</strong></span> <span class='ocrx_word' id='word_1_760' title='bbox 547 5526 862 5597; x_wconf 76' lang='grc' dir='ltr'><strong>ἀναγκαίως</strong></span> <span class='ocrx_word' id='word_1_761' title='bbox 915 5534 971 5579; x_wconf 75' lang='lat' dir='ltr'><strong>et</strong></span> <span class='ocrx_word' id='word_1_762' title='bbox 1019 5539 1143 5581; x_wconf 86' lang='lat' dir='ltr'><strong>mox</strong></span> <span class='ocrx_word' id='word_1_763' title='bbox 1188 5541 1428 5598; x_wconf 81' lang='grc' dir='ltr'><strong>παρασκ.</strong></span> <span class='ocrx_word' id='word_1_764' title='bbox 1481 5536 1668 5580; x_wconf 86' lang='lat' dir='ltr'><strong>contra</strong></span> 
     </span>
    </p>
   </div>
   <div class='ocr_carea' id='block_1_23' title="bbox 174 5598 1670 5808">
    <p class='ocr_par' dir='ltr' id='par_1_25' title="bbox 174 5598 1670 5808">
     <span class='ocr_line' id='line_1_104' title="bbox 212 5598 1018 5666; baseline -0.002 -12"><span class='ocrx_word' id='word_1_765' title='bbox 212 5603 265 5654; x_wconf 83' lang='lat' dir='ltr'><strong>d.</strong></span> <span class='ocrx_word' id='word_1_766' title='bbox 301 5599 572 5654; x_wconf 80' lang='lat' dir='ltr'><strong>Posterius</strong></span> <span class='ocrx_word' id='word_1_767' title='bbox 592 5601 699 5653; x_wconf 91' lang='lat' dir='ltr'><strong>iam</strong></span> <span class='ocrx_word' id='word_1_768' title='bbox 726 5598 832 5666; x_wconf 81' lang='lat' dir='ltr'><strong>Mp.</strong></span> <span class='ocrx_word' id='word_1_769' title='bbox 872 5611 1018 5652; x_wconf 85' lang='lat' dir='ltr'><strong>corr.</strong></span> 
     </span>
     <span class='ocr_line' id='line_1_105' title="bbox 174 5663 1670 5742; baseline -0.003 -16"><span class='ocrx_word' id='word_1_770' title='bbox 174 5668 317 5742; x_wconf 74' lang='lat'>(88‘)</span> <span class='ocrx_word' id='word_1_771' title='bbox 349 5668 457 5739; x_wconf 67' lang='lat' dir='ltr'><strong>Hp.</strong></span> <span class='ocrx_word' id='word_1_772' title='bbox 503 5685 598 5740; x_wconf 89' lang='grc' dir='ltr'><strong>γρ.</strong></span> <span class='ocrx_word' id='word_1_773' title='bbox 648 5668 852 5739; x_wconf 73' lang='grc' dir='ltr'><strong>ἐκείνη.</strong></span> <span class='ocrx_word' id='word_1_774' title='bbox 899 5666 1020 5721; x_wconf 78' lang='lat' dir='ltr'><strong>Mox</strong></span> <span class='ocrx_word' id='word_1_775' title='bbox 1048 5664 1209 5737; x_wconf 75' lang='lat' dir='ltr'><strong>vulgo</strong></span> <span class='ocrx_word' id='word_1_776' title='bbox 1232 5681 1335 5720; x_wconf 86' lang='grc' dir='ltr'><strong>που</strong></span> <span class='ocrx_word' id='word_1_777' title='bbox 1361 5663 1670 5721; x_wconf 82' lang='grc' dir='ltr'><strong>διαδεδωκό·</strong></span> 
     </span>
     <span class='ocr_line' id='line_1_106' title="bbox 700 5735 1670 5808; baseline 0.001 -17"><span class='ocrx_word' id='word_1_778' title='bbox 700 5740 794 5808; x_wconf 85' lang='lat' dir='ltr'><strong>qui</strong></span> <span class='ocrx_word' id='word_1_779' title='bbox 828 5753 912 5790; x_wconf 88' lang='grc' dir='ltr'><strong>πω</strong></span> <span class='ocrx_word' id='word_1_780' title='bbox 939 5735 1086 5791; x_wconf 89' lang='grc' dir='ltr'><strong>διακ.</strong></span> <span class='ocrx_word' id='word_1_781' title='bbox 1115 5739 1262 5791; x_wconf 86' lang='lat' dir='ltr'><strong>dant.</strong></span> <span class='ocrx_word' id='word_1_782' title='bbox 1311 5735 1480 5792; x_wconf 80' lang='lat' dir='ltr'><strong>Porro</strong></span> <span class='ocrx_word' id='word_1_783' title='bbox 1532 5741 1670 5792; x_wconf 81' lang='lat' dir='ltr'><strong>tnalc</strong></span> 
     </span>
    </p>
   </div>
   <div class='ocr_carea' id='block_1_24' title="bbox 18 5799 1670 5885">
    <p class='ocr_par' dir='ltr' id='par_1_26' title="bbox 18 5799 1670 5885">
     <span class='ocr_line' id='line_1_107' title="bbox 18 5799 1670 5885; baseline -0.006 -16"><span class='ocrx_word' id='word_1_784' title='bbox 18 5799 73 5856; x_wconf 59' lang='lat'>⁸</span> <span class='ocrx_word' id='word_1_785' title='bbox 94 5809 270 5885; x_wconf 69' lang='lat' dir='ltr'><strong>vulgo</strong></span> <span class='ocrx_word' id='word_1_786' title='bbox 287 5807 498 5882; x_wconf 77' lang='grc' dir='ltr'><strong>ἀκρῶν,</strong></span> <span class='ocrx_word' id='word_1_787' title='bbox 518 5810 660 5879; x_wconf 85' lang='lat' dir='ltr'><strong>quod</strong></span> <span class='ocrx_word' id='word_1_788' title='bbox 679 5823 746 5865; x_wconf 84' lang='lat' dir='ltr'><strong>ex</strong></span> <span class='ocrx_word' id='word_1_789' title='bbox 775 5810 898 5864; x_wconf 91' lang='lat' dir='ltr'><strong>cod.</strong></span> <span class='ocrx_word' id='word_1_790' title='bbox 928 5807 1166 5876; x_wconf 81' lang='lat' dir='ltr'><strong>correxi,</strong></span> <span class='ocrx_word' id='word_1_791' title='bbox 1187 5821 1253 5864; x_wconf 88' lang='lat' dir='ltr'><strong>ex</strong></span> <span class='ocrx_word' id='word_1_792' title='bbox 1274 5820 1380 5877; x_wconf 87' lang='lat' dir='ltr'><strong>quo</strong></span> <span class='ocrx_word' id='word_1_793' title='bbox 1400 5806 1520 5863; x_wconf 83' lang='lat' dir='ltr'><strong>dein</strong></span> <span class='ocrx_word' id='word_1_794' title='bbox 1541 5806 1670 5879; x_wconf 80' lang='grc' dir='ltr'><strong>χαλ-</strong></span> 
     </span>
    </p>
   </div>
   <div class='ocr_carea' id='block_1_25' title="bbox 391 5923 1072 5987">
    <p class='ocr_par' dir='ltr' id='par_1_27' title="bbox 391 5923 1072 5987">
     <span class='ocr_line' id='line_1_108' title="bbox 391 5923 1072 5987; baseline 0.001 -2"><span class='ocrx_word' id='word_1_795' title='bbox 391 5929 659 5987; x_wconf 74' lang='grc' dir='ltr'><strong>1·Δτι·.ι)ι..</strong></span> <span class='ocrx_word' id='word_1_796' title='bbox 692 5929 806 5987; x_wconf 67' lang='grc' dir='ltr'><strong>ϋιι.</strong></span> <span class='ocrx_word' id='word_1_797' title='bbox 844 5926 891 5984; x_wconf 73' lang='lat' dir='ltr'><em>X</em></span> <span class='ocrx_word' id='word_1_798' title='bbox 913 5924 956 5983; x_wconf 74' lang='grc' dir='ltr'><em>Χ</em></span> <span class='ocrx_word' id='word_1_799' title='bbox 967 5923 990 5983; x_wconf 85' lang='lat'><em>1</em></span> <span class='ocrx_word' id='word_1_800' title='bbox 1009 5923 1072 5986; x_wconf 69' lang='grc' dir='ltr'><strong>Γ.</strong></span> 
     </span>
    </p>
   </div>
   <div class='ocr_carea' id='block_1_26' title="bbox 1789 4570 3351 4928">
    <p class='ocr_par' dir='ltr' id='par_1_28' title="bbox 1789 4570 3351 4928">
     <span class='ocr_line' id='line_1_109' title="bbox 1790 4570 3350 4659; baseline 0.012 -35"><span class='ocrx_word' id='word_1_801' title='bbox 1790 4590 1809 4623; x_wconf 83' lang='grc' dir='ltr'><strong>ι</strong></span> <span class='ocrx_word' id='word_1_802' title='bbox 1853 4570 2013 4640; x_wconf 82' lang='lat' dir='ltr'><strong>hujus</strong></span> <span class='ocrx_word' id='word_1_803' title='bbox 2039 4573 2197 4629; x_wconf 87' lang='lat' dir='ltr'><strong>unius</strong></span> <span class='ocrx_word' id='word_1_804' title='bbox 2220 4576 2492 4644; x_wconf 86' lang='lat' dir='ltr'><strong>proverbii</strong></span> <span class='ocrx_word' id='word_1_805' title='bbox 2528 4578 2671 4632; x_wconf 91' lang='lat' dir='ltr'><strong>inter</strong></span> <span class='ocrx_word' id='word_1_806' title='bbox 2712 4595 2772 4635; x_wconf 86' lang='lat' dir='ltr'><strong>se</strong></span> <span class='ocrx_word' id='word_1_807' title='bbox 2813 4582 2865 4634; x_wconf 94' lang='lat' dir='ltr'><strong>iu</strong></span> <span class='ocrx_word' id='word_1_808' title='bbox 2895 4583 3084 4640; x_wconf 79' lang='lat' dir='ltr'><strong>eadem</strong></span> <span class='ocrx_word' id='word_1_809' title='bbox 3128 4590 3350 4659; x_wconf 74' lang='lat' dir='ltr'><strong>exposi-</strong></span> 
     </span>
     <span class='ocr_line' id='line_1_110' title="bbox 1789 4664 3351 4737; baseline 0.013 -20"><span class='ocrx_word' id='word_1_810' title='bbox 1789 4683 1808 4715; x_wconf 83' lang='grc' dir='ltr'><strong>ι</strong></span> <span class='ocrx_word' id='word_1_811' title='bbox 1851 4664 2003 4719; x_wconf 83' lang='lat' dir='ltr'><strong>tione</strong></span> <span class='ocrx_word' id='word_1_812' title='bbox 2035 4668 2398 4721; x_wconf 87' lang='lat' dir='ltr'><strong>consentiant.</strong></span> <span class='ocrx_word' id='word_1_813' title='bbox 2431 4666 2582 4725; x_wconf 70' lang='lat' dir='ltr'><strong>Adeo</strong></span> <span class='ocrx_word' id='word_1_814' title='bbox 2616 4685 2703 4724; x_wconf 88' lang='lat' dir='ltr'><strong>res</strong></span> <span class='ocrx_word' id='word_1_815' title='bbox 2730 4683 2847 4726; x_wconf 80' lang='lat' dir='ltr'><strong>erat</strong></span> <span class='ocrx_word' id='word_1_816' title='bbox 2872 4673 2960 4728; x_wconf 88' lang='lat' dir='ltr'><strong>illa</strong></span> <span class='ocrx_word' id='word_1_817' title='bbox 2995 4676 3351 4737; x_wconf 78' lang='lat' dir='ltr'><strong>inextricabi-</strong></span> 
     </span>
     <span class='ocr_line' id='line_1_111' title="bbox 1790 4758 3348 4831; baseline 0.012 -19"><span class='ocrx_word' id='word_1_818' title='bbox 1790 4780 1808 4811; x_wconf 87' lang='lat' dir='ltr'><strong>t</strong></span> <span class='ocrx_word' id='word_1_819' title='bbox 1845 4758 1914 4814; x_wconf 91' lang='lat' dir='ltr'><strong>lis</strong></span> <span class='ocrx_word' id='word_1_820' title='bbox 1943 4759 2125 4816; x_wconf 89' lang='lat' dir='ltr'><strong>habita</strong></span> <span class='ocrx_word' id='word_1_821' title='bbox 2152 4762 2294 4831; x_wconf 85' lang='lat' dir='ltr'><strong>apud</strong></span> <span class='ocrx_word' id='word_1_822' title='bbox 2324 4773 2563 4818; x_wconf 83' lang='lat' dir='ltr'><strong>exteros.</strong></span> <span class='ocrx_word' id='word_1_823' title='bbox 2592 4762 2858 4829; x_wconf 78' lang='lat' dir='ltr'><strong>Quocirca</strong></span> <span class='ocrx_word' id='word_1_824' title='bbox 2896 4771 3035 4824; x_wconf 87' lang='lat' dir='ltr'><strong>inter</strong></span> <span class='ocrx_word' id='word_1_825' title='bbox 3072 4787 3168 4828; x_wconf 83' lang='lat' dir='ltr'><strong>eos</strong></span> <span class='ocrx_word' id='word_1_826' title='bbox 3204 4789 3348 4831; x_wconf 84' lang='lat' dir='ltr'><strong>unus</strong></span> 
     </span>
     <span class='ocr_line' id='line_1_112' title="bbox 1789 4854 3345 4928; baseline 0.012 -23"><span class='ocrx_word' id='word_1_827' title='bbox 1789 4872 1811 4905; x_wconf 83' lang='grc' dir='ltr'><strong>ι</strong></span> <span class='ocrx_word' id='word_1_828' title='bbox 1849 4854 2117 4926; x_wconf 80' lang='lat' dir='ltr'><strong>sapientia</strong></span> <span class='ocrx_word' id='word_1_829' title='bbox 2150 4866 2204 4912; x_wconf 87' lang='lat' dir='ltr'><strong>et</strong></span> <span class='ocrx_word' id='word_1_830' title='bbox 2225 4856 2531 4914; x_wconf 86' lang='lat' dir='ltr'><strong>eruditione</strong></span> <span class='ocrx_word' id='word_1_831' title='bbox 2558 4868 2846 4928; x_wconf 79' lang='lat' dir='ltr'><strong>praestans,</strong></span> <span class='ocrx_word' id='word_1_832' title='bbox 2889 4864 2942 4916; x_wconf 91' lang='lat' dir='ltr'><strong>in</strong></span> <span class='ocrx_word' id='word_1_833' title='bbox 2981 4879 3152 4919; x_wconf 87' lang='grc' dir='ltr'><strong>ιιιιιιιιι</strong></span> <span class='ocrx_word' id='word_1_834' title='bbox 3175 4867 3345 4923; x_wconf 85' lang='lat' dir='ltr'><strong>colle-</strong></span> 
     </span>
    </p>
   </div>
   <div class='ocr_carea' id='block_1_27' title="bbox 1773 5169 3385 5879">
    <p class='ocr_par' dir='ltr' id='par_1_29' title="bbox 1773 5169 3344 5307">
     <span class='ocr_line' id='line_1_113' title="bbox 1773 5169 3344 5307; baseline 0.006 -83"><span class='ocrx_word' id='word_1_835' title='bbox 1773 5169 1904 5307; x_wconf 49' lang='grc' dir='ltr'><strong>ἕξις</strong></span> <span class='ocrx_word' id='word_1_836' title='bbox 1936 5185 2031 5240; x_wconf 86' lang='lat' dir='ltr'><strong>pro</strong></span> <span class='ocrx_word' id='word_1_837' title='bbox 2060 5169 2258 5242; x_wconf 83' lang='grc' dir='ltr'><strong>χαλκοῦ</strong></span> <span class='ocrx_word' id='word_1_838' title='bbox 2286 5181 2338 5227; x_wconf 92' lang='lat' dir='ltr'><strong>et</strong></span> <span class='ocrx_word' id='word_1_839' title='bbox 2370 5173 2505 5245; x_wconf 87' lang='grc' dir='ltr'><strong>πρός</strong></span> <span class='ocrx_word' id='word_1_840' title='bbox 2549 5189 2646 5244; x_wconf 88' lang='lat' dir='ltr'><strong>pro</strong></span> <span class='ocrx_word' id='word_1_841' title='bbox 2680 5172 2786 5245; x_wconf 86' lang='grc' dir='ltr'><strong>πρό</strong></span> <span class='ocrx_word' id='word_1_842' title='bbox 2812 5184 2866 5230; x_wconf 91' lang='lat' dir='ltr'><strong>et</strong></span> <span class='ocrx_word' id='word_1_843' title='bbox 2901 5190 2955 5228; x_wconf 83' lang='grc' dir='ltr'><strong>ττ</strong></span> <span class='ocrx_word' id='word_1_844' title='bbox 2985 5189 3085 5246; x_wconf 88' lang='lat' dir='ltr'><strong>pro</strong></span> <span class='ocrx_word' id='word_1_845' title='bbox 3114 5193 3199 5241; x_wconf 88' lang='grc' dir='ltr'><strong>τις</strong></span> <span class='ocrx_word' id='word_1_846' title='bbox 3226 5189 3344 5250; x_wconf 78' lang='lat' dir='ltr'><strong>posi</strong></span> 
     </span>
    </p>

    <p class='ocr_par' dir='ltr' id='par_1_30' title="bbox 1773 5309 3385 5860">
     <span class='ocr_line' id='line_1_114' title="bbox 1849 5309 3345 5393; baseline 0.007 -24"><span class='ocrx_word' id='word_1_847' title='bbox 1849 5310 1962 5382; x_wconf 79' lang='grc'><strong>(89)</strong></span> <span class='ocrx_word' id='word_1_848' title='bbox 1996 5309 2181 5393; x_wconf 56' lang='grc' dir='ltr'><strong>’ῼρᾷᾳ</strong></span> <span class='ocrx_word' id='word_1_849' title='bbox 2201 5312 2362 5380; x_wconf 71' lang='grc' dir='ltr'><strong>ὅπως</strong></span> <span class='ocrx_word' id='word_1_850' title='bbox 2380 5313 2446 5368; x_wconf 85' lang='grc' dir='ltr'><strong>τὸ</strong></span> <span class='ocrx_word' id='word_1_851' title='bbox 2465 5313 2779 5384; x_wconf 74' lang='grc' dir='ltr'><strong>δυσχερές.</strong></span> <span class='ocrx_word' id='word_1_852' title='bbox 2809 5313 2931 5372; x_wconf 79' lang='lat' dir='ltr'><strong>liaec</strong></span> <span class='ocrx_word' id='word_1_853' title='bbox 2947 5315 3015 5373; x_wconf 89' lang='lat' dir='ltr'><strong>de</strong></span> <span class='ocrx_word' id='word_1_854' title='bbox 3028 5317 3345 5381; x_wconf 77' lang='lat' dir='ltr'><strong>difficultate</strong></span> 
     </span>
     <span class='ocr_line' id='line_1_115' title="bbox 1777 5381 3345 5463; baseline 0.011 -32"><span class='ocrx_word' id='word_1_855' title='bbox 1777 5381 2196 5463; x_wconf 50' lang='lat' dir='ltr'><strong>proverbiorum</strong></span> <span class='ocrx_word' id='word_1_856' title='bbox 2224 5399 2256 5437; x_wconf 89' lang='lat' dir='ltr'><strong>a</strong></span> <span class='ocrx_word' id='word_1_857' title='bbox 2281 5398 2369 5440; x_wconf 89' lang='lat' dir='ltr'><strong>me</strong></span> <span class='ocrx_word' id='word_1_858' title='bbox 2392 5384 2523 5439; x_wconf 88' lang='lat' dir='ltr'><strong>olim</strong></span> <span class='ocrx_word' id='word_1_859' title='bbox 2578 5399 2798 5455; x_wconf 74' lang='lat' dir='ltr'><strong>accepta</strong></span> <span class='ocrx_word' id='word_1_860' title='bbox 2828 5390 2912 5442; x_wconf 83' lang='lat' dir='ltr'><strong>vir</strong></span> <span class='ocrx_word' id='word_1_861' title='bbox 2950 5389 3134 5446; x_wconf 90' lang='lat' dir='ltr'><strong>multis</strong></span> <span class='ocrx_word' id='word_1_862' title='bbox 3167 5393 3345 5449; x_wconf 87' lang='lat' dir='ltr'><strong>notul·</strong></span> 
     </span>
     <span class='ocr_line' id='line_1_116' title="bbox 1777 5452 3345 5523; baseline 0.008 -16"><span class='ocrx_word' id='word_1_863' title='bbox 1777 5453 1940 5509; x_wconf 79' lang='lat' dir='ltr'><strong>nibus</strong></span> <span class='ocrx_word' id='word_1_864' title='bbox 1984 5452 2341 5519; x_wconf 78' lang='lat' dir='ltr'><strong>clarissimus,</strong></span> <span class='ocrx_word' id='word_1_865' title='bbox 2369 5455 2614 5511; x_wconf 76' lang='lat' dir='ltr'><strong>Andreas</strong></span> <span class='ocrx_word' id='word_1_866' title='bbox 2662 5455 2943 5523; x_wconf 79' lang='lat' dir='ltr'><strong>schottus,</strong></span> <span class='ocrx_word' id='word_1_867' title='bbox 2974 5457 3203 5516; x_wconf 85' lang='lat' dir='ltr'><strong>inseruit</strong></span> <span class='ocrx_word' id='word_1_868' title='bbox 3230 5477 3345 5520; x_wconf 73' lang='lat' dir='ltr'><strong>sua</strong></span> 
     </span>
     <span class='ocr_line' id='line_1_117' title="bbox 1774 5521 3344 5600; baseline 0.009 -24"><span class='ocrx_word' id='word_1_869' title='bbox 1774 5522 2111 5593; x_wconf 70' lang='lat' dir='ltr'><strong>praefationi,</strong></span> <span class='ocrx_word' id='word_1_870' title='bbox 2143 5531 2272 5578; x_wconf 83' lang='lat' dir='ltr'><strong>ante</strong></span> <span class='ocrx_word' id='word_1_871' title='bbox 2317 5521 2612 5580; x_wconf 80' lang='lat' dir='ltr'><strong>Proverbia</strong></span> <span class='ocrx_word' id='word_1_872' title='bbox 2640 5524 2883 5591; x_wconf 84' lang='lat' dir='ltr'><strong>zenobii,</strong></span> <span class='ocrx_word' id='word_1_873' title='bbox 2921 5525 3261 5600; x_wconf 70' lang='lat' dir='ltr'><strong>Diogeniaui,</strong></span> <span class='ocrx_word' id='word_1_874' title='bbox 3286 5544 3344 5592; x_wconf 89' lang='lat' dir='ltr'><strong>et</strong></span> 
     </span>
     <span class='ocr_line' id='line_1_118' title="bbox 1773 5592 3343 5666; baseline 0.007 -19"><span class='ocrx_word' id='word_1_875' title='bbox 1773 5593 2026 5650; x_wconf 82' lang='lat' dir='ltr'><strong>aliorum.</strong></span> <span class='ocrx_word' id='word_1_876' title='bbox 2055 5592 2195 5648; x_wconf 88' lang='lat' dir='ltr'><strong>Sunt</strong></span> <span class='ocrx_word' id='word_1_877' title='bbox 2243 5604 2423 5650; x_wconf 85' lang='lat' dir='ltr'><strong>autem</strong></span> <span class='ocrx_word' id='word_1_878' title='bbox 2479 5595 2580 5649; x_wconf 84' lang='lat' dir='ltr'><strong>ista</strong></span> <span class='ocrx_word' id='word_1_879' title='bbox 2609 5597 2813 5658; x_wconf 84' lang='lat' dir='ltr'><strong>onmia,</strong></span> <span class='ocrx_word' id='word_1_880' title='bbox 2843 5610 2948 5649; x_wconf 90' lang='lat' dir='ltr'><strong>non</strong></span> <span class='ocrx_word' id='word_1_881' title='bbox 2975 5595 3215 5666; x_wconf 78' lang='lat' dir='ltr'><strong>Eusebii,</strong></span> <span class='ocrx_word' id='word_1_882' title='bbox 3249 5607 3343 5661; x_wconf 81' lang='lat' dir='ltr'><strong>sed</strong></span> 
     </span>
     <span class='ocr_line' id='line_1_119' title="bbox 1774 5662 3351 5734; baseline 0.006 -16"><span class='ocrx_word' id='word_1_883' title='bbox 1774 5662 2017 5718; x_wconf 65' lang='lat' dir='ltr'><strong>tini-cetu</strong></span> <span class='ocrx_word' id='word_1_884' title='bbox 2065 5664 2136 5719; x_wconf 85' lang='lat' dir='ltr'><strong>ab</strong></span> <span class='ocrx_word' id='word_1_885' title='bbox 2169 5662 2403 5719; x_wconf 81' lang='lat' dir='ltr'><strong>Eusebio</strong></span> <span class='ocrx_word' id='word_1_886' title='bbox 2445 5665 2662 5734; x_wconf 80' lang='lat' dir='ltr'><strong>quidem</strong></span> <span class='ocrx_word' id='word_1_887' title='bbox 2691 5665 2854 5718; x_wconf 85' lang='lat' dir='ltr'><strong>relata</strong></span> <span class='ocrx_word' id='word_1_888' title='bbox 2881 5681 2895 5716; x_wconf 89' lang='lat'>:</span> <span class='ocrx_word' id='word_1_889' title='bbox 2920 5678 3159 5723; x_wconf 81' lang='lat' dir='ltr'><strong>erratum</strong></span> <span class='ocrx_word' id='word_1_890' title='bbox 3198 5685 3286 5728; x_wconf 77' lang='lat' dir='ltr'><strong>est</strong></span> <span class='ocrx_word' id='word_1_891' title='bbox 3309 5691 3351 5728; x_wconf 75' lang='grc' dir='ltr'>ι</span> 
     </span>
     <span class='ocr_line' id='line_1_120' title="bbox 1775 5733 3385 5860; baseline 0.004 -75"><span class='ocrx_word' id='word_1_892' title='bbox 1775 5747 1882 5859; x_wconf 58' lang='lat' dir='ltr'><strong>gie,</strong></span> <span class='ocrx_word' id='word_1_893' title='bbox 1902 5735 1992 5804; x_wconf 83' lang='lat' dir='ltr'><strong>qni</strong></span> <span class='ocrx_word' id='word_1_894' title='bbox 2015 5734 2089 5858; x_wconf 55' lang='lat' dir='ltr'><strong>{lli</strong></span> <span class='ocrx_word' id='word_1_895' title='bbox 2110 5735 2317 5860; x_wconf 55' lang='grc' dir='ltr'><strong>ιιδρξιιιιὸι</strong></span> <span class='ocrx_word' id='word_1_896' title='bbox 2349 5736 2464 5788; x_wconf 84' lang='lat' dir='ltr'><strong>viro</strong></span> <span class='ocrx_word' id='word_1_897' title='bbox 2489 5733 2737 5789; x_wconf 75' lang='lat' dir='ltr'><strong>miset-&#39;tm</strong></span> <span class='ocrx_word' id='word_1_898' title='bbox 2762 5744 2833 5787; x_wconf 68' lang='lat' dir='ltr'><strong>xxx</strong></span> <span class='ocrx_word' id='word_1_899' title='bbox 2848 5734 3289 5791; x_wconf 39' lang='lat' dir='ltr'><strong>&amp;mcxx-amad&amp;</strong></span> <span class='ocrx_word' id='word_1_900' title='bbox 3307 5761 3385 5779; x_wconf 54' lang='grc' dir='ltr'><strong>ω-</strong></span> 
     </span>
    </p>

    <p class='ocr_par' dir='ltr' id='par_1_31' title="bbox 1821 5820 2337 5879">
     <span class='ocr_line' id='line_1_121' title="bbox 1821 5820 2337 5879; baseline 0.008 -20"><span class='ocrx_word' id='word_1_901' title='bbox 1821 5820 1908 5861; x_wconf 87' lang='lat' dir='ltr'><strong>etn</strong></span> <span class='ocrx_word' id='word_1_902' title='bbox 1943 5820 2012 5862; x_wconf 72' lang='grc' dir='ltr'><strong>ιιι</strong></span> <span class='ocrx_word' id='word_1_903' title='bbox 2036 5820 2104 5879; x_wconf 64' lang='lat' dir='ltr'><strong>go</strong></span> <span class='ocrx_word' id='word_1_904' title='bbox 2160 5823 2181 5859; x_wconf 84' lang='grc' dir='ltr'><strong>ι</strong></span> <span class='ocrx_word' id='word_1_905' title='bbox 2244 5820 2280 5860; x_wconf 83' lang='grc' dir='ltr'><strong>τ</strong></span> <span class='ocrx_word' id='word_1_906' title='bbox 2320 5845 2337 5863; x_wconf 93' lang='grc'><strong>.</strong></span> 
     </span>
    </p>
   </div>
   <div class='ocr_carea' id='block_1_28' title="bbox 3090 5905 3192 5961">
    <p class='ocr_par' dir='ltr' id='par_1_32' title="bbox 3090 5905 3192 5961">
     <span class='ocr_line' id='line_1_122' title="bbox 3090 5905 3192 5961; baseline 0 0"><span class='ocrx_word' id='word_1_907' title='bbox 3090 5905 3192 5961; x_wconf 57' lang='lat'><strong>⁸12.</strong></span> 
     </span>
    </p>
   </div>
  </div>
 </body>
</html>
