3692 6134
102 359 247 416 ¹007

1151 357 1240 413 nt:
1275 352 1877 418 RESURRECTIONE.
1920 393 1986 403 —
2024 362 2155 419 Lm.
2193 362 2259 420 lt.

3195 364 3330 422 1098

102 474 181 531 ab
210 473 335 545 igne
348 471 540 528 salvati
565 479 712 528 sunt.
744 471 930 529 Daniel
956 482 1135 530 autem
1165 476 1364 546 regalia
1393 477 1493 534 sibi
1522 493 1669 534 com·
1695 486 1741 544 Α
1769 485 2126 537 constantiam
2157 480 2294 554 (58).
2325 481 2569 552 praecipit
2599 495 2720 537 enm
2746 481 2945 540 induci.
2980 481 3094 540 Non
3122 496 3328 557 oporte·

102 570 277 625 missa
298 582 406 626 non
438 567 630 623 aderat
661 580 919 637 praesens.
955 567 1012 624 si
1040 569 1184 624 enim
1221 569 1506 636 adfuisset,
1528 586 1668 625 nun-

102 671 274 728 qnam
315 672 345 712 a
366 657 630 728 quadriga
656 659 829 713 bonus
852 659 1200 714 remansisset
1229 673 1423 731 equus.
1466 660 1542 715 lta
1572 676 1671 716 au-

106 757 222 804 tem
265 764 364 804 nec
407 746 697 804 derelictus
720 756 807 804 est
850 747 1032 804 Daniel
1077 749 1148 805 ob
1197 748 1670 806 comminationem

104 837 301 909 ignisa
332 837 592 895 fratribus
617 837 734 892 suis
758 848 815 892 et
833 837 1048 893 illorum
1067 839 1326 911 martyrio
1361 853 1376 890 ι
1409 841 1534 911 quia
1561 840 1668 895 fra·

100 936 221 985 tres
254 928 472 1000 quidem
506 928 627 999 ejus
663 929 717 983 in
769 929 1004 984 medium
1038 929 1325 1001 producti,
1376 930 1433 986 in
1486 941 1672 1002 aperto

100 1016 430 1088 martyrium
465 1024 784 1087 posuerunt,
830 1025 885 1072 et
929 1019 1076 1087 passi
1125 1030 1252 1074 sunt
1294 1029 1353 1075 et
1401 1020 1614 1077 liberati
1650 1037 1667 1075 ε

100 1107 303 1164 Daniel
325 1117 506 1162 autem
563 1115 685 1178 pust
714 1108 828 1164 haec
859 1116 1130 1180 praecepto
1176 1110 1473 1168 exsistente
1528 1113 1671 1183 regis

102 1197 319 1256 nullum
346 1198 546 1254 debere
579 1212 755 1268 neque
794 1198 959 1253 alium
984 1200 1215 1256 adorare
1243 1202 1443 1268 Deum,
1498 1218 1674 1275 neque

101 1305 322 1363 regem,
368 1291 475 1347 nisi
529 1289 702 1346 solum
738 1306 943 1363 regem,
973 1301 1028 1348 et
1074 1307 1233 1365 quem
1257 1295 1454 1364 putas?
1481 1295 1673 1352 Persa·

103 1398 233 1440 rum
265 1400 283 1440 ε
324 1383 437 1455 ipse
464 1392 642 1438 autem
672 1383 977 1454 ingrediens
1014 1384 1233 1441 domum
1265 1399 1442 1455 suam,
1471 1396 1671 1444 etcum

98 1482 293 1546 posset
317 1473 486 1530 latere
512 1484 568 1530 et
597 1475 809 1530 occulte
840 1475 1065 1531 adorare
1092 1475 1280 1542 Deum,
1310 1477 1486 1548 palam
1531 1480 1671 1535 ado·

102 1578 242 1623 rana
267 1580 372 1621 non
398 1565 614 1637 negavit
646 1565 984 1636 religionem,
1016 1567 1111 1624 sed
1137 1567 1325 1625 maluit
1351 1572 1524 1644 magis
1547 1586 1671 1629 esca

100 1655 229 1713 dari
262 1656 524 1721 leonibus,
555 1671 718 1727 quam
753 1657 990 1712 fraudari
1032 1673 1092 1715 se
1129 1660 1200 1716 ab
1238 1660 1558 1720 adoratione
1591 1664 1674 1720 vi-

99 1745 295 1802 ventis
318 1745 433 1802 Dei.
456 1745 575 1802 Noli
610 1747 754 1802 enim
785 1762 1048 1818 quarere,
1078 1749 1125 1807 si
1170 1749 1359 1807 Daniel
1389 1768 1497 1811 non
1524 1763 1608 1811 est
1638 1771 1668 1811 a

1770 569 1864 625 bat
1891 570 2038 625 enim
2079 570 2363 627 Dominum
2408 570 2591 627 «lesum
2631 573 2749 628 sine
2794 575 3000 628 victore
3050 576 3324 631 recedere.

1769 655 2120 714 introducens
2140 671 2317 716 autem
2352 674 2475 715 eum
2504 699 2521 724 ,
2554 659 2735 715 omnia
2766 667 3033 717 tormenta
3063 663 3330 731 movebat,

1768 754 1824 800 et
1855 753 2000 801 tants
2025 747 2116 803 uni
2149 749 2408 816 vincenti,
2441 761 2642 819 quanta
2678 752 2929 808 omnibus
2957 753 3039 808 itis
3072 752 3163 824 qul
3213 751 3331 807 fue-

1771 846 1898 891 rant
1922 847 2186 908 superati.
2217 837 2561 896 contendens
2582 841 2722 897 enim
2745 856 2815 898 ne
2834 841 3133 898 solveretur
3159 842 3331 899 ricto-

1773 928 1849 982 ria
1876 943 1971 982 sua
2004 944 2102 998 per
2125 929 2284 986 unius
2313 930 2468 987 istius
2488 932 2794 998 victoriam,
2820 941 2873 988 et
2906 943 3162 1005 reputans
3186 933 3329 1003 apud

1769 1030 1848 1081 se,
1882 1017 2007 1088 quia
2035 1028 2091 1074 et
2126 1017 2182 1074 in
2224 1020 2416 1076 stadiis
2448 1021 2569 1077 finis
2594 1023 2928 1078 currentium
2951 1021 3232 1093 quaritur,
3278 1030 3332 1078 et

1769 1108 1894 1178 quia
1922 1108 1967 1164 si
1998 1108 2099 1165 iste
2126 1108 2338 1177 vicerit,
2387 1125 2483 1166 nec
2513 1121 2574 1167 ut
2615 1111 2742 1168 victi
2772 1120 2934 1167 erunt
2972 1113 3064 1182 qui
3116 1110 3332 1168 fuerant

1771 1200 2044 1268 supet-atu
2094 1203 2351 1259 universa
2387 1204 2437 1260 ei
2491 1204 2769 1260 admoveri
2828 1213 3095 1260 tormenta
3150 1204 3325 1275 jubet.

1771 1293 1968 1349 volens
1992 1294 2138 1350 enim
2166 1293 2384 1352 flectere
2418 1295 2691 1366 juvenem,
2734 1305 2789 1352 et
2818 1296 2989 1353 oculis
3020 1299 3326 1369 torquebat,

1769 1391 1826 1439 et
1845 1383 2095 1440 dentibus
2116 1386 2441 1454 minabatur,
2464 1396 2520 1445 et
2543 1389 2792 1444 manibus
2818 1388 3177 1459 torquentium
3204 1405 3331 1447 suas

1770 1477 2122 1549 protendebat
2159 1491 2371 1542 manus,
2412 1488 2469 1533 et
2504 1481 2573 1535 ab
2608 1479 2725 1551 ipsa
2763 1482 2842 1536 ira
2886 1481 3048 1538 etiam
3088 1482 3156 1539 de
3201 1481 3330 1539 sede

1772 1563 2090 1618 movebatur
2117 1579 2235 1620 sua.
2284 1562 2418 1621 Cum
2460 1573 2642 1622 autem
2687 1565 3040 1639 fatigarentur
3064 1578 3325 1642 torquen-

1774 1661 1876 1718 tes,
1908 1663 1963 1708 et
1988 1668 2093 1711 non
2118 1657 2338 1712 cederet
2358 1655 2449 1727 qui
2483 1656 2854 1728 torquebatur,
2881 1667 3044 1730 atque
3080 1661 3329 1718 obtusum

1772 1750 1828 1797 et
1853 1740 2120 1798 deflexam
2136 1725 2334 1800 fuisset
2359 1743 2586 1812 fert-um,
2615 1760 2721 1802 non
2750 1755 2834 1802 est
2858 1746 3031 1804 flexus
3057 1749 3147 1818 qui
3180 1751 3335 1806 rade·

100 1838 356 1897 leonibus
374 1839 781 1896 comestustsed
797 1840 922 1910 quia
941 1842 1513 1913 proposuitsecomedi
1532 1845 1666 1918 (52),
1698 1821 1742 1878 Β
1771 1833 1948 1888 batur.
1996 1833 2132 1890 Cum
2187 1835 2299 1906 jam
2354 1836 2499 1891 nulla
2557 1839 2868 1895 adinventio
2946 1849 3336 1897 tormentorum

102 1932 219 1991 hoc
242 1931 486 1987 adverte.
510 1928 619 1987 Nec
649 1932 774 2001 quia
811 1946 919 1987 non
948 1932 1287 2004 consumpsit
1317 1932 1531 1990 flamma
1560 1945 1670 1992 tres

1769 1920 1959 1978 fuisset
1974 1923 2246 1989 derelicta,
2260 1927 2484 1996 cupiens
2498 1929 2855 1985 constantiam
2872 1944 3031 1987 suam
3058 1932 3341 1991 ostendero

104 2022 237 2081 5120,
268 2036 466 2095 puero,
497 2022 687 2079 misso,
719 2022 775 2078 fin
798 2022 1067 2079 mmmm
1099 2022 1236 2094 igni,
1259 2023 1499 2081 ,meum
1518 2064 1535 2092 ‚
1574 2027 1670 2083 ,ω
1768 2012 2165 2080 Dominimiles,
2183 2015 2378 2071 emittit
2394 2018 3075 2090 vocemdicenstcurjam‚
3095 2032 3338 2096 tyranne,

102 2114 239 2185 quia
262 2114 359 2184 ipsi
392 2113 692 2170 holocausti
719 2112 848 2169 facti
877 2123 1006 2170 sunt
1032 2112 1148 2186 (55)
1177 2123 1437 2184 quantum
1463 2115 1532 2172 ad
1558 2116 1674 2172 ala·

104 2206 361 2265 critatem
383 2220 556 2261 suam.
578 2204 692 2261 Non
716 2206 860 2265 enim
893 2206 962 2263 ab
987 2207 1135 2262 exitu
1158 2205 1420 2278 ludicium
1447 2216 1550 2273 est,
1576 2208 1673 2266 sed

105 2298 185 2356 ab
214 2296 494 2354 alacritate
503 2311 735 2354 coronae.
753 2297 861 2368 Ego
878 2309 1056 2355 autcm
1077 2299 1216 2368 dico,
1229 2299 1320 2371 qui
1346 2300 1467 2358 ideo
1480 2300 1673 2358 salvati

104 2397 245 2448 aunt
287 2398 435 2455 tune,
489 2398 547 2446 et
591 2388 775 2444 Daniel
823 2403 855 2445 a
902 2388 1168 2458 leonibus,
1210 2399 1267 2446 et
1297 2399 1409 2447 tres
1452 2392 1600 2462 pueri
1644 2408 1674 2448 a

108 2478 331 2535 flamma
385 2478 528 2550 ignis
570 2479 854 2547 ardentis;
912 2493 1019 2534 nou
1076 2489 1298 2551 propter
1346 2479 1676 2537 alacritatem

110 2585 305 2628 corum
331 2569 422 2641 qui
456 2569 651 2626 salvati
693 2578 839 2635 sunt,
897 2570 994 2626 sed
1040 2580 1265 2642 propter
1307 2571 1678 2630 infirmitatem

114 2662 336 2719 illorum
370 2659 463 2731 qui
491 2662 856 2715 adoraverunt
909 2660 1221 2734 imaginem.
1259 2660 1328 2719 Ut
1377 2662 1523 2719 enim
1571 2679 1678 2721 non

110 2752 359 2811 dicerent
385 2750 476 2822 qui
516 2751 896 2819 adoraverunt,
932 2752 1074 2821 Quid
1104 2752 1302 2825 profuit
1329 2753 1410 2811 eis
1432 2756 1523 2827 qui
1572 2772 1681 2813 non

108 2843 522 2905 adoraverant?
548 2860 616 2898 ue
639 2845 707 2899 ab
739 2844 887 2900 exitu
945 2845 1178 2901 incendii
1209 2860 1398 2902 eorum
1450 2849 1540 2918 qui
1571 2864 1680 2907 non

20 2952 39 2961 -
98 2934 500 3015 adoraverunt,
540 2931 968 2989 satisfactionem
1011 2933 1124 3009 (5⁴)
1154 2936 1253 2992 sibi
1300 2939 1686 3010 conquirerent

112 3024 423 3097 irreligiosa
442 3034 683 3098 agentes,
721 3026 841 3082 ideo
869 3026 1059 3083 salvati
1093 3036 1218 3083 sunt
1237 3028 1330 3099 qui
1360 3043 1465 3086 non
1487 3028 1685 3086 adora-

1773 2119 1879 2162 non
1899 2105 2118 2162 cessas!
2136 2105 2422 2163 confessus
2446 2120 2566 2162 sum
2593 2122 2689 2178 per
2707 2122 2771 2164 os
2802 2123 2987 2165 verum
3008 2125 3129 2167 esse
3158 2128 3337 2185 regem

1770 2195 2071 2252 Christum.
2100 2194 2277 2253 Iudex
2300 2206 2482 2254 autem
2506 2196 2759 2268 injuriam
2792 2199 2846 2254 in
2882 2203 3224 2272 tyrannidem
3255 2205 3339 2260 di·

1773 2299 1916 2347 ctam
1950 2304 2059 2347 non
2101 2286 2391 2357 sufferens,
2445 2289 2679 2347 convicit
2707 2291 2924 2361 quidem
2969 2306 3050 2359 ae,
3084 2299 3142 2349 et
3187 2309 3347 2350 com-

1775 2381 2048 2439 mendavit
2075 2391 2368 2453 martyrem
2396 2379 2594 2438 Christi
2626 2398 2640 2437 :
2672 2385 2797 2455 quia
2825 2383 2947 2441 idco
2970 2383 3085 2440 baec
3108 2399 3207 2456 pro
3241 2402 3337 2441 ve·

1776 2489 1839 2530 ro
1873 2466 2001 2545 rege
2027 2473 2249 2544 patitur,
2272 2473 2362 2544 qui
2404 2474 2478 2530 ita
2509 2473 2579 2531 de
2607 2477 2820 2533 mortali
2848 2490 3013 2534 ausus
3046 2488 3130 2533 est
3162 2478 3330 2549 loqui.

1775 2562 2070 2634 Propterea
2100 2562 2258 2632 jubet
2302 2577 2425 2621 eum
2467 2564 2576 2637 igni
2610 2564 2750 2623 tradi
2771 2604 2791 2635 ,
2823 2581 3077 2625 coronam
3122 2571 3336 2626 coronis

1778 2655 2130 2726 conjungens.
2173 2655 2241 2712 Et
2285 2656 2409 2713 ideo
2452 2659 2563 2715 cito
2609 2657 2944 2717 efficiebatur
2989 2672 3335 2733 praeceptum.

1780 2747 2111 2820 Eiiciebatur
2132 2748 2276 2804 enim
2309 2746 2588 2808 Romanus
2623 2747 2778 2807 letus
2803 2760 2858 2807 et
2888 2760 3174 2809 coronatus
3209 2767 3335 2810 san-

1781 2839 1965 2911 guine,
2000 2837 2228 2910 insignia
2262 2836 2319 2894 in
2350 2837 2611 2895 lateribus
2639 2840 2847 2896 habens
2870 2855 2990 2910 quae
3036 2856 3137 2912 pro
3199 2843 3340 2899 reri·

1783 2940 1897 2987 tate
1923 2928 2102 2987 fuerat
2130 2941 2326 3001 passus
2356 2942 2372 2982 ε
2409 2936 2631 3000 portans
2667 2929 2863 3000 quippe
2899 2939 2954 2984 et
3002 2930 3055 2985 in
3098 2932 3338 2990 humeris

1783 3034 1998 3077 crucem
2026 3060 2044 3086 ,
2084 3030 2140 3077 et
2183 3019 2239 3076 in
2295 3018 2476 3076 fronte
2523 3019 2736 3090 signum
2776 3018 2973 3090 regale.
3004 3019 3138 3076 Cum
3161 3030 3339 3077 autem

115 3127 343 3181 verunt,
382 3122 443 3173 at
476 3132 585 3172 non
630 3127 1010 3185 permanerent
1045 3119 1243 3175 mortui
1274 3120 1367 3192 qui
1424 3120 1682 3177 adorave·
1707 3146 1752 3209 c
1784 3112 2151 3168 adunarentur
2197 3119 2467 3167 sarmenta
2509 3119 2566 3167 et
2599 3123 2823 3177 eannae,
2881 3109 2951 3165 ad
2999 3110 3339 3167 velocitatem

122 3215 277 3267 ruat·
307 3204 427 3279 lpse
452 3206 571 3279 (55)
597 3208 742 3264 euim
781 3206 925 3264 Deus
945 3218 1030 3266 est
1061 3209 1245 3266 Daniel
1289 3213 1561 3268 ethorum
1590 3211 1683 3283 qui
1784 3213 1966 3273 utpote
2008 3201 2275 3269 flammat,
2326 3202 2407 3257 vel
2459 3202 2602 3273 quod
2649 3202 2757 3274 igni
2811 3210 2934 3272 apta
2987 3199 3241 3259 videntur
3274 3204 3341 3256 ad

126 3298 191 3357 in
240 3299 511 3373 martyriis
560 3310 953 3358 consumuntur
993 3317 1024 3356 a
1079 3300 1228 3359 feris.
1268 3302 1376 3360 Sed
1413 3318 1520 3359 non
1571 3303 1688 3376 ipse

122 3388 361 3463 popolus
386 3404 407 3445 ι
429 3391 502 3447 ab
522 3390 817 3447 incredibili
857 3390 970 3462 (56)
995 3391 1139 3447 enim
1180 3391 1377 3464 populo
1404 3391 1688 3450 salvaban-

124 3492 223 3541 tar
244 3480 339 3554 qui
362 3480 521 3540 fldem
547 3483 967 3551 confitebantur,
1003 3494 1063 3539 ιιι
1083 3497 1191 3541 non
1209 3485 1559 3543 incredulitas
1592 3501 1692 3558 po·

122 3574 239 3649 poli
260 3583 582 3646 augeret-r:
618 3588 647 3627 a
673 3573 810 3628 fideli
832 3582 1011 3630 autem
1039 3573 1211 3645 plebe,
1236 3583 1297 3631 ut
1315 3585 1524 3633 crescat
1556 3576 1691 3634 fldea

126 3668 189 3723 ἰι
226 3666 486 3738 sangnine
517 3674 852 3733 sanctorum,
883 3666 1085 3723 veritas
1112 3668 1361 3723 firmatur
1380 3666 1680 3740 Evangelii.

126 3744 401 3815 usnemu
425 3767 608 3813 autem
638 3764 694 3812 et
721 3771 838 3825 nos,
861 3756 986 3827 quia
1023 3767 1078 3814 et
1101 3758 1364 3816 mirabilia
1396 3758 1537 3816 facta
1567 3770 1695 3817 sunt

128 3848 189 3903 i·
214 3844 592 3918 languentibus
635 3845 792 3902 locis.
833 3846 1060 3914 Quidam
1088 3849 1233 3904 enim
1267 3863 1298 3904 a
1334 3848 1465 3906 feris
1495 3851 1691 3908 salvati

128 3944 281 4003 sut,
303 3937 430 4007 quia
452 3936 775 4008 languebant
795 3935 909 3991 loca
942 3936 996 3992 in
1021 3936 1218 4007 quibus
1247 3946 1303 3994 et
1325 3940 1503 4008 passio
1549 3956 1696 3996 mar·

131 4036 311 4101 tyrum
333 4028 684 4099 agitabatur:
718 4027 807 4080 alii
834 4027 902 4081 ab
929 4027 1051 4099 igne
1078 4029 1288 4085 liberati
1309 4039 1455 4085 sunt.
1491 4030 1694 4101 Siquis

133 4127 315 4175 autem
345 4133 453 4174 nott
486 4120 677 4183 credit,
719 4129 774 4174 et
796 4120 1059 4174 rationem
1082 4121 1359 4192 exposcit;
1390 4122 1523 4178 nibil
1564 4136 1692 4193 pro·

24 4218 33 4238 ·
132 4206 285 4265 hebet
310 4207 543 4281 religiosi
566 4211 723 4266 unius
754 4210 1066 4266 memoriam
1088 4225 1186 4267 nos
1217 4222 1475 4282 repetere.
1499 4222 1553 4269 et
1568 4228 1695 4283 pro-

132 4302 281 4359 ferro
313 4303 367 4357 in
394 4301 651 4357 medium.
693 4302 747 4357 ln
789 4301 1248 4359 Antiochenorum
1291 4303 1381 4361 illa
1415 4305 1551 4362 urbo
1581 4303 1692 4361 Ro·

40 4402 51 4421 ·
134 4406 332 4449 manus
351 4391 568 4462 quidam
590 4393 795 4447 exstitit
819 4402 1040 4464 martyr.
1064 4390 1170 4448 iste
1195 4394 1507 4464 peregrinus
1532 4393 1697 4450 adve-

1785 3287 2173 3355 iticembm‚
2215 3289 2587 3360 imponebatur
2608 3298 2789 3346 autem
2825 3289 3013 3346 vivens
3046 3289 3342 3345 immolatio

1786 3382 1841 3439 in
1887 3383 2012 3452 igne
2057 3381 2194 3456 (59).
2238 3380 2364 3439 llaec
2412 3395 2535 3438 cum
2570 3382 2642 3437 ita
2673 3391 2981 3453 agerentur,
3033 3394 3141 3436 non
3189 3379 3345 3452 longe

1786 3480 1964 3529 autem
2012 3473 2226 3529 abesset
2269 3471 2482 3538 civitas,
2535 3479 2593 3527 ut
2625 3480 2913 3527 testaretur
2966 3470 3229 3528 veritatl=
3284 3479 3342 3527 et

1786 3565 1926 3620 forte
1984 3564 2109 3634 quia
2162 3564 2379 3636 quidam
2439 3563 2507 3620 de
2552 3561 2752 3620 «iudeis
2803 3572 2897 3618 aut
2950 3562 3041 3619 alii
3094 3564 3341 3619 homines

1787 3657 2057 3724 dicebant,
2096 3657 2188 3713 ubi
2218 3664 2311 3714 est
2336 3655 2528 3712 horum
2576 3654 2750 3712 beust
2787 3655 2927 3712 forte
2960 3651 3342 3727 proferentium

1791 3744 2100 3803 <ludaeorum
2132 3756 2244 3802 tres
2281 3759 2497 3817 pueros,
2526 3754 2582 3802 et
2610 3745 2926 3813 dicentium,
2959 3745 3083 3815 quia
3117 3744 3219 3800 sub
3250 3760 3347 3800 noa

1789 3836 2137 3893 salvabantur
2164 3851 2195 3893 a
2234 3836 2449 3894 flamma
2488 3836 2724 3893 fornacis
2750 3836 3016 3902 ardentis,
3052 3836 3142 3892 isti
3169 3844 3344 3892 autem

1790 3931 2019 3985 ardent:
2049 3931 2197 4001 atqui
2222 3930 2345 3986 coeli
2375 3930 2528 4000 jubet
2554 3931 2817 3986 Dominus
2846 3930 3076 3987 nubibus
3098 3931 3346 3987 coronari

1790 4021 2008 4077 colom.
2048 4021 2358 4094 Adimplens
2402 4031 2582 4078 autem
2630 4020 2782 4077 sinus
2826 4022 3046 4078 nubium
3085 4023 3348 4094 grandine

1792 4123 1848 4168 et
1886 4113 2061 4169 imbre
2105 4113 2390 4169 admodum
2429 4113 2755 4178 vehementi,
2807 4122 2864 4168 et
2918 4113 3124 4169 addens
3159 4124 3348 4169 ventos

1794 4204 1863 4261 ad
1917 4204 2156 4261 velocem
2206 4202 2554 4261 emissionem
2601 4219 2787 4261 eornm
2833 4221 2849 4260 z
2907 4218 3078 4274 neque
3131 4207 3348 4260 accendi

1795 4295 2064 4352 flammam
2087 4298 2371 4368 permittit,
2406 4297 2865 4353 vehementiorem
2886 4297 3181 4352 ostendens
3214 4296 3350 4351 hanc

1798 4391 2074 4457 virtutem,
2126 4406 2288 4463 qnam
2348 4391 2489 4461 apud
2538 4387 2900 4461 Babyloniam.
2954 4387 3065 4443 lllic
3122 4388 3265 4443 enim
3319 4402 3351 4442 e

135 4490 293 4541 serat
320 4481 430 4537 illo.
464 4482 597 4536 Cum
633 4481 1020 4553 autemjactari
1058 4498 1088 4537 a
1121 4482 1527 4553 tempestatibus
1552 4481 1695 4538 illam
1726 4488 1771 4545 n
1798 4479 2012 4536 flamma
2049 4488 2162 4538 tres
2197 4494 2391 4552 pueros
2425 4478 2676 4536 liberavit
2704 4492 2721 4533 ε
2755 4478 2879 4536 istic
2908 4487 3088 4532 autem
3131 4491 3197 4532 ne
3229 4478 3350 4546 qni-

136 4581 269 4629 unc
300 4572 502 4628 videret
529 4568 799 4628 civitatem
852 4572 1154 4642 (invenerat
1178 4575 1320 4631 enim
1346 4574 1460 4645 jam
1499 4575 1697 4630 multos

50 4678 57 4703 ²
134 4663 340 4720 milites
368 4667 632 4723 cecidisse
680 4666 995 4740 Ecclesiae),
1034 4684 1143 4727 non
1194 4679 1280 4726 est
1321 4685 1516 4741 passus
1565 4671 1698 4727 dare

24 4788 31 4805 .
131 4756 354 4811 diabolo
378 4766 438 4812 ut
458 4758 751 4816 exsultaret
785 4777 800 4812 :
829 4762 924 4817 sed
960 4761 1323 4817 exsultantem
1348 4762 1588 4833 judicem
1628 4764 1696 4819 de

42 4854 53 4869 ²
132 4845 225 4903 his
255 4846 346 4916 qui
370 4846 585 4904 fuerant
606 4851 844 4919 superati
871 4851 1204 4922 aggreditur,
1231 4853 1337 4906 vim
1367 4850 1579 4908 faciens
1604 4866 1693 4906 re-

24 4946 47 4977 ν’
128 4953 245 5009 gno
267 4951 395 4993 vero
425 4951 575 5009 rapto
595 4940 708 5012 (57)
750 4958 765 4997 :
814 4953 868 4999 et
892 4943 1019 4999 dicit
1051 4961 1066 4998 z
1093 4941 1208 4999 Non
1249 4942 1469 5000 recedes
1517 4942 1694 4999 laetns.

130 5029 319 5087 Habet
349 5031 492 5086 enim
523 5030 668 5088 Deus
694 5034 894 5091 milites
925 5035 1017 5105 qui
1048 5034 1292 5106 superari
1314 5050 1421 5090 nun
1450 5043 1695 5105 possunt.

124 5119 312 5177 ludex
336 5129 516 5175 autem
542 5121 723 5177 ebrius
756 5123 809 5178 in
866 5124 1088 5179 victoria
1135 5138 1322 5180 eorum
1367 5125 1458 5194 qui
1489 5122 1703 5179 fuerant

128 5213 400 5284 superati,
433 5225 500 5268 ex
551 5211 763 5269 illorum
792 5214 1163 5271 imbecillitate
1214 5216 1491 5272 aestimans
1529 5216 1702 5272 sancti

88 5360 105 5391 ·’
209 5363 328 5439 (52)
358 5362 632 5434 Proposuit
653 5382 708 5421 se
727 5368 948 5423 comedi.
975 5366 1177 5438 Sponte
1218 5383 1278 5425 ιο
1304 5367 1497 5424 obtulit
1530 5365 1698 5423 leoni.

128 5437 242 5494 bus
263 5439 582 5490 vorandum.

210 5503 327 5576 (55)
378 5502 684 5559 Holocausti
714 5505 861 5574 sacti.
903 5505 1249 5562 Ὀλοκαυστοῑ
1284 5507 1336 5561 id
1363 5515 1450 5561 est
1488 5505 1702 5575 penitus

126 5576 467 5659 consumpti.
486 5586 542 5630 et
561 5577 870 5631 holocausta
889 5577 1037 5642 facti,
1066 5579 1111 5632 si
1126 5587 1339 5648 spectes
1358 5575 1570 5630 illorum
1588 5575 1704 5630 ala-

126 5654 790 5787 fflcgssmgbcissaceionm.
821 5715 1133 5783 Ἀπολογίαν
1155 5729 1312 5784 supra
1337 5713 1439 5772 col.
1461 5712 1614 5771 ¹⁰95.
1636 5712 1698 5769 Β.

211 5796 231 5859 (
366 5788 502 5853 ipse.
526 5783 632 5837 i’ro
659 5785 812 5839 idean.

461 5879 714 5943 Parnoi.
758 5881 1121 5944 fimxxtv.

1800 4574 1921 4629 dem
1968 4573 2187 4628 accendi
2227 4570 2456 4627 ssamtnae
2494 4585 2813 4628 eoncessum
2857 4577 2962 4625 est.
3013 4567 3098 4622 Fit
3145 4567 3351 4623 turbela

1801 4679 1908 4720 non
1941 4663 2073 4720 levis
2108 4681 2125 4719 τ
2176 4663 2489 4718 nuntiantur
2522 4662 2635 4735 (60)
2672 4672 2902 4736 tyranno
2948 4659 3074 4730 quia
3117 4668 3354 4728 martyre

1801 4755 2003 4814 tradito
2031 4755 2138 4827 igni
2163 4754 2360 4812 eoelum
2389 4754 2724 4827 indignatum
2753 4762 2856 4820 est,
2890 4761 2945 4807 et
2966 4751 3091 4823 quia
3116 4751 3353 4807 coeiestis

1800 4863 1896 4905 rex
1923 4862 2050 4904 suos
2077 4846 2167 4919 qui
2204 4846 2258 4902 in
2301 4855 2446 4902 terra
2485 4846 2752 4902 habentur
2777 4844 3039 4899 defendit.
3074 4842 3199 4898 llaec
3226 4857 3348 4897 cum

1798 4939 2038 4995 audisset
2062 4949 2343 5010 tyrannus,
2361 4947 2416 4991 et
2437 4951 2561 4991 eum
2588 4934 2742 4991 valde
2765 4934 3019 5003 iniuriam
3044 4934 3354 4991 defenderet

1800 5042 1955 5084 suam
1978 5027 2174 5084 factam
2202 5042 2297 5098 per
2319 5027 2581 5098 linguam,
2610 5027 2764 5097 jubet
2783 5027 2952 5096 ludici
2983 5024 3096 5095 jam
3126 5039 3230 5079 non
3259 5024 3352 5077 de·

1800 5123 1932 5178 bere
1954 5121 2163 5192 jurgari
2186 5136 2308 5177 eum
2339 5120 2406 5177 ad
2430 5118 2622 5181 Deum.
2648 5120 2743 5176 sed
2772 5120 2935 5191 istum
2962 5132 3119 5180 ouem
3153 5115 3349 5171 libera·

1805 5216 1884 5271 vit
1918 5215 2062 5272 Deus
2092 5214 2290 5271 dimitti
2327 5213 2542 5270 debere.
2590 5212 2656 5267 Et
2702 5221 2882 5268 noster
2919 5213 3083 5279 igitur
3112 5205 3352 5263 Ananias

1887 5366 1957 5423 56
2008 5365 2335 5423 Incredibili.
2358 5364 2462 5421 Pro
2490 5364 2779 5419 incredulo.

1890 5438 1956 5493 57
2015 5436 2187 5506 Regno
2214 5450 2329 5489 nero
2358 5442 2529 5500 rapto.
2573 5434 2727 5502 Quod
2757 5432 2969 5488 uiolenti
3008 5430 3243 5500 rapiunt,
3298 5439 3354 5485 ut

1797 5507 1999 5565 dicitnr
2019 5505 2206 5560 Uatth.
2245 5518 2323 5570 ιι,
2370 5504 2454 5558 ¹2.

1866 5576 1959 5643 (58
2012 5573 2111 5630 lis.
2142 5572 2439 5630 AEstintmts
2464 5572 2613 5639 sortis
2631 5571 3001 5628 constantiam.

1868 5647 1959 5718 (59
2011 5644 2115 5700 Es.
2149 5643 2517 5713 Imponebntar
2539 5642 2707 5698 visens
2733 5643 3027 5696 immolatio
3053 5638 3107 5695 itt
3136 5639 3276 5710 igne.

1869 5714 1963 5789 (⁶0
2025 5712 2376 5772 Nuntisntttr.
2416 5711 2577 5770 Forte
2609 5714 2901 5770 nuntiatur.

3005 5868 3106 5922 'its
