3692 6134
365 349 472 409 499

1030 339 1301 399 sussen
1336 336 1811 397 CAEsmmsts
1846 336 1997 394 OPP.
2041 333 2224 391 mss
2255 330 2346 387 tu.
2385 312 2456 373 ’-
2490 326 2902 387 ΕιεοετιοΑ.

3501 326 3620 389 mo·

368 468 484 536 tpse
530 472 660 517 vero
709 455 968 512 Dominus
994 463 1099 521 est,
1129 453 1221 525 qui
1248 464 1299 511 te
1336 463 1577 509 sanctam
1601 451 2007 528 Ecclesiam,qA
2034 446 2195 511 αὐτὸς
2218 444 2276 499 δὲ
2301 445 2331 498 ὁ
2355 442 2562 514 Κύριος
2588 441 2688 514 τὴν
2721 437 2920 494 ἑαυτοῦ
2948 437 3165 511 νύμφην
3204 437 3517 507 ἅπολαὸὼν,
3547 446 3612 498 σὲ

366 550 624 624 perfectis
681 545 939 604 membris
998 553 1366 611 constantem,
1396 560 1464 600 ex
1514 544 1696 617 prisco
1740 555 1936 612 nempe

371 642 571 715 populo
598 649 653 697 et
688 640 792 695 hoc
830 651 971 693 noro
1006 651 1075 693 ex
1113 637 1364 706 gentibus
1400 634 1642 703 coeunti,
1678 635 1731 691 in
1764 649 1932 705 spon-

367 716 747 806 sam-accepit.
789 731 992 790 Deinde
1038 730 1337 787 Ecclesiam
1382 731 1556 801 ipsam
1587 729 1922 800 alloquitur:

367 827 539 898 liujus
585 826 679 881 lilii
731 824 1025 881 secundum
1064 837 1282 878 carnem
1323 819 1542 877 suerunt
1568 820 1734 875 divini
1763 818 1930 875 disci-

364 918 501 992 puli,
529 918 621 991 qui
664 929 931 974 summam
977 927 1112 984 erga
1156 913 1331 983 ipsam
1379 912 1707 968 charitatem
1741 922 1929 965 serva-

366 1020 528 1079 runt;
577 1010 654 1066 ita
708 1016 771 1064 ut
823 1006 912 1062 illa
963 1005 1183 1063 dilectio
1223 1003 1420 1062 similis
1461 1001 1713 1059 videatur
1748 1000 1799 1057 ei
1826 1015 1932 1073 qua

365 1100 590 1158 affectus
619 1107 702 1156 est
727 1097 944 1170 juvenis
964 1110 1090 1154 cum
1118 1094 1328 1165 virgine
1351 1092 1626 1149 habitans.
1657 1088 1749 1147 Sic
1783 1089 1935 1145 taeta-

364 1191 516 1247 bitur
570 1188 833 1245 Dominus
882 1201 1049 1258 super
1087 1193 1166 1252 te,
1214 1182 1671 1256 quemadmodum
1703 1193 1934 1252 sponsus

361 1296 530 1352 super
564 1291 783 1350 sponsa.
821 1275 1034 1333 Etenim
1059 1275 1129 1331 de
1176 1273 1320 1332 coelo
1347 1272 1633 1330 descendit
1683 1272 1933 1356 unigeni-

366 1381 480 1428 tum
521 1369 616 1428 Dei
645 1368 905 1436 Verbum,
936 1374 997 1424 ut
1022 1365 1365 1424 fructiferam
1394 1365 1710 1424 ostenderet
1741 1364 1933 1422 Eccle-

362 1464 524 1532 siam,
569 1447 732 1533 quam
781 1460 898 1532 ipse
942 1459 1047 1517 sibi
1094 1458 1363 1532 virginem
1419 1465 1630 1515 castam
1668 1457 1932 1524 admovit,

362 1570 471 1611 non
501 1554 793 1611 habentem
820 1552 1091 1609 maculam
1131 1565 1309 1623 neque
1342 1548 1590 1619 sordem,
1617 1549 1727 1606 imo
1755 1550 1933 1621 potius

368 1652 612 1701 sanctam
635 1651 694 1699 et
727 1640 1152 1699 immaculatam.
1199 1639 1284 1696 Ab
1314 1638 1409 1695 illo
1442 1637 1613 1710 igitur
1634 1637 1931 1710 evangelici

366 1735 607 1793 instituti
643 1734 853 1790 semina
886 1731 1193 1803 accipiens..
1218 1729 1593 1801 spiritualibus
1640 1730 1929 1787 sacrificiis

364 1836 422 1885 et
458 1828 664 1886 sanctis
693 1826 949 1898 operibus
968 1824 1262 1898 fulgentem
1288 1837 1542 1895 sponsam
1568 1821 1832 1878 exhibuit.

432 2002 598 2061 Vns.
631 2002 748 2060 6-8.
788 2020 810 2055 c
833 2001 900 2059 Et
944 2015 1109 2072 super
1151 2009 1340 2057 muros
1396 2008 1542 2066 tuos,
1600 1998 1929 2070 Jerusalem,

359 2089 617 2150 constitui
644 2089 895 2146 custodes
923 2096 1034 2145 tnta
1064 2087 1157 2146 die
1203 2099 1260 2144 et
1293 2097 1404 2146 tota
1444 2097 1625 2155 nocte,
1662 2090 1756 2162 qui
1789 2106 1931 2148 nun-

357 2197 522 2255 quam
564 2180 839 2248 tacebunt,
880 2192 1151 2238 memores
1194 2175 1430 2237 Domini.
1492 2177 1613 2237 Nou
1656 2187 1742 2236 est
1783 2180 1931 2238 enim

357 2272 519 2332 vobis
553 2271 767 2339 similis,
800 2271 849 2327 si
882 2269 1145 2344 corrigat,
1180 2279 1238 2326 et
1259 2269 1426 2326 saciat
1456 2269 1763 2329 Jerusalem
1796 2287 1930 2343 gau-

355 2362 587 2423 diam'in
617 2372 778 2419 terra.
811 2359 1023 2417 suravtt
1059 2360 1323 2416 Dominus
1353 2374 1453 2432 per
1492 2360 1721 2432 gloriam
1749 2377 1928 2429 suam,

357 2458 417 2508 et
442 2463 541 2522 per
565 2446 938 2506 tortitudinem
968 2446 1181 2503 brachii
1204 2448 1310 2503 sui.
1332 2466 1352 2502 »
1380 2445 1520 2505 Olim
1552 2450 1753 2523 quippe
1777 2461 1930 2523 gesta

358 2549 491 2598 sunt
520 2538 647 2607 ista,
674 2551 798 2594 cum
846 2536 1081 2592 fructum
1111 2551 1269 2592 suum
1300 2537 1355 2592 in
1383 2537 1569 2594 cibum
1597 2538 1794 2597 darent
1825 2542 1929 2597 iui-

359 2630 520 2687 micis
570 2628 686 2697 Dei,
732 2628 787 2684 id
827 2635 1068 2702 agentes,
1108 2627 1166 2686 id
1212 2637 1490 2702 curantes,
1523 2640 1582 2690 ut
1628 2642 1781 2708 gesta
1830 2650 1928 2692 aua

361 2720 706 2779 daemonibus
747 2734 873 2776 esca
928 2729 1132 2778 essent.
1182 2718 1302 2778 Jam
1346 2737 1478 2778 vero
1516 2721 1605 2790 iis,
1637 2726 1732 2797 qui
1788 2742 1929 2784 novo

360 2810 562 2868 saeculo
608 2810 846 2869 donandi
884 2820 940 2868 et
965 2812 1237 2884 promissa
1265 2816 1544 2888 accepturi
1598 2826 1747 2887 sunt,
1773 2818 1927 2875 iura-

357 2909 545 2959 mento
565 2901 824 2961 Dominus
840 2902 1091 2971 affirmat,
1109 2919 1170 2961 se
1195 2921 1299 2962 non
1317 2907 1549 2978 amplius
1578 2909 1813 2967 inimicis
1833 2910 1929 2967 da-

359 3005 543 3049 turum
570 3007 693 3051 esse
726 2994 939 3053 fructus
967 3009 1175 3063 eorum,
1218 2997 1315 3055 sed
1362 2999 1517 3069 ipsos
1555 2999 1625 3057 iis
1667 3000 1931 3059 fruituros

359 3097 508 3140 esse.
539 3081 678 3140 Nam
721 3100 847 3141 cum
885 3086 1112 3157 probam
1149 3089 1312 3144 vitam
1360 3098 1519 3161 agant
1569 3105 1635 3148 ac
1674 3090 1928 3163 religiose

357 3185 681 3248 vet-seritur,¹
713 3191 925 3248 aequom
963 3193 1095 3235 sane
1134 3189 1218 3237 est
1262 3190 1325 3237 ut
1365 3182 1603 3254 propriis
1655 3183 1927 3255 gaudeant
1952 3158 1997 3218 ⁰

359 3268 648 3327 fructibus.
687 3287 707 3323 ι
737 3269 795 3327 Si
821 3271 963 3327 ultra
995 3270 1197 3328 dedero
1228 3273 1470 3331 triticum
1514 3282 1688 3343 tuum,
1716 3285 1773 3331 et
1818 3276 1925 3332 ali-

359 3369 545 3417 menta
568 3370 660 3418 tua
685 3361 920 3419 inimicis
947 3363 1072 3429 tuis,
1095 3374 1151 3420 et
1177 3364 1221 3420 si
1253 3364 1396 3421 ultra
1417 3366 1611 3424 bibant
1635 3367 1735 3425 mii
1758 3368 1924 3427 alieni

359 3454 547 3511 vinum
574 3462 749 3525 tuum,
780 3455 835 3511 in
861 3469 971 3528 quo
999 3454 1255 3514 laborasti
1282 3471 1301 3514 ι

431 3632 596 3692 Vna.
632 3634 686 3691 9.
735 3654 754 3687 ι
781 3633 889 3691 Sed
926 3634 1018 3705 qui
1063 3636 1405 3709 collegerint,
1434 3639 1718 3697 comedent
1745 3655 1843 3710 ea,
1868 3650 1925 3699 et

356 3721 655 3780 laudabunt
684 3722 997 3790 Dominum,
1021 3735 1077 3783 et
1102 3727 1200 3798 qui
1228 3732 1705 3801 congregaverint,
1736 3733 1924 3791 bibent

361 3814 504 3870 eain
537 3815 695 3870 atriis
724 3816 932 3873 sanctis
971 3818 1127 3875 meis.
1150 3836 1170 3873 a
1207 3819 1334 3876 Baec
1356 3834 1487 3877 vero
1513 3822 1714 3881 suerint
1738 3824 1921 3883 multae

368 3905 473 3960 illae
500 3906 811 3963 mansiones
839 3910 981 3978 apud
1015 3909 1255 3969 Patrem.

433 3994 595 4053 Vsus.
633 3997 723 4053 10.
762 4016 783 4052 ι
810 4001 888 4057 ίιο
920 4017 1016 4072 per
1037 3997 1226 4074 per'tas
1253 4020 1419 4063 meas.
1446 4025 1466 4061 »
1496 4007 1592 4066 llis
1622 4024 1785 4081 porro
1815 4026 1916 4068 no-

354 4085 445 4144 bis
471 4087 925 4147 considerandam·
948 4091 1110 4150 offert
1155 4094 1437 4152 coelestem
1474 4097 1571 4153 Dei
1615 4100 1916 4171 civitatem,

352 4173 580 4247 ejusque
613 4186 798 4248 portas
829 4193 843 4231 ε
872 4195 995 4249 quae
1039 4180 1221 4236 omnia
1267 4181 1323 4236 in
1378 4182 1490 4250 illo,
1528 4185 1671 4256 quod
1702 4186 1921 4257 pollice-

354 4276 466 4336 tur,
495 4268 695 4326 seculo
733 4270 914 4342 dignis
939 4273 1265 4342 pandentur.
1299 4288 1363 4331 ac
1393 4276 1642 4334 dicetur:
1682 4278 1797 4336 «lte
1820 4294 1918 4351 per

350 4367 541 4430 portas
573 4374 746 4428 meas,
768 4368 825 4417 et
851 4362 992 4418 viam
1023 4361 1186 4419 facite
1218 4365 1412 4437 populo
1435 4382 1578 4434 meo,
1606 4367 1918 4440 lapidesque

351 4450 421 4507 de
445 4452 530 4508 ria
551 4451 818 4523 projicite.
847 4452 1064 4511 Elevate
1087 4456 1300 4527 signum
1333 4459 1386 4513 in
1421 4468 1628 4529 gentes.
1653 4478 1674 4514 ι
1699 4460 1915 4518 Nullum

352 4542 517 4603 enim.
545 4542 741 4613 inquit,
773 4543 1236 4614 impedimentum,
1268 4546 1445 4603 nullus
1470 4548 1610 4604 obex
1638 4550 1767 4618 erit,
1808 4565 1918 4608 non

350 4630 579 4699 invidia,
600 4648 704 4690 non
731 4636 891 4703 livor,
921 4652 1025 4693 non
1040 4645 1332 4708 praetextus
1356 4641 1651 4714 quispiam,
1679 4660 1784 4701 non
1807 4643 1920 4702 dae-

359 4736 506 4789 mon,
534 4738 640 4780 non
675 4726 899 4798 spiritus
944 4728 1233 4801 malignus,
1267 4746 1374 4788 non
1407 4733 1720 4792 adversaria
1765 4747 1920 4809 pote-

347 4823 463 4871 stas
497 4813 672 4872 oberit
722 4817 917 4890 populo
951 4834 1095 4890 meo,
1135 4823 1422 4893 quominus
1458 4825 1512 4883 in
1545 4842 1771 4900 regnunt
1800 4844 1917 4887 cce-

316 4929 320 4933 -
353 4904 530 4961 lorum
572 4908 928 4980 ingrediatur.
960 4912 1087 4971 Haec
1117 4924 1298 4972 autem
1335 4915 1662 4989 quibusdam
1713 4922 1920 4994 angeli-

350 4996 435 5052 cis
465 4996 754 5057 virtutibus
787 5003 1055 5061 dicentur.

424 5174 590 5232 Vns.
614 5178 703 5246 Η,
728 5179 817 5237 ts.
849 5199 870 5235 ι
892 5180 1031 5239 Ecce
1051 5183 1194 5240 enim
1218 5186 1476 5244 Dominus
1502 5189 1743 5246 auditum
1784 5190 1914 5250 fecit

351 5277 526 5335 usque
563 5267 631 5322 ad
670 5280 973 5325 extremum
1006 5281 1184 5341 terrae,
1219 5275 1394 5333 Dicite
1426 5278 1549 5336 flliae
1589 5278 1742 5346 Sion,
1776 5281 1916 5337 Ecce

350 5351 603 5412 Salvator
631 5357 724 5414 tibi
754 5361 901 5415 venit
922 5362 1126 5420 babens
1157 5369 1458 5424 mercedem
1497 5385 1674 5437 suam,
1699 5382 1754 5426 et
1777 5386 1915 5442 opus

346 5456 670 5505 suum·ante
702 5449 895 5508 l'aciem
939 5469 1114 5513 suam.
1153 5458 1216 5514 Et
1257 5461 1473 5518 vocabit
1501 5477 1626 5519 eum
1653 5465 1910 5536 populum

348 5549 623 5606 sanctum,
657 5544 997 5615 redemptum
1051 5564 1082 5604 a
1135 5550 1384 5609 Domino.
1417 5552 1497 5611 Tu
1530 5564 1709 5611 autem
1744 5571 1909 5614 voca-

351 5623 498 5681 beris
530 5628 788 5699 requisita
817 5632 1035 5703 civitas,
1060 5648 1117 5693 et
1161 5655 1267 5695 non
1330 5641 1540 5699 relicta.
1568 5662 1593 5696 a
1617 5643 1695 5701 Ne
1723 5645 1915 5701 existi-

348 5726 463 5774 met
513 5720 804 5791 quispiam,
840 5725 934 5793 ait,
984 5727 1098 5788 baec
1139 5732 1206 5789 dc
1252 5732 1479 5793 «ludaico
1530 5725 1728 5809 po’pulo
1760 5737 1909 5796 dici:

2032 538 2131 610 τὴν
2159 536 2321 606 ἀγίαν
2353 532 2699 606 Ἐκκλησίαν,
2752 535 2817 587 ἐκ
2849 530 3068 586 τελείων
3124 531 3300 601 μελῶν
3332 535 3612 589 συνεστῶ-

2034 645 2155 692 σαν,
2208 626 2273 681 ἐκ
2300 642 2361 680 τε
2408 622 2503 679 τοῦ
2542 623 2809 695 προτέρου
2850 621 2979 675 λαοῦ
3024 623 3121 677 καὶ
3151 622 3248 677 τοῦ
3271 624 3394 679 νέου
3432 627 3527 682 τοῦ
3550 627 3612 695 ἐξ

2031 719 2219 775 ἐθνῶν.
2245 712 2382 773 Εἶτα
2430 715 2525 772 καὶ
2561 716 2698 788 πρὸς
2730 716 2830 786 τὴν
2864 712 3189 785 Ἐκκλησίαν
3221 719 3459 771 ποιεῖται
3483 720 3612 784 τοὺς

2030 808 2254 879 λόγους·
2272 805 2476 877 ταύτης
2501 804 2788 875 γεγόνασιν
2821 803 2928 855 υἱοὶ
2963 802 3104 856 κατὰ
3127 803 3307 875 σάρκα
3335 807 3385 858 οἰ
3414 805 3615 861 θεσπέ-

2034 916 2138 953 σιοι
2166 896 2543 971 μαθηταί,,τὴν
2562 894 2846 965 εἰς.ἀκραν
2869 893 3041 965 αὐτῆς
3065 893 3331 960 σώζοντες
3352 896 3574 969 ἀγάπην
3593 916 3607 930 ·

2032 988 2173 1044 ὥστε
2230 989 2404 1043 δοκεῖν
2458 984 2557 1057 τὴν
2608 982 2905 1055 γενομένην
2936 983 3339 1057 φιλοστοργίαν,
3366 982 3459 1042 οἷά
3507 1007 3614 1061 περ

2031 1080 2299 1152 νεανίσκῳ
2337 1076 2675 1151 συνῳκηκότι
2706 1074 2978 1147 παρθένῳ.
3014 1074 3201 1141 Οὕτως
3238 1079 3611 1153 εὐφρανθήσε-

2030 1189 2120 1226 ται
2152 1170 2359 1243 Κύριος
2381 1169 2475 1223 ἐπὶ
2502 1166 2607 1232 σοὶ,
2636 1164 2886 1240 καθάπερ
2912 1164 3103 1237 ἀμέλει
3142 1167 3235 1220 καὶ
3263 1169 3489 1239 νυμφίος
3517 1170 3611 1224 ἐπὶ

2033 1262 2240 1336 νύμφῃ.
2269 1260 2559 1330 Καθήκετο
2594 1258 2702 1332 γάρ
2752 1257 2811 1324 ἐξ
2843 1256 3087 1327 οὐρανῶν
3128 1257 3158 1309 ό
3189 1259 3474 1329 μονογενὴς
3510 1259 3606 1313 τοῦ

2030 1353 2164 1409 Θεοῦ
2197 1353 2390 1423 Λόγος,
2423 1351 2490 1406 ἵν’
2520 1350 2794 1422 ἔγκαρπον
2839 1348 3096 1420 ἀποφήνῃ
3121 1347 3217 1419 τὴν
3258 1349 3598 1419 Ἐκκλησίαν,

2034 1443 2099 1517 ἣν
2121 1444 2283 1510 αύτδς
2307 1442 2485 1516 ἐαυτῷ
2515 1441 2827 1515 παρέστησε
2852 1439 3116 1511 παρθένον
3140 1441 3322 1513 ἁγνὴν,
3349 1441 3423 1512 μὴ
3442 1441 3596 1511 έχου-

2034 1554 2134 1592 σαν
2170 1535 2355 1591 σπίλον
2392 1534 2427 1608 ἢ
2464 1533 2677 1608 ῥυτίδα·
2723 1531 2969 1600 ἀγίανδὲ
3002 1530 3190 1603 μᾶλλον
3223 1534 3314 1586 καὶ
3340 1532 3590 1604 ἄμωμον.

2029 1626 2309 1699 Δεξαμένη
2346 1624 2524 1679 τοίνυν
2557 1624 2688 1697 παρ’
2726 1620 2889 1677 αὐτοῦ
2931 1621 3030 1692 τῆς
3065 1620 3418 1691 εὐαγγελικῆς
3442 1622 3597 1676 πολι-

2031 1718 2181 1783 τείας
2223 1716 2294 1771 τά
2331 1715 2641 1788 σπέρματα,
2673 1714 3066 1785 πνευματικαῖς
3091 1710 3301 1776 θυσίαις
3330 1714 3428 1766 καὶ
3454 1713 3605 1782 ἀγιο-

1957 1813 2003 1870 Β
2036 1809 2272 1883 πρεπέσι
2300 1799 2686 1880 κατορθώμασι
2711 1803 2809 1877 τὴν
2855 1802 3070 1876 νύμφην
3094 1801 3479 1858 ἐκλάμπουσαν
3509 1806 3608 1859 άπ-

2028 1898 2279 2045 έδεὶξέαὶ
2311 1989 2408 2043 ἐπὶ
2437 1988 2547 2044 τῶν
2570 1985 2765 2059 τειχῶν
2791 2002 2907 2053 σου,
2939 1983 3311 2058 Ἰερουσαλὴμ»
3342 1986 3610 2059 κατέστη·

2032 2099 2101 2137 σα
2124 2080 2372 2153 φύλακας
2406 2080 2534 2153 ὃλην
2570 2079 2670 2152 τὴν
2696 2078 2910 2150 ἡμέραν
2943 2077 3039 2132 καίΙ
3062 2077 3190 2149 ὅλην
3215 2078 3313 2150 τὴν
3335 2077 3524 2143 νύκτα,
3553 2080 3606 2133 οἶ

1991 2241 1995 2245 ,
2027 2176 2118 2231 διά
2140 2175 2328 2241 τέλους
2347 2173 2408 2229 οὐ
2442 2171 2897 2245 σιωπηθησονται,
2926 2169 3350 2243 μιμνησκόμενοι
3372 2171 3605 2243 Κυρίου.

2031 2269 2148 2323 Ούκ
2174 2268 2290 2323 ἐστι
2316 2267 2425 2338 γὰρ
2452 2266 2579 2337 ύμῖν
2606 2264 2808 2335 ὅμοιος,
2842 2262 2937 2316 ἐάν
2960 2261 3249 2336 διορθώσῃ,
3284 2261 3376 2316 καὶ
3406 2264 3610 2334 ποιήσῃ

2039 2359 2396 2432 Ἰερουσαλὴμ
2427 2356 2712 2427 γαυρίαμα
2745 2354 2839 2408 ἐπὶ
2885 2355 2986 2426 τῆς
3026 2357 3149 2427 γῆς.
3178 2356 3381 2427 Ὠμοσε
3406 2355 3611 2427 Κύριος

2029 2451 2171 2506 κατά
2189 2451 2288 2524 τῆς
2313 2450 2472 2523 δόξης
2506 2446 2693 2513 αὐτοῦ,
2720 2449 2812 2502 καὶ
2839 2446 2979 2501 κατὰ
3009 2448 3109 2520 τῆς
3134 2448 3316 2519 ἰσχύος
3347 2448 3441 2502 τοῦ
3472 2449 3611 2521 βρα·

2029 2542 2206 2615 χίονος
2236 2538 2422 2596 αὐτοῦ.
2458 2558 2477 2592 a
2516 2538 2692 2592 Πάλαι
2734 2539 2831 2611 μὲν
2861 2537 2970 2611 γάρ
2999 2538 3172 2593 ταῦτα
3202 2539 3441 2608 ἐγένετο,
3469 2543 3609 2613 ὀπη-

2028 2635 2156 2690 νίκα
2180 2634 2273 2689 τὸν
2290 2633 2498 2689 ἑαυτῶν
2525 2636 2733 2710 καρπὸν
2757 2633 2954 2707 βρῶμα
2976 2637 3237 2707 παρεῖχον
3254 2638 3369 2699 τοῖς
3395 2635 3607 2709 ἐχθροῖς

2026 2724 2121 2779 τοῦ
2160 2722 2318 2790 Θεοῦ,
2355 2722 2582 2778 τοιαῦτα
2624 2724 2951 2796 πράττοντες
2998 2724 3093 2778 καὶ
3128 2724 3472 2795 ἐνεργοῦντες
3525 2724 3608 2790 ὡς

2026 2815 2317 2889 δαιμονίων
2343 2814 2590 2885 γίνεσθαι
2605 2814 2814 2888 τροφὴν
2841 2814 2940 2880 τὰς
2963 2813 3170 2871 ἑαυτῶν
3197 2815 3418 2888 πράξεις
3436 2832 3449 2845 ·
3478 2818 3602 2871 νυνὶ

2026 2907 2085 2962 δὲ
2116 2909 2229 2972 τοῖς
2255 2905 2349 2961 τοῦ
2379 2905 2503 2961 νέου
2536 2905 2729 2970 αἰῶνος
2759 2904 3333 2976 καταξιωθησομένοις,
3365 2905 3457 2958 καὶ
3486 2906 3597 2959 τῶν

2028 2996 2456 3071 ἐπηγγελμένων
2494 2997 2856 3069 τευξομένοις,
2890 2998 3036 3071 ὅρκῳ
3068 2996 3289 3067 ὄμνυσιν
3328 2999 3357 3049 ὁ
3390 2996 3599 3070 Κύριος

2032 3092 2229 3166 μηκέτι
2255 3090 2446 3146 δώσειν
2475 3091 2689 3164 ἐχθροῖς
2714 3089 2841 3154 τοὺς
2868 3087 3104 3162 καρποὺς
3126 3085 3326 3153 αὐτῶν,
3359 3087 3469 3141 ἀλλ’
3497 3090 3597 3141 αύ-

2029 3180 2155 3245 coo<
2186 3179 2367 3236 αὐτῶν
2398 3180 2707 3235 ἀπολαύειν.
2754 3177 3160 3252 Κατορθοῦντας
3210 3177 3318 3252 γὰρ
3356 3179 3449 3233 τὸν
3472 3184 3592 3234 κατ’

2030 3272 2229 3347 ἀρετὴν
2257 3272 2369 3344 βίον
2390 3273 2484 3327 καὶ
2512 3270 2776 3335 θεοσεὸῶς
2793 3269 3091 3340 διάγοντας,
3120 3269 3328 3325 δίκαιον
3364 3270 3468 3324 τῶν
3506 3273 3598 3325 οἰ-

2030 3363 2194 3419 κείων
2222 3362 2514 3418 ἀπολαύειν
2536 3362 2783 3435 καρπῶν.
2821 3383 2840 3416 «
2869 3364 2931 3417 Et
2952 3361 3197 3417 ἐτιδώσω
3212 3364 3302 3417 τὸν
3317 3364 3460 3418 σῖτόν
3479 3380 3599 3433 σου,

2029 3457 2123 3512 καὶ
2155 3456 2222 3511 τά
2252 3455 2517 3530 βρώματά
2541 3473 2635 3510 σου
2655 3459 2766 3521 τοῖς
2791 3456 3002 3529 ἐχθροῖς
3028 3472 3146 3522 σου,
3163 3455 3258 3509 καὶ
3279 3456 3358 3509 ἔτι
3386 3457 3600 3512 πίονται

2031 3548 2138 3603 υἰοί
2156 3548 2425 3621 ἀλλότριοι
2481 3549 2574 3603 τὸν
2616 3544 2760 3604 οἶνόν
2801 3566 2920 3615 σου,
2967 3542 3120 3620 ἐφίἶ)
3150 3549 3489 3621 ἐμόχθησας·

2104 3639 2243 3697 Ἀλλ’
2284 3641 2337 3696 οἰ
2373 3640 2767 3711 συναγαγόντες
2806 3638 3072 3709 φάγονται
3104 3638 3263 3706 αὐτὰ,
3310 3641 3405 3694 καὶ
3456 3641 3599 3695 αἰνέ-

2028 3751 2180 3789 σουσι
2206 3732 2430 3808 Κύριον,
2475 3734 2571 3788 καὶ
2604 3734 2653 3787 οἰ
2696 3734 3093 3801 συναγαγόντες
3125 3732 3336 3786 πίονται
3364 3733 3504 3787 αὐτὰ
3537 3734 3598 3786 ἐν

2024 3826 2143 3889 ταῖς
2195 3824 2456 3880 ὲπαύλεσι
2492 3825 2611 3888 ταῖς
2652 3822 2834 3892 άγίαις
2888 3840 3013 3894 μου.
3047 3841 3067 3877 a
3107 3817 3227 3876 Εἶεν
3260 3821 3305 3874 δ’
3335 3821 3403 3875 ἂν
3436 3815 3597 3877 αὗται

2023 3916 2082 3970 αἰ
2106 3914 2295 3973 πολλαὶ
2321 3916 2480 3988 μοναὶ
2503 3916 2561 3970 αἰ
2590 3913 2740 3988 παρὰ
2758 3913 2834 3985 τῷ
2858 3915 3056 3988 nupt.

2104 4027 2123 4060 ι
2157 4007 2457 4082 Πορεύεσθε
2492 4006 2580 4061 διὰ
2602 4005 2712 4063 τῶν
2741 4005 2925 4060 πυλῶν
2956 4023 3078 4077 μου.
3116 4023 3137 4059 a
3166 4006 3327 4059 Νοεῖν
3366 4006 3423 4060 δὲ
3463 4008 3605 4077 ἡμῖν

2024 4099 2254 4173 παρέχει
2283 4098 2374 4154 διὰ
2400 4098 2605 4154 τούτων
2642 4097 2739 4171 τὴν
2768 4096 3086 4169 ἐπουράνιον
3118 4097 3213 4152 τοῦ
3248 4098 3385 4152 Θεοῦ
3416 4097 3594 4163 πόλιν,

2025 4189 2239 4256 καὶτὰς
2268 4190 2436 4264 αὐτῆς
2468 4190 2641 4254 πύλας
2658 4206 2672 4220 ·
2702 4188 2739 4243 ἀ
2762 4188 2827 4261 δὴ
2849 4188 3023 4244 πάντα
3046 4189 3184 4242 κατὰ
3207 4188 3299 4242 τὸν
3319 4188 3589 4259 ἐπηγγελ·

2027 4282 2184 4354 μένον
2230 4281 2402 4338 αἰῶνα
2448 4282 2952 4356 ἀναπετασθὴσεται
2991 4282 3102 4345 τοῖς
3136 4279 3308 4346 ἀξίοις
3363 4279 3455 4333 καὶ
3510 4279 3598 4332 λε-

2022 4372 2301 4446 χθήσεται·
2347 4393 2368 4429 r
2395 4373 2694 4446 Πορεύεσθε
2723 4375 2810 4430 διά
2833 4375 2941 4429 τῶν
2970 4372 3152 4428 πυλῶν
3184 4390 3306 4445 μου,
3350 4374 3444 4426 καὶ
3475 4374 3598 4428 ὁδο-

2023 4466 2289 4539 ποιῆσατε
2326 4466 2406 4540 τῷ
2444 4466 2559 4538 λαῷ
2592 4485 2716 4540 μου,
2756 4468 2850 4524 καὶ
2885 4468 3008 4532 τοῦς
3035 4465 3216 4529 λίθους
3248 4465 3314 4519 έκ
3339 4466 3438 4538 τῆς
3467 4465 3597 4520 ὁδοῦ

2019 4558 2359 4633 διαρρίψατε.
2396 4558 2656 4633 Ἐξάρατε
2688 4558 2965 4633 σύσσημον
2987 4559 3067 4623 εἰς
3091 4556 3160 4612 τά
3179 4557 3327 4627 ἔθνη.
3359 4576 3378 4610 ι
3408 4557 3597 4629 Μηδὲν

2020 4650 2153 4722 γάρ,
2181 4650 2366 4724 φησϊν,
2400 4650 2550 4705 ἔσται
2578 4650 2826 4723 κώλυμα,
2862 4651 2998 4724 μηδὲ
3026 4650 3298 4723 ἐμπόδιον,
3338 4648 3474 4720 μηδέ
3508 4667 3595 4715 τις

2022 4740 2236 4811 φθόνος,
2271 4741 2405 4814 μηδὲ
2432 4741 2717 4813 βάσκανος,
2749 4741 2824 4814 μὴ
2862 4741 3135 4814 πρόφασίς
3172 4758 3251 4806 τε,
3309 4740 3443 4812 μηδὲ
3474 4740 3598 4794 δαί-

2024 4849 2164 4907 μων,
2203 4835 2279 4906 μὴ
2312 4833 2528 4906 πνεῆμα
2574 4834 2827 4907 πονηρὸν,
2868 4834 2942 4905 μὴ
2980 4834 3206 4906 δύναμις
3240 4832 3597 4904 ἀντικειμένη

2021 4924 2365 4981 διακωλυέτω
2388 4926 2477 4980 τὸν
2507 4925 2634 4980 λαὸν
2656 4926 2746 4980 τὸν
2776 4925 2906 4997 ἐμὸν
2940 4927 3021 4990 εἰς
3048 4927 3145 4998 τὴν
3174 4923 3448 4996 βασιλείαν
3479 4924 3596 4979 τῶν

2020 5016 2262 5091 οὐρανῶν
2312 5018 2555 5072 εἰσιέναι.
2600 5015 2786 5072 Ταῦτα
2813 5016 2870 5071 δὲ
2915 5016 3052 5088 πρός
3097 5035 3247 5082 τινας
3293 5015 3597 5086 ἀγγελικάς

2018 5107 2336 5181 λεχθήσεται
2363 5108 2637 5180 δυνάμεις.
3431 5140 3445 5149 ·

2096 5218 2117 5252 a
2156 5198 2285 5255 Ἰδοὺ
2309 5198 2420 5273 γὰρ
2449 5198 2655 5271 Κύριος
2685 5200 2939 5274 ἐποίησεν
2966 5198 3233 5255 ἀκουστὸν
3273 5199 3378 5263 ἕως
3427 5198 3596 5270 ἐσχά-

2018 5308 2113 5346 του
2139 5291 2240 5363 τῆς
2260 5289 2386 5362 γῆς·
2411 5290 2616 5347 Εἴπατε
2665 5295 2731 5365 τῇ
2775 5292 3002 5365 θυγατρὶ
3032 5292 3201 5346 Σιών·
3257 5292 3385 5346 Ἰδοὺ
3417 5293 3445 5346 ό
3480 5292 3597 5345 Σω-

2017 5381 2124 5456 τήρ
2152 5397 2235 5436 σοι
2264 5382 2639 5455 παραγέγονεν
2668 5382 2808 5454 ἔχων
2835 5383 2924 5437 τὸν
2949 5382 3141 5438 ἐαυτοῦ
3170 5383 3382 5455 μισθὸν,
3408 5382 3503 5439 καὶ
3528 5383 3594 5438 τὸ

2019 5469 2179 5543 ἔργον
2212 5469 2375 5527 αὐτοῦ
2410 5472 2517 5545 πρὸ
2545 5471 2833 5545 προσώπου
2868 5471 3053 5527 αὐτοῦ.
3089 5473 3200 5526 Καὶ
3232 5471 3449 5526 καλέσει
3486 5472 3589 5526 αύ-

2017 5564 2110 5619 τδν
2162 5563 2290 5619 λαὸν
2333 5564 2509 5633 ἅγιον,
2553 5563 2956 5638 λελυτρωμένον
3000 5565 3104 5619 ύπὸ
3145 5566 3373 5637 Κυρίου.
3427 5566 3501 5619 Σὺ
3529 5565 3591 5620 δὲ

2019 5649 2266 5726 κληθήσῃ
2289 5649 2689 5724 ἐπιζητουμένη
2715 5652 2870 5719 πόλις
2911 5654 3007 5709 καὶ
3046 5654 3145 5709 ούκ
3172 5654 3594 5726 ἐγκαταλελειμ-

2022 5741 2177 5814 μένη.
2214 5760 2234 5795 ι
2263 5741 2357 5815 Μὴ
2379 5741 2488 5816 γὰρ
2511 5740 2775 5839 νομιζέτω
2797 5761 2899 5810 τις,
2939 5746 3124 5818 φησὶν,
3165 5746 3293 5818 περὶ
3323 5745 3414 5801 τοῦ
3454 5748 3586 5801 Ἰου-
