3692 6134
1209 344 1279 403 ΙΝ
1311 346 1570 403 uATTn.
1615 349 1680 417 X,
1718 351 1812 407 27.
2986 357 3122 418 ¹28!

319 462 477 518 homo
499 477 600 534 pro
630 463 849 520 Christo
880 461 1159 530 salvetur;
1197 474 1254 521 et
1301 481 1444 521 sem·
1567 469 1754 540 festas,
1780 486 1903 527 cum
1937 471 2138 545 Spiritu
2166 484 2374 544 sancto,
2402 484 2459 533 et
2493 493 2661 545 nunc,
2692 489 2747 538 et
2780 494 3018 553 semper,
3070 492 3122 538 et

319 565 362 612 tt
392 556 503 613 Deo
529 557 675 613 Patri
710 572 808 629 per
833 556 1177 628 unigenitum
1222 558 1338 627 ejus
1359 557 1452 614 Fi·
1557 577 1656 633 per
1685 565 1866 619 omnia
1895 565 2093 621 saecula
2119 567 2460 626 saeculorum.
2482 570 2678 627 Amen.

319 663 340 702 a
367 655 450 703 est
479 648 528 704 ei
550 646 743 718 gloria,
766 647 959 716 bonor,
992 650 1296 719 imperium,
1324 667 1446 706 ma-

823 948 1402 1065 VEUSEBII
1483 952 2163 1069 PAMPHILI

427 1191 574 1279 DE
645 1184 1225 1280 MANDATO
1303 1185 1810 1312 DOM1N1,
1887 1190 2221 1297 QUOD
2293 1193 2574 1284 At'r:

617 1376 801 1451 Quod
843 1376 983 1439 dico
1028 1375 1205 1437 vobis
1247 1376 1315 1435 in
1349 1393 1537 1450 aure,
1581 1394 1778 1455 supra
1818 1387 1983 1441 tecta
2016 1382 2392 1460 proedt'cate,

1167 1538 1402 1600 LIBER
1444 1538 1858 1604 SEPTIMUS.

319 1879 429 1936 quae
457 1863 593 1920 lecta
617 1872 769 1929 sunt,
807 1862 1021 1917 Domini
1047 1872 1317 1935 martyres
1338 1877 1465 1929 pro·
1498 1866 1540 1925 Β
1573 1863 1688 1934 ipse
1725 1867 1943 1935 quidem
1974 1879 2277 1938 opportune
2306 1880 2467 1939 tacet,
2491 1872 2766 1944 discipulis
2789 1886 2968 1933 autem
2989 1875 3133 1950 loqui

320 1960 652 2027 ›assionem3
716 1974 816 2030 per
857 1960 954 2013 lios
1003 1959 1145 2014 enim
1178 1971 1460 2013 sermones
1565 1970 1627 2013 ea
1659 1966 1718 2011 et
1745 1956 1986 2013 clamare
2012 1960 2304 2028 praecepit3
2336 1977 2443 2016 non
2498 1963 2693 2020 timeus
2744 1966 2978 2037 quippe;
3035 1970 3136 2028 boc

319 2070 484 2109 eorum
538 2052 855 2123 praecordiis
905 2052 1295 2106 accenderunt.
1358 2048 1462 2104 Per
1565 2046 1716 2102 enim
1752 2047 2119 2118 ignorantium
2151 2050 2431 2105 homiuum
2468 2062 2549 2108 est
2577 2054 2894 2125 dignitatem
2917 2059 3132 2117 Domini

319 2160 383 2199 nm
406 2145 578 2200 erexit
633 2160 747 2211 eoa,
780 2154 838 2199 ut
883 2152 1295 2199 contemnerent
1327 2157 1466 2212 prae·
1563 2139 1689 2196 «lesu
1712 2178 1730 2206 ‚
1772 2139 1869 2195 sed
1894 2141 2234 2210 dispensans,
2255 2152 2313 2197 ut
2340 2143 2456 2212 ipse
2485 2145 2696 2213 quidem
2726 2156 2902 2203 taceat
2931 2150 2984 2205 in
3003 2161 3137 2207 tem·

319 2245 506 2292 etarent
537 2245 712 2290 autem
733 2235 932 2290 sutura.
956 2233 1060 2289 Per
1099 2235 1254 2290 istam
1285 2234 1467 2291 erudi·
1567 2246 1722 2304 pore,
1758 2232 2013 2302 loquatur
2045 2243 2225 2287 autem
2254 2235 2306 2289 in
2333 2245 2596 2306 tempore.
2634 2234 2819 2307 Neque
2843 2239 2989 2316 enim
3039 2256 3138 2312 per

319 2332 353 2386 it
380 2345 474 2385 eos
499 2330 565 2384 ad
591 2338 842 2385 mortem.
868 2326 1050 2384 Utitur
1074 2337 1257 2383 autem
1283 2339 1338 2384 et
1359 2326 1465 2381 boc
1565 2322 1746 2377 omnia
1773 2326 1943 2377 tacuit
1974 2322 2235 2378 Dominus
2259 2340 2275 2389 ;
2311 2340 2377 2380 ne
2399 2334 2720 2394 putarentur
2800 2328 2811 2341 ‘
2867 2333 2917 2384 'a
2947 2329 3128 2402 aliqua

324 2419 631 2475 sollicium:
664 2418 919 2488 praecedit
943 2427 1122 2472 autem
1159 2417 1463 2486 passionem
1572 2419 1609 2470 'a
1632 2428 1694 2469 se
1725 2413 1935 2470 discere
1966 2414 2213 2484 discipuli
2242 2430 2258 2481 3
2291 2427 2465 2485 neque
2510 2428 2698 2487 sempe
2789 2431 2980 2480 ocutus
3024 2435 3131 2494 est,

320 2512 537 2568 istantia
562 2527 578 2566 z
606 2512 698 2582 qni
737 2511 881 2566 enim
908 2524 1015 2565 non
1057 2508 1337 2580 praedicat,
1365 2522 1467 2564 nec
1567 2518 1637 2560 ne
1661 2514 1945 2575 putaretur
1972 2505 2114 2575 quod
2158 2505 2226 2563 de
2278 2521 2337 2562 se
2383 2508 2498 2577 ipse
2525 2517 2624 2564 test
2724 2526 2770 2565 r.
2821 2511 2959 2581 Quid
2990 2515 3137 2574 enim

324 2607 337 2662 i
366 2623 472 2660 non
497 2621 623 2661 cum
657 2604 849 2659 fiducia
882 2602 1041 2659 suerit
1087 2602 1320 2667 locutnS,
1366 2615 1469 2656 nee
1571 2604 1694 2652 erat
1724 2612 1947 2653 necesse
1972 2607 2026 2653 ει
2053 2597 2261 2653 Ioanne
2290 2614 2503 2669 praecur
2631 2593 2676 2656 Ἴ
2715 2601 2831 2675 qu
2856 2645 2873 2673 ,
2919 2606 3092 2677 inquit
3117 2646 3135 2674 ,

319 2698 563 2767 praecedit
589 2695 905 2752 constantia
949 2694 1279 2764 passionem.
1330 2692 1466 2748 Cum
1567 2704 1672 2743 non
1699 2689 1765 2743 ab
1797 2689 1939 2743 homi
2082 2691 2245 2758 ccipio
2295 2693 2503 2761 testimo
2555 2679 2656 2749 'um
2684 2711 2881 2762 meum,
2911 2699 2999 2752 sed
3034 2699 3137 2754 lia-

319 2788 604 2843 eadventu
642 2784 756 2840 ‘Dei
811 2794 898 2840 sat
949 2783 1239 2850 habuerit,
1291 2782 1469 2837 aderit
1568 2705 2604 2946 bffliironnne‘st.
2622 2784 2740 2843 Non
2768 2790 3135 2861 enimquaero,

319 2880 662 2948 anima,quae
712 2878 840 2932 dum
867 2876 1047 2945 capiet
1096 2875 1302 2939 omnia,
1361 2889 1428 2930 no
1532 2875 1585 2935 ..i
1790 2876 2245 2945 quemadmodum
2277 2890 2377 2947 ego
2405 2878 2667 2944 suadear,
2714 2879 2810 2935 sed
2865 2882 3136 2950 quomodo

320 2972 437 3025 ium
462 2978 578 3025 tace
674 2937 1345 3054 sufflo]
1364 2887 1525 3023 ὶιζ
1566 2982 1665 3024 vos
1695 2981 1801 3023 uon
1831 2968 1956 3024 sitis
1982 2966 2257 3039 religiosi;
2294 2968 2562 3038 siqnidem
2615 2985 2720 3025 non
2781 2970 3000 3029 lucerna
3045 2974 3136 3031 de·

320 3053 521 3118 ''ffinh
632 3068 673 3123 t.
719 3060 812 3131 qui
854 3073 976 3115 sese
1011 3056 1413 3114 fraudaverunt
1436 3070 1467 3111 a
1570 3058 1662 3114 bet
1690 3057 1878 3113 testari
1913 3058 1977 3113 de
2013 3056 2148 3124 sole,
2177 3057 2271 3113 sed
2299 3059 2376 3113 sol
2401 3058 2619 3115 ilrmare
2645 3060 2941 3118 lucernam.
2974 3064 3041 3119 Et
3068 3081 3137 3121 ne

319 3170 397 3209 em
421 3154 511 3225 qui
536 3160 749 3208 amator
777 3151 870 3207 Dei
893 3159 978 3207 est
1023 3153 1367 3214 constitutus,
1416 3154 1471 3203 et
1577 3149 1701 3220 quis
1727 3149 1972 3214 miretur,
2006 3158 2165 3220 putas
2219 3150 2560 3209 obscuriores
2588 3152 2726 3209 effici
2780 3155 3026 3212 lucernas
3070 3174 3137 3213 ex

334 3252 534 3304 servat,
566 3242 746 3297 statim
771 3251 990 3311 propter
1034 3238 1201 3294 Deum
1250 3235 1468 3308 quidem
1495 3208 1537 3266 C
1573 3239 1803 3293 adventu
1827 3239 2004 3295 solis?
2030 3236 2151 3295 Non
2179 3240 2325 3296 enim
2353 3242 2495 3312 quod
2519 3251 2771 3313 putamus
2799 3245 2900 3301 hoc
2924 3258 2980 3302 et
3013 3262 3139 3317 pro-

319 3348 388 3387 ,εν
410 3332 796 3388 humanitatem
823 3340 1002 3386 autem
1030 3344 1134 3384 non
1161 3337 1304 3384 tacet
1334 3345 1349 3383 t
1377 3328 1472 3384 ho·
1572 3332 1741 3397 venit.
1773 3331 1869 3387 sed
1900 3332 2004 3387 hoc
2030 3331 2171 3401 quod
2203 3346 2309 3387 non
2344 3331 2617 3388 intuemur
2649 3345 2911 3405 superat:
2956 3337 3136 3394 lumen

319 3425 628 3480 beneficium
654 3440 759 3480 non
785 3424 1041 3490 ferentes,
1067 3423 1315 3495 ignorant
1345 3422 1472 3493 quis
1572 3422 1721 3477 enim
1758 3422 1992 3478 minusa
2018 3422 2207 3493 maiori
2256 3423 2480 3490 lumine,
2514 3439 2619 3479 non
2668 3427 2845 3483 minus
2891 3428 3138 3486 dulcibus

323 3517 597 3587 loquente,
660 3532 765 3571 non
800 3514 985 3571 ferunt
1030 3531 1162 3571 sane
1204 3530 1308 3570 nec
1334 3531 1470 3571 con·
1575 3513 2104 3569 immissum·minuit
2139 3513 2481 3572 dulcedinem
2516 3533 2749 3573 eorumt
2796 3532 2971 3589 neque
3012 3533 3136 3577 cum

344 3611 482 3665 sicut
509 3605 678 3663 Judaei
707 3609 979 3680 Stephano
1004 3608 1178 3677 primo
1205 3608 1347 3662 inter
1372 3606 1471 3663 ho-
1573 3603 1741 3660 stellae
1778 3618 1884 3659 uon
1914 3614 2122 3674 parent,
2150 3614 2402 3676 tanquam
2427 3607 2728 3664 obscuratae
2757 3624 2788 3664 a
2812 3608 3015 3666 lumine
3031 3625 3139 3668 nott

319 3716 347 3756 e
373 3699 570 3756 Christi
603 3700 856 3770 loquente
879 3700 1268 3755 obstruxerunt
1305 3713 1467 3755 aures
1575 3696 1864 3763 videntum
1909 3697 2005 3752 sed
2038 3697 2089 3751 in
2128 3696 2319 3767 pelago
2344 3697 2566 3755 luminis
2611 3701 2816 3771 positae,
2852 3701 3140 3769 discretio-

319 3796 555 3846 ederetur
585 3794 763 3857 Deus;
816 3791 890 3846 ita
917 3801 971 3846 et
1005 3790 1251 3846 nonnulli
1291 3789 1469 3846 homi·
1576 3801 1697 3843 nem
1719 3800 1824 3842 non
1849 3788 2106 3857 praebent.
2131 3788 2247 3844 Nou
2283 3790 2559 3860 indigebat
2607 3791 2769 3864 igitur
2796 3792 2875 3848 sol
2910 3793 3138 3863 iustitias

319 3885 408 3940 iim
433 3885 736 3940 constantia
799 3884 1072 3939 antecedit
1121 3884 1426 3956 passionem
1456 3924 1473 3951 ,
1576 3882 1793 3936 lucerna
1824 3882 2333 3950 ad·testimonium;
2384 3883 2514 3939 dicit
2534 3886 2678 3939 enim
2703 3882 2991 3942 'loannest
3028 3884 3140 3956 qu

336 3978 496 4033 istinc
521 3985 577 4033 et
615 3977 804 4049 incipit
855 3978 1133 4041 Dominus,
1157 3977 1249 4044 qui
1279 3976 1481 4047 produ·
1577 3985 1684 4030 ate
1710 3974 1879 4029 debeo
1908 3974 2169 4045 baptizari
2186 3991 2206 4041 ,·
2231 3975 2324 4030 sed
2354 3976 2629 4044 indigebat
2671 3978 2889 4047 quidem
2922 3978 3011 4033 ille
3048 3980 3142 4049 qui

319 4073 377 4125 ad
407 4073 731 4141 passionem.
779 4070 919 4125 Dicit
947 4070 1090 4124 enim
1117 4087 1131 4123 ε
1157 4068 1310 4136 Quod
1358 4069 1476 4123 dico
1578 4065 1796 4122 lucerna
1825 4077 1944 4121 erat
1967 4068 2164 4123 ardens
2193 4086 2207 4123 ε
2258 4066 2479 4124 lucerna
2528 4070 2828 4125 immissum
2860 4071 3024 4126 babet
3057 4071 3142 4124 lu-

319 4165 412 4226 ris,
446 4165 503 4217 in
538 4164 734 4217 lumine
761 4163 958 4227 dicite,
995 4170 1041 4215 et
1087 4161 1225 4230 quod
1267 4162 1320 4214 in
1351 4175 1479 4213 aure
1579 4174 1733 4225 men;
1765 4175 1871 4214 non
1904 4169 2079 4214 tamen
2108 4161 2175 4215 ab
2211 4160 2354 4215 inlus
2395 4161 2734 4217 efficientiam
2760 4162 2899 4217 sicut
2941 4162 3022 4217 sol
3072 4163 3137 4217 ¹⁰.

319 4259 430 4309 mis
454 4258 736 4325 praedicate
769 4257 830 4312 ¹⁸.
886 4255 1158 4311 Assumite
1186 4296 1202 4323 ‚
1261 4255 1436 4325 inquit
1460 4294 1478 4322 ,
1582 4251 1710 4315 Vos.
1749 4252 1944 4322 iuquit,
1968 4254 2178 4310 modice
2204 4255 2450 4311 voluistis
2495 4255 2716 4327 gloriari
2741 4256 2793 4310 in
2827 4254 3031 4310 lumine
3056 4255 3143 4310 lu-

324 4358 517 4402 exeant
535 4347 699 4401 verba
724 4359 903 4403 vestra
932 4362 1100 4416 usque
1129 4347 1195 4401 ad
1219 4347 1479 4403 teu-tutinus
1579 4354 1778 4406 (ἵππω,
1802 4341 1955 4396 vobis
1984 4342 2201 4397 lucerna
2226 4353 2310 4399 esi
2333 4343 2485 4400 utilis
2516 4361 2532 4401 t
2569 4343 2646 4399 illi
2677 4354 2856 4401 aulem
2886 4345 2961 4400 ila
2988 4353 3144 4401 erint

319 4439 477 4495 neatis
508 4441 558 4495 id
589 4440 655 4495 de
684 4454 788 4510 quo
818 4440 917 4509 ipsi
940 4438 1076 4495 certi
1100 4440 1233 4495 estis
1260 4438 1473 4495 effecti:
1580 4432 1731 4497 caeci,
1760 4440 1818 4486 ut
1838 4446 1907 4486 ne
1936 4433 2151 4503 quidem
2171 4433 2402 4491 lucernae
2428 4435 2669 4491 viderent
2694 4436 2857 4504 viam,
2881 4451 3057 4507 neque
3086 4436 3140 4492 in

320 4532 468 4586 idere
522 4531 819 4597 talentum3
876 4532 1074 4587 mittite
1115 4531 1373 4601 pecunias
1423 4530 1479 4585 in
1509 4522 1787 4607 „lumine
1840 4523 2178 4581 ambularent
2224 4537 2371 4583 recte
2396 4529 2483 4582 ¹⁸:
2534 4529 2687 4595 Quod
2750 4529 2867 4584 dico
2894 4530 3038 4586 vobio
3084 4531 3141 4584 in

319 4638 415 4690 :am
448 4623 742 4678 enim-mea
775 4623 840 4676 ad
865 4622 1096 4677 salntem
1138 4620 1353 4679 illorum
1387 4620 1479 4690 qui
1586 4615 1830 4679 tenebris,
1864 4617 2021 4671 dicite
2067 4621 2122 4671 in
2163 4618 2359 4674 lumine
2379 4636 2399 4685 ,·
2429 4620 2534 4675 hoc
2572 4628 2678 4686 est,
2729 4619 2992 4676 absconsa
3024 4635 3145 4691 quae

321 4711 382 4765 ti.
416 4709 520 4766 Sed
547 4710 690 4765 dicet
717 4710 839 4779 quis
869 4726 886 4764 ε
914 4710 958 4765 si
985 4710 1180 4764 bonum
1203 4716 1289 4764 est
1316 4708 1367 4762 in
1402 4706 1484 4760 lu·
1582 4709 1835 4764 dicuntur
1865 4707 2095 4764 clamate
2124 4726 2140 4765 z
2178 4708 2246 4763 Et
2273 4710 2415 4781 quod
2432 4712 2484 4764 in
2513 4728 2642 4765 aure
2673 4712 2917 4775 audistis,
2952 4713 3147 4781 proedi·

335 4818 432 4857 cur
460 4802 573 4872 ipse
603 4802 655 4856 in
689 4800 931 4856 tenebris
963 4807 1047 4854 est
1065 4799 1312 4853 locutus?
1361 4804 1417 4853 et
1436 4796 1482 4853 si
1587 4812 1701 4856 cate
1728 4803 1783 4856 in
1805 4802 1996 4868 Μαίη
2034 4803 2296 4858 assumite
2333 4805 2652 4859 constantiae
2683 4804 2953 4859 fiduciam.
2979 4804 3147 4860 Assu-

319 4917 412 4971 pra
443 4909 582 4956 tecta
626 4900 942 4970 praedicare,
982 4914 1080 4953 cut·
1110 4899 1221 4968 ipse
1267 4896 1321 4951 in
1355 4911 1486 4953 aure
1602 4907 1812 4947 mamus
1839 4903 1897 4946 et
1926 4907 2023 4948 nos
2050 4894 2430 4948 constantiam.
2460 4892 2566 4949 Sed
2615 4893 2742 4964 quid
2785 4903 2869 4948 est
2893 4894 3034 4963 quod
3066 4893 3147 4949 in-

319 4994 364 5048 Si
386 4994 530 5049 enim
553 4995 665 5063 ipse
690 4993 755 5047 de
780 4992 1070 5062 semetipso
1091 4990 1271 5046 dicere
1289 4989 1476 5045 l’rau...
1588 4983 1876 5053 sequitur?
1933 4981 2209 5038 Timetnus
2237 4982 2302 5037 ad
2339 4982 2713 5051 insequentem
2763 4982 3148 5053 suspicionem.

319 5090 476 5155 iqnae
506 5086 617 5154 jam
642 5087 827 5142 dixere
850 5085 1044 5146 «ludaei.
1078 5081 1156 5138 Tu
1201 5085 1264 5138 de
1299 5093 1482 5138 temet·
1588 5075 1698 5131 Sed
1732 5076 1810 5130 ait
1853 5075 2109 5129 Dominus
2135 5115 2152 5142 ‚
2192 5073 2374 5129 Nolite
2418 5074 2601 5128 timere
2632 5072 2699 5127 ¹¹.
2734 5070 2849 5127 Non
2881 5072 3044 5144 igitur
3086 5071 3150 5125 ti-

319 5179 379 5243 ὴ,
398 5189 447 5232 et
469 5179 980 5234 mumoniummum
1007 5193 1110 5231 mm
1129 5187 1202 5232 m
1224 5192 1398 5230 „emm
1417 5175 1484 5229 ι’,
1590 5181 1833 5222 meamus
1856 5182 1979 5221 cum
2012 5165 2369 5221 interficimur
2400 5182 2415 5220 ε
2443 5165 2557 5236 ipse
2588 5166 2730 5221 enlin
2779 5164 3038 5219 Dominus
3063 5164 3149 5217 di-

319 5286 331 5325 t
372 5270 646 5325 videretur
673 5270 930 5324 bonorem
963 5267 1062 5324 sibi
1097 5267 1382 5323 vendicare
1430 5274 1487 5321 et
1590 5260 1666 5315 cit
1703 5279 1717 5314 ε
1755 5255 1942 5312 Nolite
1966 5258 2150 5312 timere
2175 5273 2261 5312 eos
2285 5257 2377 5329 qui
2401 5257 2640 5312 occidunt
2671 5272 2879 5327 corpus,
2919 5258 3150 5309 animam

343 5376 503 5417 causa
537 5361 683 5430 loqui
708 5401 724 5421 .
766 5371 824 5417 et
855 5376 922 5417 ne
973 5359 1330 5429 praevenirent
1374 5366 1486 5413 sta·
1590 5362 1761 5408 autem
1781 5357 1884 5407 uon
1903 5360 2120 5421 possunt
2140 5351 2372 5407 occidere
2386 5352 2453 5407 ⁸¹.
2475 5350 2663 5406 Divisit
2690 5351 2935 5406 timorem
2953 5366 2968 5413 ;
2986 5358 3042 5405 ει
3065 5352 3149 5404 bo·

319 5470 340 5511 s
359 5453 662 5526 passionem
682 5451 851 5508 Judaei
879 5453 970 5524 qui
994 5453 1173 5509 omnia
1190 5460 1317 5507 sunt
1329 5449 1483 5517 ausi;
1562 5517 1568 5523 ·
1593 5446 1826 5502 minibus
1854 5446 2071 5516 quidem
2098 5443 2246 5501 dedit
2263 5451 2584 5516 potestatem
2615 5443 2898 5499 adversum
2933 5455 3150 5513 corpus,

319 5587 349 5638 t,
379 5571 468 5627 27.
528 5570 571 5603 ¹⁷
595 5568 753 5626 «ioan.
786 5584 905 5639 vm,
927 5570 1015 5626 ¹3.
1074 5567 1116 5601 ⁸⁸
1147 5565 1300 5624 δοίη.
1327 5581 1382 5635 v,
1409 5564 1498 5633 5⁴,
1523 5563 1612 5621 36.
1658 5563 1701 5597 ⁸⁸
1726 5562 1915 5620 Mattb.
1953 5578 2039 5631 nt,
2071 5560 2156 5618 ss.
2204 5560 2251 5593 ’⁶
2281 5558 2435 5618 Joan.
2455 5575 2508 5627 v,
2525 5556 2617 5618 55.
2687 5560 2732 5593 ¹¹
2760 5557 2948 5615 nauh.
2977 5572 3032 5625 x,
3058 5553 3149 5611 27.

320 5779 420 5818 ‘aus
440 5773 566 5819 met
601 5762 796 5831 ntique.
