3692 6134
845 341 932 397 DE
965 340 1121 398 1³th
1158 339 1524 397 ADVERSUS
1564 335 1976 395 SABELLIUM.
2015 369 2086 380 —
2122 336 2249 391 ΜΒ.
2290 337 2332 393 t.

3067 313 3215 394 1050'

319 472 438 519 ntem
471 476 570 535 per
601 423 795 533 corpus
823 461 871 517 is
894 462 985 531 qui
1009 472 1131 516 erat
1152 470 1357 517 naturae
1397 460 1536 515 invi-
1561 450 1609 533 Ἀ
1641 468 1751 515 tur.
1793 458 2017 514 Audebo
2051 469 2184 514 sane
2211 455 2392 513 dicere
2422 469 2549 511 vera
2584 474 2597 510 ε
2633 454 2757 524 quia
2788 470 2891 510 nou
2916 456 3090 510 solum
3126 458 3210 511 ni-

319 555 670 628 Congaudens
698 554 864 626 igitur
889 554 1044 610 nobis
1066 553 1303 609 Joannes
1325 563 1380 609 et
1403 554 1528 620 sibi,

354 650 666 720 indigebant
703 647 930 704 salutem
971 662 1092 718 quae
1134 663 1163 702 a
1195 646 1424 703 Domino
1447 658 1533 701 est

323 741 544 805 elizans,
594 749 650 796 et
696 740 1042 809 semetipsum
1090 747 1146 793 et
1195 752 1314 803 nos,
1336 737 1533 809 gaudio

330 833 678 903 praesentiam
711 835 923 902 sponsi,
951 833 1110 894 Ecce,
1148 832 1342 900 inquit,
1389 830 1533 899 quod

322 941 405 992 ur,
450 940 580 982 ecce
629 940 778 996 spes,
823 938 952 981 ecce
988 924 1157 979 salus.
1210 922 1346 992 Spes
1389 922 1531 977 bona

319 1025 646 1086 assumptum
693 1024 935 1069 nostrum
979 1023 1063 1068 est
1111 1028 1334 1083 corpus,
1369 1026 1535 1068 vene-

319 1116 459 1160 ctum
496 1115 579 1161 est
635 1104 857 1167 diaboli,
895 1103 1247 1159 mortificatus
1290 1111 1375 1158 est
1416 1117 1529 1157 ser-

319 1213 330 1251 ι
372 1196 519 1251 enim
567 1204 654 1249 est
695 1194 784 1264 qui
835 1194 1147 1264 assumpsit.
1191 1193 1332 1249 Ecce
1386 1190 1531 1261 quod

324 1303 407 1351 ur,
446 1301 572 1342 cccc
596 1285 736 1353 quod
761 1285 1104 1354 sperabatur,
1140 1298 1267 1340 ecce
1303 1283 1535 1339 admira·

320 1395 346 1432 t·
368 1379 480 1449 jam
517 1385 818 1446 peccatum,
858 1376 1185 1430 interficitur
1213 1390 1381 1439 mors,
1419 1376 1534 1443 ρεΙ-

319 1474 432 1526 »tela
465 1486 480 1525 t
513 1470 646 1524 Ecce
688 1486 853 1541 agnus
880 1469 1007 1534 Dei,
1035 1471 1124 1540 qui
1153 1470 1288 1525 tottii
1322 1482 1533 1539 peccata

319 1563 432 1630 Quid
481 1560 690 1630 inquit.
735 1576 836 1631 ego
895 1560 1082 1615 laboro
1123 1563 1177 1614 in
1219 1560 1532 1630 poeuiteutia

319 1648 471 1719 quid,
500 1647 714 1702 insudo?
743 1647 1065 1716 baptismum
1092 1648 1233 1701 enim
1268 1648 1409 1718 quod
1438 1661 1536 1717 per

319 1742 513 1805 ibatur,
557 1756 660 1793 uon
694 1749 813 1795 erat
859 1740 1108 1804 idoneum
1143 1740 1210 1794 ad
1255 1739 1532 1811 purgatio-

356 1847 459 1887 non
519 1832 885 1887 remissionem
928 1838 1274 1899 peccaturum
1322 1839 1535 1900 poterat
1561 1813 1609 1870 Β

319 1940 384 1991 ·ε,
416 1928 508 1980 sed
541 1926 860 1980 hortabatur
887 1925 954 1979 ad
978 1923 1368 1995 poenitentiam.
1405 1923 1535 1980 Ser-

320 2029 444 2088 rat,
489 2029 543 2075 et
591 2035 697 2076 non
727 2028 941 2091 poterat
979 2020 1222 2076 donare:
1257 2018 1359 2075 soli
1389 2020 1536 2075 enim

319 2121 355 2166 ει
393 2128 486 2166 sua
516 2111 739 2167 donare.
764 2111 926 2178 Quid,
955 2111 1154 2180 inquit,
1181 2109 1398 2181 baptizo
1421 2111 1534 2178 jam

326 2204 567 2260 itentiam
592 2203 615 2257 7
642 2203 781 2258 Ecce
811 2203 901 2272 qui
935 2203 1110 2271 tollit,
1136 2216 1262 2258 ecce
1286 2202 1376 2272 qui
1406 2216 1540 2256 exu-

320 2296 482 2359 dicat,
521 2296 613 2365 qui
647 2294 861 2365 penitus
883 2293 1065 2349 evenit
1095 2302 1401 2363 peccatum,
1433 2309 1538 2348 non

327 2387 563 2456 quinque
609 2394 705 2440 aut
749 2400 843 2441 sex
899 2384 1179 2439 hominum
1228 2383 1320 2454 qui
1364 2400 1394 2437 a
1455 2397 1542 2438 nte

319 2495 348 2544 ·,
383 2480 478 2534 sed
515 2479 701 2544 totius,
727 2477 924 2549 inquit,
956 2475 1163 2532 mundi.
1197 2474 1371 2530 Homo
1396 2474 1543 2530 enim

319 2550 513 2627 ‚totius
539 2569 722 2625 mundi
758 2579 978 2639 peccata
1022 2566 1228 2632 tollere,
1268 2566 1395 2636 quia
1421 2580 1544 2621 om·-

319 2676 362 2717 es
401 2677 467 2717 ex
495 2661 689 2726 Adam,
723 2669 779 2718 et
825 2674 930 2714 non
965 2674 1030 2714 ex
1067 2658 1197 2714 Deo.
1270 2656 1387 2713 Non
1415 2656 1544 2729 quia

324 2752 414 2822 qui
469 2768 572 2806 non
606 2760 688 2807 est
733 2766 766 2806 a
800 2750 909 2806 Deo
939 2758 1156 2806 creatus
1197 2764 1295 2820 per
1321 2748 1542 2816 Filium,

319 2844 474 2898 bonno
501 2843 700 2914 quique
731 2842 1016 2915 progenies
1042 2842 1171 2898 Adae
1203 2849 1318 2904 est,
1348 2851 1399 2898 et
1436 2856 1545 2897 non

320 2937 543 2993 >eccatis
570 2936 832 3007 subjacet.
863 2935 972 2992 Nos
1001 2935 1142 2991 euim
1177 2936 1228 2988 in
1266 2935 1375 2989 ictu
1406 2943 1461 2989 et
1489 2936 1549 3001 i.
1590 2939 1639 2968 Ἃ

342 3029 453 3084 rite
498 3029 774 3083 constituti
822 3041 1110 3100 peccamus
1166 3036 1223 3084 et
1266 3026 1453 3098 ,lingua
1488 3033 1548 3081 ει

1635 548 1711 604 nit
1753 548 1878 603 mali
1930 547 1998 602 ad
2028 545 2459 601 additamentum
2494 545 2719 615 suscipit
2750 545 2838 600 ilia
2874 556 3087 614 natura,
3115 550 3209 602 sed

1633 654 1739 695 nec
1768 638 1921 694 boni.
1966 638 2024 694 Si
2049 650 2181 709 ergo
2209 635 2409 690 malum
2438 651 2541 691 nou
2569 638 2830 707 suscepit,
2861 638 2987 707 quia
3018 637 3209 695 lumini

1634 731 1873 787 tenebrae
1900 742 2004 784 non
2037 727 2437 799 permiscentur
2468 745 2484 782 ε
2522 730 2719 783 bonum
2770 739 2948 783 autem
3002 730 3213 785 addita·

1633 829 1875 877 mentum
1924 835 2031 876 non
2068 819 2317 890 indiget,
2346 820 2471 889 quia
2506 817 2805 887 perfectum
2855 821 3037 890 genuit
3084 836 3210 890 ρει·-

1634 913 1846 969 fectus:
1881 927 1987 966 nott
2028 921 2114 966 est
2159 910 2430 980 promotio
2454 910 2711 965 derelicta
2746 911 2876 966 titio.
2925 910 3041 966 Nun
3070 927 3213 967 ttttue

1632 1005 1774 1068 dico,
1808 1004 1902 1059 sed
1942 1019 2040 1058 uec
2076 1012 2233 1058 antea
2274 1021 2289 1057 ε
2325 1001 2603 1072 perfectus
2642 1003 2787 1057 enim
2834 1014 2917 1058 est
2943 1014 3129 1066 natus,
3157 1011 3215 1057 ει

1632 1098 1755 1153 ideo
1793 1096 1928 1152 nibil
1967 1095 2321 1151 additamenti
2352 1095 2565 1164 accipit,
2599 1095 2730 1149 nibil
2770 1094 3045 1163 acquirit:
3090 1109 3216 1165 ρει·

1636 1187 1813 1244 fectus
1845 1189 1993 1243 enim
2041 1196 2130 1243 est
2189 1186 2475 1258 progenies
2522 1188 2748 1258 perfecti
2781 1186 2917 1257 (69),
2962 1186 3216 1242 omnibus

1640 1283 1857 1352 quidem
1891 1282 2162 1338 sufficiens
2190 1283 2412 1345 donare,
2446 1282 2562 1351 ipse
2594 1288 2774 1335 autem
2805 1295 2911 1334 non
2944 1279 3213 1349 indigene„

1633 1374 1767 1430 nibil
1798 1375 1867 1430 ab
1896 1375 1983 1429 bis
2024 1389 2143 1445 quae
2195 1372 2324 1428 fecit
2352 1373 2520 1429 Filius
2558 1372 2767 1442 accepit
2799 1390 2813 1427 :
2843 1374 2969 1442 quia
3017 1371 3216 1427 antici·-

1631 1480 1767 1534 pans
1788 1463 1903 1536 (7⁰)
1930 1465 2110 1521 omnia
2148 1465 2312 1520 babet
2356 1464 2459 1520 sibi
2484 1462 2606 1518 data
2636 1478 2668 1517 a
2700 1462 2879 1518 Patre.
2940 1461 3057 1518 Non
3091 1476 3216 1516 cum

1633 1558 1901 1625 apparuit,
1938 1567 2065 1613 tunc
2098 1566 2155 1613 et
2202 1555 2412 1622 vitium
2460 1570 2567 1611 non
2591 1570 2716 1610 cum
2751 1555 3053 1618 nobiscum,
3089 1566 3217 1609 tunc

1632 1658 1690 1705 et
1730 1652 1869 1717 apud
1924 1651 2091 1707 Deum
2134 1653 2275 1706 :sed
2320 1650 2771 1719 quemadmodum
2830 1650 2885 1703 in
2949 1647 3217 1718 principio

1634 1750 1751 1794 erat
1790 1739 2044 1806 Verbum,
2104 1741 2158 1795 in
2223 1741 2489 1812 principio
2548 1749 2695 1806 erat,
2764 1753 2869 1793 non
2925 1746 3103 1791 tamen
3133 1738 3216 1793 ·in

1634 1831 1942 1888 novissimis
1987 1834 2359 1901 temporibus:
2404 1835 2457 1888 in
2518 1830 2809 1904 principio,
2870 1844 2975 1884 non
3038 1837 3217 1884 tamen

1637 1937 1758 1996 post
1790 1927 1988 1982 saecuta
2038 1943 2159 1999 quae
2206 1930 2504 1999 peripsum
2552 1928 2692 1983 facta
2740 1935 2888 1985 sunt.
2948 1926 3002 1980 ln
3060 1924 3218 1996 priu-

1636 2019 1776 2087 cipio
1813 2030 1941 2074 ante
1994 2034 2183 2074 omnes
2227 2023 2367 2090 apud
2417 2022 2579 2076 Deum
2613 2060 2629 2084 ,
2674 2028 2800 2075 ante
2844 2017 3058 2075 eteius:
3106 2031 3218 2073 non

1634 2113 1780 2168 enim
1834 2114 2170 2169 necessarios
2232 2114 2462 2169 babebat
2506 2113 2673 2168 coeios
2711 2113 2780 2165 ad
2828 2109 3217 2177 habitandum:

1637 2206 1905 2277 siquidem
1962 2220 2063 2261 nec
2114 2215 2244 2260 tunc
2295 2218 2417 2260 cum
2475 2203 2674 2259 factum
2728 2210 2813 2256 est
2873 2198 3098 2288 ctutum,
3147 2196 3217 2252 ad

1639 2313 1796 2355 usum
1831 2298 2031 2354 factum
2055 2308 2139 2353 est
2162 2295 2279 2362 Dei,
2306 2295 2400 2350 sed
2423 2295 2489 2349 ad
2514 2295 2832 2351 beneficium
2863 2289 3034 2363 ipsius
3054 2288 3208 2354 cmii,

1640 2400 1697 2445 et
1724 2403 1912 2444 eorum
1936 2389 2025 2458 qui
2051 2389 2154 2444 sub
2180 2386 2322 2443 coelo
2356 2394 2478 2441 suut
2503 2391 2856 2462 creatumlest
2880 2382 3100 2439 coe!um.
3147 2380 3215 2435 Iu

1644 2483 1901 2552 principio
1937 2493 2051 2537 erat
2079 2496 2099 2535 .·
2144 2494 2298 2536 serva
2332 2481 2476 2551 quod
2500 2488 2618 2535 erat
2641 2469 2775 2548 (71).
2812 2474 2871 2531 st
2895 2476 3040 2530 enim
3072 2482 3125 2530 et
3158 2482 3216 2527 tu

1642 2587 1752 2629 uon
1787 2573 2016 2638 dixeris,
2044 2572 2196 2640 Erat,
2229 2571 2320 2628 iilo
2344 2572 2560 2642 quidem
2602 2537 2787 2638 “fuet
2808 2568 2951 2640 quod
2978 2576 3120 2635 erat,
3163 2577 3221 2624 tu

1642 2677 1824 2722 autem
1868 2664 2213 2721 fraudaveris
2262 2672 2321 2718 ut
2366 2664 2468 2720 sis.
2497 2662 2642 2740 ,Bm
2692 2660 2839 2717 enim
2872 2675 2939 2716 ex
2977 2659 3063 2715 bis
3104 2672 3223 2728 quae

1646 2760 1877 2816 dicimus
1913 2755 2218 2814 efficiuntur
2263 2747 2494 2828 negotis
2525 2768 2706 2810 rerum
2737 2772 2752 2810 ε
2786 2753 2879 2809 sed
2916 2752 2959 2807 si
2987 2750 3220 2807 confessi

1646 2848 1908 2904 fuerimus
1949 2856 2007 2901 ut
2034 2860 2095 2903 stt
2120 2860 2210 2903 res
2246 2846 2450 2903 babere
2470 2844 2742 2909 videntur,
2776 2843 3124 2900 salvabimur.
3160 2841 3219 2897 Si

1642 2919 2155 2996 utemdeiinntes
2196 2951 2303 2992 non
2352 2945 2414 2990 ut
2461 2948 2521 2990 sc
2553 2934 2716 2989 babet
2753 2935 3023 3006 negotium
3059 2933 3220 2987 locuti

1647 3029 1947 3097 fuerimus3
1977 3027 2110 3100 ipsae
2151 3027 2370 3096 quidem
2410 3042 2498 3083 res
2523 3035 2759 3087 manent,
2799 3041 2898 3080 nos
2922 3033 3099 3079 autem
3133 3024 3221 3094 ju-

320 3121 359 3175 ti
403 3130 582 3177 autem
610 3128 891 3191 peccatum
925 3134 1032 3175 nou
1068 3117 1216 3185 fecit,
1247 3131 1426 3210 neque
1448 3115 1546 3172 do-
1571 3160 1620 3219 c
1649 3122 1970 3179 dicabimur.
2018 3120 2171 3187 Erat,
2202 3129 2258 3175 et
2286 3128 2429 3185 erat,
2458 3129 2513 3175 et
2546 3128 2685 3174 erat.
2720 3115 2786 3171 In
2826 3116 3083 3186 principio
3105 3125 3219 3169 emt

353 3215 403 3268 in
433 3229 530 3270 ore
562 3228 680 3278 suo,
714 3225 774 3270 ut
812 3228 989 3282 neque
1016 3227 1181 3284 opere
1218 3226 1394 3283 neque
1424 3225 1544 3269 ser·
1659 3211 1879 3269 Verbum
1915 3227 1936 3268 .·
1973 3226 2101 3268 ecce
2136 3211 2300 3266 semel
2348 3220 2511 3267 erat:
2547 3220 2597 3265 et
2644 3208 2869 3264 Verbum
2918 3218 3032 3263 erat
3076 3206 3218 3276 apud

319 3313 442 3369 iret,
492 3302 608 3371 ipsa
650 3303 859 3373 justitia
893 3311 996 3359 est.
1046 3300 1146 3370 Qui
1180 3316 1312 3372 ergo
1334 3302 1543 3373 justitia

319 3408 340 3445 ι
374 3392 608 3446 babebat
630 3402 874 3461 peccata,
900 3395 1076 3464 potuit
1107 3393 1292 3448 mundi
1325 3401 1544 3464 peccata

320 3480 369 3535 ui
404 3491 630 3551 aegrotat
668 3483 813 3538 enim
842 3484 1010 3539 alium
1062 3498 1261 3540 sanare
1302 3499 1409 3540 non
1446 3499 1544 3556 ρο-

350 3572 588 3644 peccatis
613 3573 874 3643 subiacet,
899 3572 1077 3631 aliena
1108 3582 1328 3646 portare
1352 3575 1550 3631 delicta

321 3700 338 3717 .
383 3663 488 3731 Qui
525 3674 705 3721 autem
753 3680 862 3722 non
914 3667 1178 3737 peccavit,
1219 3682 1397 3740 neque
1444 3669 1550 3726 scit

341 3756 443 3812 iste
475 3771 572 3811 sua
601 3756 809 3814 virtute
844 3748 1070 3814 aliorum
1098 3760 1327 3817 assumit
1354 3769 1410 3816 et
1441 3759 1546 3817 toi-

320 3862 392 3902 m.
429 3848 687 3904 nonninus
728 3849 873 3906 enim
911 3851 1218 3921 baptizatur
1254 3866 1286 3907 a
1316 3849 1546 3917 «Ioanne,

324 3938 552 3995 aliorum
581 3941 775 3998 deiicta
809 3958 826 3996 ε
863 3955 1139 3997 assumens
1179 3950 1357 3997 autem
1373 3941 1549 3997 aufert

319 4033 468 4102 cepit.
502 4031 736 4089 Intueris
767 4034 928 4090 istum
960 4034 1227 4090 visibilem
1259 4035 1425 4091 solem
1452 4034 1543 4104 qui

325 4122 502 4180 factus
538 4125 661 4181 est?
692 4126 794 4181 iste
826 4125 910 4181 sol
941 4125 1174 4181 visibilis
1218 4136 1366 4183 certe
1407 4141 1548 4183 unus

322 4215 441 4271 ibus
473 4232 593 4285 quae
623 4232 719 4287 ρει·
746 4216 944 4273 Filium
972 4216 1115 4274 facta
1138 4230 1283 4274 sunt.
1328 4219 1433 4274 iste
1454 4233 1548 4274 or-

319 4308 600 4380 contingit,
643 4318 699 4364 ει
747 4309 946 4365 fetores
991 4318 1048 4367 ει
1077 4325 1310 4367 coenum.
1357 4308 1428 4366 Et
1455 4310 1546 4366 iiia

319 4398 563 4454 enabent
607 4400 831 4456 fetorem
863 4401 1056 4458 liberat
1081 4416 1112 4456 a
1172 4400 1382 4465 fetore;
1431 4402 1547 4469 ipse

1649 3301 1813 3358 Deum
1828 3304 1899 3367 ⁸⁸,
1934 3312 1991 3358 et
2016 3302 2209 3358 iterum
2241 3302 2356 3375 (72)
2408 3308 2565 3357 erat:
2597 3310 2648 3356 et
2668 3300 2808 3355 Deus
2822 3310 2935 3355 erat
2960 3299 3217 3355 Verbum:

1644 3408 1776 3454 eece
1807 3395 2135 3454 tertio-erat.
2176 3393 2279 3451 1150
2310 3405 2424 3450 emt
2461 3395 2518 3448 t'tt
2563 3393 2819 3463 principio
2851 3393 2992 3462 apud
3029 3391 3217 3447 Deum.

1643 3483 1776 3544 Post
1805 3493 2039 3556 quatuor
2078 3486 2179 3541 bas
2213 3500 2380 3542 voces
2422 3484 2600 3541 adhuc
2635 3483 2852 3539 dubitas
2882 3484 3024 3553 quod
3062 3482 3221 3538 erat?

1645 3587 1701 3634 et
1735 3578 1953 3645 iterum,
1982 3574 2103 3633 Vita
2136 3586 2276 3641 erat,
2306 3585 2363 3633 et
2386 3577 2501 3631 vita
2539 3584 2658 3632 erat
2688 3574 2781 3630 iux
2812 3574 3109 3629 bominum.
3158 3572 3219 3627 Si

1645 3668 1778 3727 dicit
1807 3668 2159 3741 evangelista,
2200 3668 2295 3738 qui
2338 3684 2404 3724 ex
2443 3678 2662 3738 pectore
2697 3667 2907 3723 Domini
2955 3666 3216 3730 haurivit,

1647 3757 1803 3828 Erat,
1855 3767 1911 3815 et
1962 3759 2066 3815 boc
2114 3758 2469 3830 frequenter:
2501 3772 2567 3815 ex
2611 3759 2701 3816 his
2742 3773 2863 3829 quae
2903 3771 3046 3827 saepe
3078 3759 3219 3813 dicta

1643 3858 1773 3908 sunt
1824 3864 1895 3906 ne
1937 3848 2152 3919 quidem
2183 3865 2348 3906 uuum
2386 3859 2579 3907 tenes:
2614 3858 2670 3906 et
2704 3863 2863 3920 quem
2909 3849 3099 3905 taedis?
3127 3848 3222 3905 lite

1645 3943 1789 4000 euim
1815 3942 1906 4012 qui
1932 3951 2072 4008 erat,
2099 3950 2203 4009 est,
2231 3950 2286 3997 et
2312 3956 2418 3997 non
2451 3941 2685 4004 cessavit
2710 3950 2769 3995 ut
2793 3941 2886 3996 sit.
2931 3939 3010 3996 Tu
3038 3951 3220 3997 autem

1647 4050 1757 4092 non
1789 4035 1898 4091 eris
1937 4033 2094 4104 eius,
2145 4035 2247 4091 nisi
2293 4032 2463 4090 fueris
2501 4033 2780 4090 confessus
2823 4032 2950 4103 quia
2979 4041 3133 4099 erat,
3163 4040 3220 4087 ct

1647 4137 1731 4189 est
1751 4138 1806 4185 et
1833 4128 1936 4184 erit
1970 4147 1984 4184 ι
2020 4138 2074 4185 ει
2108 4142 2380 4198 nunquam
2409 4128 2639 4184 cessavit
2665 4135 2724 4182 ut
2753 4140 2861 4182 non
2890 4125 2981 4182 sit.
3005 4124 3223 4181 Princi-

1646 4223 1795 4296 pium
1826 4221 2086 4291 evangeiii
2120 4221 2271 4287 dicit,
2304 4218 2437 4276 Erat
2464 4236 2485 4275 .·
2525 4226 2579 4274 et
2618 4227 2676 4276 tu
2725 4218 2909 4274 statim
2965 4216 3216 4273 dubitas:

1645 4313 1875 4372 necdum
1899 4314 2112 4385 coepisti
2144 4314 2344 4385 legere,
2380 4325 2436 4369 et
2461 4311 2752 4371 offendisti.
2786 4310 3124 4383 Evangeiista
3149 4308 3225 4364 ab

1647 4407 1781 4465 Erat
1809 4408 1997 4478 coepit,
2025 4417 2078 4464 et
2108 4416 2161 4462 tu
2194 4405 2327 4461 Erat
2374 4404 2640 4462 interimis
2660 4405 2689 4460 f
2730 4403 2970 4460 Necdum
3013 4400 3216 4470 legisti.

319 4506 370 4545 >n
398 4492 712 4563 coinquinat
732 4494 803 4548 ab
830 4492 918 4548 bis
945 4509 1067 4563 quae
1090 4494 1337 4566 detergit.
1361 4493 1420 4549 Si
1446 4494 1544 4563 igi·
1575 4505 1622 4563 υ
1645 4507 1702 4555 ει
1723 4498 2079 4554 contradicis.
2110 4498 2233 4553 Erat
2270 4498 2324 4553 in
2352 4497 2615 4569 principio
2636 4506 2764 4553 ante
2790 4509 3013 4551 omnes:
3041 4494 3220 4548 bonus

319 4582 343 4636 ·i
383 4583 610 4638 visibilis
648 4584 741 4655 qui
772 4584 948 4639 oritur
977 4595 1031 4641 et
1063 4586 1284 4651 occidit,
1314 4585 1405 4654 qui
1438 4600 1542 4641 non

319 4692 330 4729 ι
373 4676 494 4742 fuit,
521 4676 614 4732 sed
644 4686 841 4747 quarto
883 4677 971 4733 die
1018 4693 1115 4747 ρει·
1138 4676 1332 4733 Filium
1372 4678 1546 4733 factus

319 4788 325 4819 ε
357 4768 440 4823 soi
472 4785 577 4824 non
610 4770 846 4839 repletur
877 4770 946 4825 ab
987 4769 1072 4826 his
1116 4785 1234 4841 quae
1256 4770 1542 4838 contingit,

325 4875 352 4915 s
380 4859 642 4917 Dominus
662 4862 885 4931 iustitia
929 4863 1018 4932 qui
1056 4871 1248 4933 purgat
1276 4871 1331 4918 et
1355 4876 1545 4917 emun-

319 4960 396 5006 cat
426 4960 482 5007 et
525 4952 814 5019 iiiuminat,
860 4969 971 5009 uon
997 4954 1448 5009 contaminabitur
1475 4955 1544 5009 ab

319 5044 565 5115 ontingit.
621 5043 739 5100 Non
791 5055 968 5116 potest
1003 5048 1146 5100 enim
1199 5044 1315 5115 ejus
1351 5053 1543 5100 natura

319 5135 369 5189 ·i.
431 5135 580 5191 Nihil
637 5138 690 5192 in
745 5152 867 5193 eum
932 5137 1235 5208 ingreditur
1287 5137 1542 5192 alienum.

319 5244 327 5280 ι
379 5237 535 5282 natus
576 5241 659 5283 est
710 5229 894 5294 semel,
937 5230 1038 5284 boc
1071 5238 1123 5283 et
1159 5237 1356 5284 manet.
1400 5226 1546 5283 Nihil

319 5315 745 5381 ntroduceretur,
778 5317 907 5372 nihii
936 5318 1111 5372 minus
1134 5328 1217 5374 est
1255 5327 1312 5373 ut
1339 5318 1548 5390 replea-

320 5447 358 5500 t,
388 5432 479 5488 29.
573 5434 619 5465 ⁸⁸
649 5433 775 5489 ibid.
805 5434 862 5489 2.

331 5656 452 5709 fudi
489 5658 638 5711 ebant
662 5659 853 5724 salute,
882 5676 999 5728 quoe
1031 5678 1064 5713 a
1100 5658 1322 5714 Domino
1346 5668 1443 5714 est.

331 5674 569 5797 Persgcea
590 5729 724 5781 enim
746 5738 819 5781 est
848 5731 1116 5802 progenies
1141 5730 1377 5801 perfecti.

325 5813 522 5865 opum.
542 5795 852 5868 Προλαόὠν.

1644 4588 1787 4645 enim
1815 4598 1899 4643 est
1923 4588 2112 4652 Pater.
2140 4598 2196 4645 ct
2225 4604 2328 4643 nou
2355 4596 2440 4644 est
2466 4588 2670 4644 divisus
2702 4600 2967 4661 generans
2988 4584 3177 4641 Filium
3197 4602 3220 4641 ι

1644 4689 1838 4750 potens
1866 4688 1971 4741 est,
2005 4688 2056 4736 et
2084 4694 2189 4736 non
2219 4688 2337 4734 erat
2363 4679 2414 4735 ei
2455 4677 2789 4749 impossibiie
2819 4675 3026 4748 impieri
3057 4690 3211 4729 suam

1646 4772 1967 4829 bonitatem.
2008 4771 2276 4843 Tempora
2299 4773 2442 4830 enim
2472 4782 2528 4830 et
2557 4772 2749 4828 saecuia
2776 4780 2831 4827 et
2858 4769 3031 4841 spatia
3055 4771 3217 4825 deor-

1645 4878 1765 4920 sum
1796 4873 1944 4920 sunt.
1986 4862 2103 4920 Noti
2127 4873 2444 4937 computare
2470 4862 2850 4937 unigenitaeiiii
2882 4869 3089 4918 naturae
3112 4862 3216 4915 aii·-

1647 4960 1825 5031 quid:
1855 4960 1989 5016 nihil
2012 4975 2080 5017 ex
2117 4962 2202 5017 itis
2232 4974 2353 5032 quae
2381 4960 2527 5016 facta
2572 4973 2670 5030 ρει·
2714 4958 2887 5029 ipsum
2924 4965 3095 5014 sunt:
3123 4954 3220 5011 sed

1649 5050 1909 5108 confitere
1935 5051 2150 5108 Patrem
2184 5065 2292 5107 non
2338 5058 2523 5107 natum
2548 5090 2564 5116 ,
2606 5057 2659 5106 et
2701 5048 2863 5105 atium
2895 5060 3002 5103 non
3029 5055 3213 5100 natum

1648 5156 1894 5214 quaerere
1921 5141 2059 5210 noii;
2082 5144 2208 5214 quia
2233 5157 2334 5199 nec
2365 5142 2626 5198 iuvenies.
2658 5140 2931 5197 Confitere
2953 5138 3219 5196 etFiiium

1648 5230 1981 5303 unigenitum
2029 5242 2214 5287 natum
2256 5245 2287 5286 a
2329 5230 2541 5287 Patre:
2592 5239 2647 5286 et
2701 5230 2863 5286 alium
2907 5229 3099 5285 Filium
3149 5242 3220 5282 ne

1649 5337 1883 5394 quaeras,
1909 5326 2003 5381 sed
2045 5339 2169 5381 eum
2198 5325 2288 5395 qui
2337 5331 2421 5380 est
2459 5337 2599 5379 unus
2634 5322 2959 5394 unigenitus,
3010 5319 3102 5391 qui
3148 5317 3221 5372 ab

1716 5590 1773 5664 (⁷
1783 5590 1830 5665 1)
1862 5590 2042 5649 Sena·
2069 5591 2257 5665 Τήρει,
2282 5590 2531 5649 observa.
2566 5588 2659 5647 stc
2681 5586 2819 5645 intra
2849 5584 2946 5644 us.
2968 5596 3035 5654 n,
3066 5583 3213 5643 eirca

1645 5665 1836 5805 mogh)
1868 5729 1935 5789 Et
1959 5732 2166 5788 iterum.
2198 5730 2356 5789 Forte
2383 5746 2447 5788 en
2472 5730 2592 5786 iter.
