3692 6134
225 338 363 395 1165

996 333 1089 393 DE
1126 333 1214 391 Eo
1250 332 1438 402 QUOD
1470 331 1652 393 DEUS
1688 331 1919 390 PATER
1956 332 2459 394 INCORPORALIS
2494 337 2645 395 EST.

3231 332 3237 338 “
3329 341 3464 399 tion

218 454 366 526 quod
398 452 456 508 in
480 449 875 509 consuetudine
912 457 997 505 est
1037 449 1178 521 apud
1217 464 1350 516 nos;
1384 457 1476 504 aut
1509 449 1797 521 significat,
1826 455 1877 514 A
1903 448 2085 506 sutura
2116 459 2300 516 erant;
2352 449 2481 521 quia
2520 465 2641 522 quat
2693 450 2882 522 incipit
2926 451 3125 518 videre,
3172 468 3277 509 non
3325 456 3471 512 videt

218 542 342 618 qtiia
379 560 477 617 per
515 545 620 601 tria
670 543 845 599 latera
931 549 1040 598 tres
1099 541 1349 610 regiones
1400 541 1617 597 babebit
1671 540 1801 597 illud
1909 555 2030 611 qua
2062 541 2332 619 videntur,
2381 542 2477 598 sed
2523 542 2670 599 videt
2712 558 2830 612 quae
2870 558 2978 599 non
3023 545 3292 602 videntur.
3347 544 3472 603 ideo

216 642 515 696 secundum
566 651 811 708 regnum.
866 634 1086 693 Tertius
1136 644 1314 692 autern
1345 636 1545 704 pardus
1581 633 1797 705 quidem

215 740 338 790 erat
364 740 627 801 quantum
678 729 746 784 ad
772 729 1059 795 visionem,
1109 736 1342 799 quatuor
1384 737 1567 782 autem
1618 726 1797 797 capita

210 807 476 880 habebat.
534 822 744 893 Siquis
803 829 980 877 autem
1030 831 1269 877 vestrum
1316 820 1452 875 vidit
1494 820 1550 875 in
1604 829 1797 876 natura

215 925 456 988 quatuor
504 912 682 984 capita
742 912 969 982 pardum
1025 910 1338 978 habentem,
1384 911 1456 966 sit
1505 910 1715 967 visibile
1740 919 1797 967 et

216 1007 420 1063 animal
440 1006 604 1062 istud.
653 1005 710 1060 Si
751 1012 929 1058 autem
959 1013 1210 1060 naturam
1241 1003 1526 1071 convertit,
1555 1001 1795 1060 forman-

217 1111 309 1156 tur
326 1109 505 1157 autem
530 1113 696 1169 regua
721 1111 817 1164 per
841 1096 1145 1152 istiusmodi
1175 1095 1436 1161 visiones,
1466 1095 1535 1150 ad
1566 1108 1793 1165 corpora

217 1204 329 1245 non
358 1187 764 1259 compellamus.
819 1185 1009 1253 Quarti
1037 1195 1220 1242 autem
1258 1185 1508 1241 animalis
1537 1185 1591 1240 in
1617 1193 1791 1241 totum

217 1298 323 1339 nec
360 1283 608 1353 figuratio
644 1291 726 1336 est
773 1281 971 1351 posita,
1030 1293 1097 1336 eo
1157 1280 1300 1351 quod
1347 1279 1688 1336 immutatum
1737 1287 1795 1337 et

216 1388 419 1430 novum
444 1389 475 1428 a
505 1373 715 1430 caeteris
746 1372 1051 1436 videbatur,
1077 1380 1136 1427 ut
1166 1387 1234 1428 ne
1257 1373 1472 1442 quidem
1499 1372 1791 1430 similitudo

217 1467 275 1522 in
300 1480 367 1523 eo
395 1463 619 1535 alicujus
643 1465 891 1521 animalis
920 1464 1225 1522 inveniatur
1251 1483 1266 1519 :
1292 1465 1407 1521 ltaec
1431 1465 1562 1520 vidit
1579 1463 1786 1520 Daniel.

216 1556 291 1612 Et
341 1566 468 1611 ante
522 1556 638 1612 baec
667 1571 684 1609 ε
716 1553 862 1620 Vidi,
907 1553 1104 1624 inquit,
1163 1564 1399 1624 quatuor
1452 1564 1630 1611 ventos
1675 1553 1790 1609 coeli

214 1645 548 1702 immittentes
571 1645 629 1700 in
652 1645 788 1699 mari
818 1659 1008 1714 magno
1060 1642 1130 1699 ⁸⁸.
1177 1642 1342 1701 Putas
1379 1655 1435 1701 et
1478 1647 1623 1702 venti
1656 1645 1787 1701 visi-

216 1737 357 1796 biles
402 1736 591 1793 suere?
621 1737 861 1805 Quatuor
902 1745 1082 1792 autem
1135 1736 1294 1792 simul
1340 1737 1704 1793 immittuntur
1731 1737 1786 1792 in

1899 640 2087 686 autem
2148 642 2205 686 et
2245 633 2582 702 nuncupatio
2635 643 2754 689 erat
2799 635 3183 707 prophetarum
3232 638 3355 705 ista,
3412 649 3472 694 ut

1898 723 2208 780 dicerentur
2244 725 2336 794 qui
2370 725 2598 780 vident:
2630 725 2757 795 quia
2793 727 2935 781 enim
2975 737 3029 783 et
3058 726 3194 800 apud
3230 745 3327 786 nos
3351 730 3473 801 qni-

1897 814 2020 870 dam
2050 815 2267 885 vident,
2318 817 2540 886 quidam
2576 831 2681 873 non
2710 816 2912 886 vident,
2940 827 2997 876 et
3027 820 3094 874 ad
3123 836 3299 878 caecos
3322 837 3475 879 com—-

1895 907 2107 978 paratio
2132 917 2217 964 est
2242 922 2431 964 eorum
2453 907 2547 979 qui
2574 907 2777 973 vident,
2807 919 2864 966 et
2884 910 3173 968 diversitas
3193 923 3250 970 et
3269 914 3471 970 discre-

1895 998 1972 1055 tio
1989 1007 2093 1056 est.
2130 998 2330 1057 Sumus
2361 1013 2540 1059 autem
2581 1012 2843 1075 quantum
2870 1004 2937 1058 ad
2982 1002 3470 1062 considerationem

1894 1090 2162 1148 visionum
2210 1107 2317 1149 non
2365 1095 2629 1152 videntes.
2690 1095 2889 1152 Vident
2940 1106 3120 1150 autem
3169 1096 3465 1168 prophetae.

1892 1196 2013 1253 quae
2052 1199 2151 1240 nos
2195 1199 2303 1240 non
2358 1185 2626 1242 videmus.
2681 1186 2761 1241 Ex
2828 1186 2942 1257 ipsa
2994 1201 3123 1256 ergo
3178 1184 3468 1244 efficientia

1892 1285 2218 1347 acceperunt
2255 1285 2314 1332 et
2352 1278 2804 1349 nuncupationem
2847 1279 2937 1349 qui
2986 1279 3316 1335 vocabantur
3339 1292 3468 1351 pro-

1890 1367 2066 1437 phetat
2110 1370 2407 1425 secundum
2474 1364 2719 1427 veterent
2779 1385 2999 1438 vocent,
3054 1387 3176 1427 cum
3232 1371 3469 1427 maximo

1890 1468 2217 1531 exceperunt
2263 1459 2350 1516 his
2390 1461 2482 1532 qui
2523 1462 2727 1518 vident.
2777 1461 2929 1519 Unde
2972 1472 3028 1519 et
3062 1464 3241 1521 multae
3273 1464 3466 1521 inscri-

1889 1550 2100 1621 ptiones
2133 1551 2269 1607 tales
2313 1551 2679 1617 inveniuntur,
2731 1554 2856 1608 dum
2908 1555 3083 1610 dicit:
3126 1554 3270 1610 Vitio
3305 1573 3463 1628 quam

1888 1645 2017 1699 vidit
2070 1642 2251 1700 Isaiae
2311 1645 2557 1700 adversus
2616 1643 2952 1716 AEqyptum:
2993 1643 3134 1700 Vitio
3187 1647 3466 1702 adversum

1887 1735 2239 1808 Babyloniam
2280 1737 2351 1794 ⁸⁸.
2381 1739 2520 1806 Quia
2563 1738 2729 1810 igitur
2765 1739 3038 1804 videbant,
3086 1749 3145 1795 ut
3192 1740 3468 1808 videbant,

216 1828 376 1883 marl.
415 1826 483 1883 Et
525 1841 677 1882 mare
713 1826 869 1892 vidit,
907 1826 998 1882 ubi
1039 1840 1206 1897 agens
1230 1839 1468 1896 praesens
1494 1841 1662 1894 mare,
1697 1833 1791 1882 aut
1817 1819 1867 1882 B
1892 1828 2152 1884 videbant
2190 1839 2370 1885 autem
2403 1845 2512 1886 non
2538 1838 2600 1886 ut
2628 1831 2897 1889 homines.
2948 1830 3078 1898 Quat
3133 1845 3261 1904 ergo
3299 1833 3470 1891 oculis

216 1934 328 1975 non
354 1932 592 1990 przeseus
618 1919 926 1989 conspexit.
981 1915 1051 1971 Et
1080 1927 1326 1988 quantor,
1371 1916 1568 1991 inquit,
1606 1932 1791 1971 ascen-

215 2012 410 2067 debant
435 2010 563 2081 sera»
599 2011 663 2065 de
706 2010 844 2064 mari
873 2010 920 2043 ⁸⁸
951 2028 964 2064 :
998 2009 1080 2064 lea
1117 2023 1187 2064 ex
1228 2008 1384 2076 mari,
1413 2018 1470 2063 et
1516 2023 1677 2064 ursus
1719 2022 1788 2064 ex

216 2103 381 2170 mari,
411 2111 465 2158 et
486 2103 687 2172 pardus
707 2117 775 2157 ex
800 2101 958 2157 mari.
987 2100 1214 2155 intueris
1230 2098 1354 2171 quia
1371 2101 1487 2171 ipsa
1508 2098 1787 2170 Scriptura

215 2208 317 2263 per
359 2209 423 2249 ea
454 2208 575 2263 quae
604 2193 820 2250 videtur
870 2192 1075 2263 ligare,
1135 2206 1233 2262 per
1277 2191 1468 2248 eadem
1511 2199 1567 2247 et
1603 2190 1784 2248 solvit.

219 2284 367 2342 Mare
405 2285 458 2341 in
491 2284 595 2340 illis
624 2299 732 2340 non
763 2296 882 2340 erat
909 2284 1066 2352 locis,
1115 2284 1204 2339 ubi
1235 2290 1355 2339 erat
1402 2283 1621 2345 Daniel..
1651 2283 1787 2342 Puta

213 2378 347 2449 quia
381 2383 500 2432 erat
545 2376 647 2442 lea,
688 2385 743 2432 et
768 2391 927 2432 ursus
966 2384 1023 2431 et
1063 2375 1266 2446 pardus
1294 2383 1349 2432 et
1399 2390 1596 2431 novum
1652 2375 1782 2432 illud

212 2467 421 2526 animal
450 2488 467 2526 z
493 2484 561 2525 ex
591 2469 728 2526 mari
749 2467 1023 2540 quomodo
1047 2467 1391 2525 ascendunt?
1423 2466 1583 2525 Venti
1610 2478 1787 2523 autem

214 2561 491 2635 quomodo
544 2563 835 2618 videntur?
898 2562 1036 2618 Puta
1100 2561 1226 2632 quia
1299 2561 1413 2616 visa
1477 2568 1605 2615 sunt
1662 2559 1786 2616 ista.

212 2654 480 2711 Ascendit
506 2654 590 2711 lea
614 2670 683 2711 ex
707 2655 867 2724 mari,
905 2655 1174 2727 quomodo
1200 2669 1422 2725 regnum
1450 2652 1506 2710 in
1536 2662 1699 2709 terra.
1730 2652 1789 2709 Si

212 2756 400 2802 autem
421 2762 643 2816 regnum
670 2747 724 2802 in
752 2756 897 2802 terra
931 2755 1036 2812 est,
1071 2762 1176 2803 non
1218 2754 1302 2801 est
1337 2744 1450 2816 jam
1494 2744 1578 2799 lea
1604 2766 1617 2801 ;
1647 2745 1794 2814 quod

1890 1916 2309 1973 bominumnon
2339 1918 2614 1986 videntur,
2646 1936 2756 1977 nou
2786 1931 2916 1976 sunt
2950 1923 3275 1992 corporalia.
3322 1916 3474 1980 Vidit

1890 2006 2077 2063 Daniel
2108 2025 2123 2062 ε
2151 2006 2281 2078 quid
2306 2007 2476 2064 vidit?
2496 2011 2622 2080 quia
2651 2014 2798 2066 sedes
2821 2025 2942 2066 sum
2959 2013 3168 2079 positoe.
3203 2010 3471 2080 Quando?

1890 2096 1950 2153 Si
1992 2096 2136 2151 enim
2180 2096 2445 2167 judicium
2491 2099 2666 2166 vidit,
2707 2109 2835 2155 tunc
2877 2101 3064 2171 utique
3113 2118 3235 2158 cum
3287 2104 3471 2176 quarti

1890 2188 2042 2258 regni
2102 2188 2449 2260 interemptio
2494 2188 2676 2246 sutura
2721 2199 2833 2248 est.
2879 2191 3079 2248 lterum
3122 2203 3300 2251 tamen
3343 2211 3468 2251 cum

1889 2279 2007 2336 baec
2054 2279 2290 2346 videret,
2345 2294 2473 2337 non‘
2499 2281 2702 2338 nebant
2740 2297 2804 2339 ea
2857 2296 2979 2353 quae
3025 2283 3283 2368 fidebat.
3358 2285 3468 2343 Cur

1889 2380 2069 2429 autem
2108 2382 2163 2430 et
2192 2373 2351 2429 sedes
2384 2372 2550 2440 videt,
2582 2373 2855 2429 ,iudicium
2897 2358 3058 2523 Tit,
3086 2374 3223 2430 visio
3247 2374 3315 2432 ad
3348 2374 3466 2431 effi·

1890 2463 2146 2521 cientiam
2170 2464 2315 2521 sacta
2351 2473 2437 2523 est
2465 2466 2564 2521 rei.
2620 2465 2755 2533 Quia
2786 2466 2894 2521 enit
2953 2465 3094 2538 apud
3123 2480 3224 2522 nos
3254 2465 3465 2537 judices

1890 2557 1945 2612 in
1975 2557 2103 2613 sede
2124 2557 2376 2613 sedentes
2406 2557 2654 2614 subditos
2679 2557 2783 2613 sibi
2808 2555 3081 2626 judicant,
3117 2557 3269 2625 dicit,
3300 2557 3463 2613 Sedes

1890 2658 2010 2703 sunt
2042 2650 2250 2719 positoe.
2286 2650 2353 2706 Et
2405 2662 2554 2708 certe
2598 2651 2645 2706 si
2698 2650 2821 2709 talis
2864 2660 3012 2708 esset
3048 2652 3189 2708 Deus
3240 2661 3460 2717 natura,

1893 2757 2001 2798 non
2034 2733 2459 2811 debuisfllure.
2503 2743 2698 2815 positas
2736 2749 2865 2800 sunt
2904 2742 3085 2811 sedes,
3131 2744 3249 2812 sed,
3282 2754 3459 2802 erant.

212 2836 367 2892 enim
393 2835 563 2890 visum
586 2843 669 2891 est
700 2835 842 2891 aliud
869 2845 1011 2902 erat,
1060 2835 1205 2906 quod
1240 2843 1419 2888 autem
1473 2833 1791 2915 interpreta·
1838 2831 2154 2907 :Sinum
2170 2824 2359 2906 positae
2384 2845 2512 2890 sunt
2529 2849 2652 2906 (με
2675 2850 2781 2890 nou
2803 2843 2957 2891 erant
2982 2846 3142 2891 antea
3167 2834 3461 2900 collocatae,

215 2938 336 2984 tntu
379 2928 543 2987 aliud.
598 2927 706 2982 Sed
756 2937 882 2999 puta
945 2922 1491 3011 ᾳυίᾳμυιῇξατῖὁῑέ
1524 2921 1693 2983 leam‘
1721 2924 1792 2983 etl

122 3032 447 3092 *magnum
470 3036 493 3076 ι
522 3019 1094 3090 interpretatur'enim
1126 3015 1352 3089 angelus
1376 3017 1427 3073 ei
1449 3015 1543 3089 qui
1583 3016 1793 3073 viderat

211 3124 276 3173 et
310 3113 545 3186 reliquas
572 3111 717 3170 ieras
739 3113 1155 3183 unumquodque
1181 3111 1237 3169 in
1263 3125 1360 3167 sua
1382 3108 1787 3169 constitutione.

221 3203 290 3263 Si
316 3205 416 3261 ista
447 3205 592 3261 enim
621 3219 741 3275 quat
769 3205 908 3274 apud
951 3217 1049 3258 nos
1087 3212 1214 3259 suut
1243 3212 1300 3259 et
1325 3202 1557 3259 visibilia
1581 3201 1787 3258 baben·

225 3306 344 3362 tur,
386 3296 769 3351 transieramus
797 3296 867 3350 ad
911 3294 1223 3360 invisibilla,
1276 3301 1331 3350 et
1374 3294 1618 3351 dicamus
1661 3295 1788 3365 quia

217 3404 335 3446 non
379 3389 616 3454 aderant,
664 3387 759 3443 sed
794 3389 907 3443 visa
958 3397 1117 3454 sunt;
1146 3396 1203 3444 et
1238 3388 1376 3445 visio
1406 3396 1530 3455 est,
1569 3397 1626 3445 et
1682 3403 1787 3444 non
1831 3375 1838 3383 ’

219 3488 434 3536 naturae
460 3478 761 3549 progenies.
800 3477 1165 3535 Transeamus
1196 3478 1262 3534 ad
1295 3477 1487 3545 Deum,
1514 3479 1605 3535 ubi
1634 3481 1791 3536 sedes

217 3577 358 3628 ntnt
403 3571 621 3640 positae5
681 3577 737 3625 et
796 3571 906 3642 jam
972 3585 1076 3626 non
1136 3570 1378 3626 dicamus
1439 3570 1595 3627 sedes
1643 3569 1790 3626 aliud

218 3660 456 3733 aliquid,
503 3663 596 3720 sed
636 3664 782 3735 ipsas
818 3665 974 3719 sedes
1004 3672 1096 3721 :et
1122 3678 1226 3719 non
1256 3662 1366 3734 jam
1393 3662 1636 3719 dicamus
1662 3662 1788 3734 quia

219 3753 382 3827 visus
405 3754 597 3824 estqui
629 3770 734 3810 non
756 3764 838 3810 est
867 3756 1116 3822 visibilis,
1141 3755 1235 3812 sed
1256 3755 1391 3813 visio
1409 3766 1511 3811 est.
1543 3752 1788 3811 «iudicem

220 3843 568 3900 introducere
585 3844 782 3900 audeat
795 3845 886 3916 qui
906 3846 1034 3914 vult,
1060 3847 1138 3901 sic
1154 3845 1397 3902 concedit
1422 3845 1470 3901 ei
1492 3845 1788 3917 Scriptura.

220 3937 537 3995 Heminisse
585 3947 764 3993 autem
816 3947 1027 4009 oportet
1065 3937 1190 4009 quia
1243 3937 1604 4010 suggessimus
1648 3939 1792 4008 quod

220 4029 471 4098 suggerit
505 4037 559 4084 et
590 4038 804 4094 natura,
849 4029 973 4099 quia
1016 4029 1157 4085 oculi
1209 4027 1387 4084 lutura
1435 4045 1541 4085 non
1584 4029 1788 4085 vident.

220 4115 417 4188 Neque
470 4128 593 4188 post
651 4119 924 4190 quodlibet
1003 4128 1334 4176 momentum
1409 4120 1491 4176 lea
1556 4119 1789 4190 primum

222 4225 455 4279 regnum
488 4219 614 4268 tunc
651 4213 747 4269 sub
793 4211 1012 4269 Daniele
1061 4222 1198 4280 erat,
1226 4227 1488 4283 ursusque
1527 4210 1642 4281 ejus
1663 4225 1791 4268 suc·

222 4305 400 4361 cessit
447 4319 611 4374 regno
646 4306 887 4374 :pardus
921 4305 1141 4360 tertium
1185 4319 1428 4376 regnum.
1482 4305 1596 4360 Non
1646 4306 1790 4361 euim

221 4409 558 4465 unoquoque
597 4395 815 4450 animali
853 4409 1098 4464 regnum,
1153 4396 1248 4452 sed
1291 4411 1622 4467 unaquaeque
1675 4398 1789 4454 sera

1890 2931 1945 2980 et
1976 2923 2120 2980 sedit
2148 2924 2240 2995 qui
2270 2934 2400 2982 ante
2434 2939 2542 2981 non
2570 2925 2828 2993 sedebat;
2848 2942 2980 2998 ergo
3001 2942 3100 2984 nec
3126 2936 3256 2983 tunc
3277 2927 3466 2999 positas

1890 3023 2040 3083 sunt,
2066 3030 2167 3073 nec
2195 3025 2323 3074 tune
2345 3020 2488 3074 sedit
2508 3020 2638 3077 :sed
2662 3019 2898 3076 ostendit
2912 3034 3009 3090 per
3028 3035 3092 3074 ea
3111 3034 3231 3091 quae
3249 3021 3463 3091 cognita

1893 3116 2019 3162 sunt
2074 3107 2231 3164 nobis
2292 3109 2456 3166 verba
2507 3108 2852 3166 efficientiam
2901 3109 2998 3166 Dei
3060 3111 3127 3167 ad
3179 3111 3463 3182 judicium.

1894 3199 2130 3271 Denique
2155 3210 2212 3256 et
2241 3202 2527 3272 descripsit
2557 3203 2668 3258 illic
2696 3203 2848 3260 albos
2889 3202 3132 3273 capillos,
3174 3203 3462 3260 candidam

1889 3300 2117 3360 vestem,
2156 3292 2333 3363 ignem
2377 3304 2507 3349 ante
2536 3293 2795 3365 judicem,
2852 3302 2910 3352 et
2953 3293 3175 3350 fluvium
3218 3295 3457 3366 igneum.

1893 3385 2035 3442 Dicit
2053 3386 2195 3443 enim
2218 3388 2346 3458 quia
2380 3386 2630 3444 Vetustate
2655 3390 2861 3445 dierum
2890 3390 3045 3445 sedit.
3078 3389 3187 3446 Cur
3209 3401 3455 3447 vetustus

1891 3477 2141 3532 dierum?
2186 3477 2255 3534 Et
2300 3488 2447 3535 certe
2475 3495 2545 3537 ne
2571 3479 2789 3550 quidem
2821 3481 2937 3536 dies
2966 3495 3102 3549 opus
3131 3492 3260 3538 sunt
3293 3483 3406 3538 Deo
3442 3502 3457 3537 z

1891 3568 1982 3624 sed
2011 3570 2137 3639 quia
2178 3571 2501 3628 resurrectio
2529 3570 2693 3628 flebat
2726 3571 2781 3627 in
2810 3573 2957 3629 exitu
2990 3582 3207 3629 aetatunt
3240 3589 3459 3645 regum,

1893 3661 2118 3715 multum
2155 3670 2365 3732 tempus
2394 3663 2759 3719 necessarium
2790 3663 3112 3721 habebatur.
3155 3665 3289 3733 Quia
3314 3669 3461 3722 enim

1890 3767 1987 3823 per
2014 3753 2209 3809 multos
2240 3754 2358 3810 dies
2399 3755 2787 3825 expediebatur
2830 3756 2996 3824 istud,
3025 3755 3306 3814 vetustum
3346 3759 3463 3814 die-

1892 3858 2011 3899 rum
2042 3845 2291 3900 nominat
2321 3845 2583 3916 judicem.
2625 3845 2689 3901 Et
2716 3846 2841 3916 quia
2879 3848 3136 3904 mundum
3166 3857 3283 3905 erat
3312 3848 3463 3918 judi·

1891 3937 2032 3994 cium
2095 3946 2151 3994 et
2199 3938 2549 4008 purissimum
2582 3979 2599 4005 ,
2656 3949 2711 3996 et
2769 3938 3092 4009 inflexibile3
3126 3941 3235 3999 albi
3284 3943 3461 4014 capilli

1890 4031 2076 4086 mundi
2094 4031 2310 4101 judicis,
2346 4041 2403 4087 et
2429 4031 2659 4087 candida
2693 4032 2812 4103 ejus
2842 4034 3160 4091 vestimenta
3190 4044 3247 4090 et
3267 4036 3464 4090 imma·

1889 4122 2066 4177 culata
2100 4122 2355 4177 dicuntur
2385 4137 2399 4174 :
2431 4121 2553 4177 ideo
2576 4130 2635 4177 et
2664 4121 2841 4192 capilli
2868 4122 3013 4189 albi,
3054 4123 3169 4179 sive
3216 4133 3459 4181 vetusta·

1894 4219 1999 4264 tem
2044 4212 2424 4268 annuntiantes
2475 4221 2536 4268 et
2572 4212 2711 4282 ipsi,
2756 4214 2872 4269 sive
2920 4213 3104 4285 judicii
3145 4217 3457 4283 puritatem.

1891 4301 2003 4371 Ego
2024 4312 2203 4357 autem
2233 4312 2289 4359 et
2318 4304 2632 4375 contingere
2666 4303 2975 4360 istiusmodi
3015 4304 3253 4359 habitum
3291 4307 3457 4376 perti·

1892 4407 2093 4448 mesco.
2144 4393 2201 4448 Si
2260 4402 2441 4448 autem
2489 4410 2596 4451 non
2652 4404 2772 4450 erat
2816 4396 2959 4464 quod
2997 4395 3284 4461 diceretur,
3314 4398 3458 4466 quod

223 4501 456 4556 regnum
490 4495 576 4541 est
619 4485 824 4542 habens
865 4485 1060 4541 multos
1100 4501 1273 4557 reges.
1325 4487 1466 4559 Ergo
1507 4502 1675 4559 usque
1723 4489 1791 4544 ad
1822 4517 1866 4573 υ
1895 4491 2073 4555 posset
2098 4485 2349 4539 omnibus
2374 4484 2543 4539 videri
2574 4485 2830 4541 recedere
2869 4484 2937 4539 ab
2962 4485 3260 4540 istiusmodi
3296 4500 3459 4541 sensu

221 4587 487 4646 quartum
511 4590 732 4647 regnum
772 4576 923 4631 multi
955 4590 1128 4646 reges.
1162 4575 1293 4633 Post
1331 4587 1579 4646 quartum
1610 4589 1788 4634 autem
1897 4584 2150 4630 tacerem.
2189 4571 2295 4629 Sed
2339 4575 2576 4641 timidos,
2604 4575 2796 4645 inquit,
2828 4575 3006 4631 facitis
3030 4575 3168 4630 iilios
3197 4575 3360 4631 lsrael
3386 4576 3456 4631 ⁸².

211 4681 457 4744 ¹reguum
504 4665 761 4736 judicium
811 4667 1093 4722 adversum
1154 4678 1403 4739 quatuor,
1466 4676 1523 4724 et
1563 4677 1791 4738 quatuor

222 4773 344 4819 non
377 4756 658 4814 adversum
690 4758 942 4829 primum.
980 4756 1165 4812 Daniel
1193 4768 1369 4812 autem
1409 4768 1464 4814 et
1504 4759 1698 4828 primo,
1736 4769 1792 4817 et

221 4847 491 4912 secundo,
540 4855 595 4903 et
639 4848 817 4915 tertio,
851 4858 905 4903 et
945 4856 1139 4918 quarto
1171 4863 1337 4919 regno
1365 4847 1628 4917 judicium
1665 4861 1788 4922 post

223 4939 585 4998 novissimum
606 4949 851 5009 quartum
875 4981 891 5006 ,
920 4940 972 4994 in
1009 4954 1115 4995 uno
1147 4950 1417 4996 momento
1447 4941 1602 4996 vidit.
1640 4939 1788 4997 Nuu-

222 5030 363 5104 quid
401 5039 621 5101 possunt
646 5030 871 5087 adunari
894 5045 957 5085 ea
986 5046 1104 5100 quae
1134 5032 1290 5088 hodie
1321 5030 1458 5087 tacta
1486 5041 1630 5101 sunt,
1662 5048 1786 5089 cum

222 5125 457 5193 hisquae
489 5123 726 5178 crastino
760 5123 909 5188 lient,
954 5131 1011 5179 et
1053 5125 1214 5178 tertio
1248 5132 1306 5179 et
1341 5135 1536 5195 quarto
1564 5125 1685 5192 die,
1729 5132 1789 5180 ut

223 5211 552 5269 videantur?
581 5211 637 5267 Si
665 5213 827 5284 igitur
846 5228 910 5268 ea
935 5227 1056 5283 quat
1078 5214 1131 5268 in
1163 5223 1391 5284 quatuor
1418 5214 1610 5270 diebus
1631 5214 1785 5283 liunt,

224 5307 300 5361 ad
335 5317 503 5360 unum
545 5307 872 5359 momentum
901 5305 1193 5360 convenire
1221 5319 1326 5360 non
1353 5314 1577 5376 possunt
1611 5320 1626 5358 ε
1657 5319 1791 5375 quo-

227 5398 394 5456 modo
413 5412 477 5454 ea
500 5411 621 5469 quae
649 5395 706 5450 in
734 5408 966 5466 quatuor
994 5398 1174 5468 regnis
1208 5398 1345 5453 lacta
1382 5406 1526 5463 sunt,
1565 5406 1620 5453 et
1658 5397 1790 5453 ssent

228 5491 288 5547 in
319 5490 481 5545 tantis
517 5488 729 5544 saeculis
774 5499 828 5544 et
865 5490 1220 5560 temporibuS,
1273 5489 1326 5543 in
1367 5503 1474 5543 uno
1515 5497 1789 5544 momento

225 5579 404 5635 oculis
458 5578 621 5633 videri
676 5581 1008 5649 potueruut?
1059 5579 1201 5649 Ergo
1249 5594 1369 5648 quoe
1406 5579 1539 5634 vidit
1587 5577 1783 5635 Daniel

1893 4664 2008 4720 Cur
2030 4673 2209 4718 autem
2235 4673 2291 4719 et
2313 4662 2510 4719 fluvius
2546 4663 2656 4719 illic
2696 4664 2883 4735 igneus
2920 4663 3129 4730 currit,
3165 4665 3293 4721 «licit
3329 4667 3456 4737 quia

1893 4754 2178 4811 interfecta
2212 4765 2295 4812 est
2320 4755 2515 4822 bestia,
2553 4764 2610 4811 et
2636 4770 2831 4825 corpus
2864 4754 2979 4824 ejus
3008 4755 3190 4811 datum
3228 4765 3314 4812 est
3349 4757 3456 4828 igni

1895 4847 1961 4902 ad
1987 4848 2345 4903 exurendum.
2376 4845 2491 4916 Qua
2531 4847 2674 4903 enim
2707 4848 2974 4903 sententia
3007 4848 3233 4904 bestiam
3274 4851 3458 4904 mitte-

1892 4939 1985 4993 bat
2032 4939 2086 4994 in
2126 4939 2325 5009 ignem,
2363 4940 2513 5010 prius
2547 4941 2869 5011 praeparavit
2915 4951 3317 5011 operantentum
3360 4955 3457 5010 per

1891 5031 2035 5100 quod
2069 5029 2308 5085 futurum
2337 5039 2455 5086 erat
2487 5030 2771 5101 judicium.
2829 5033 2905 5088 De
2945 5033 3031 5088 bis
3069 5032 3232 5103 igitur
3254 5047 3371 5101 quae
3398 5032 3453 5087 in

1892 5121 2112 5179 Daniele
2148 5134 2274 5178 sunt
2307 5124 2477 5195 posita
2504 5164 2521 5190 ,
2562 5139 2629 5179 ex
2674 5124 2864 5180 bestiis
2915 5126 3021 5181 illis
3075 5137 3293 5180 manent
3334 5140 3456 5194 qnae

1893 5213 2026 5269 visat
2068 5223 2194 5268 sunt
2242 5213 2408 5280 lerae,
2455 5231 2563 5271 non
2616 5227 2794 5271 autem
2838 5232 2958 5287 quae
3000 5216 3458 5271 annuntiabantur

1894 5318 2059 5377 regna
2087 5345 2104 5372 ,
2133 5316 2188 5360 et
2216 5320 2281 5361 ex
2319 5308 2648 5377 temporibus
2675 5323 2796 5378 quae
2828 5308 3027 5363 babent
3066 5307 3235 5378 spatia
3278 5321 3453 5362 sacu-

1893 5397 2092 5464 lorum,
2126 5413 2247 5469 quat
2277 5398 2563 5468 conjuncta
2601 5411 2727 5455 sunt
2772 5415 2866 5471 per
2912 5399 3169 5454 visionem
3200 5398 3265 5452 ad
3288 5413 3454 5454 uuum

1892 5501 2243 5556 momentum,
2277 5499 2421 5546 etex
2462 5507 2528 5548 eo
2561 5491 2703 5562 quod
2750 5492 3009 5563 judicium
3058 5506 3162 5547 non
3209 5499 3333 5546 tuuc
3369 5498 3456 5545 est

1888 5580 2113 5650 sactum,
2143 5584 2359 5653 quando
2386 5594 2441 5640 et
2466 5586 2639 5642 visum
2679 5594 2797 5654 est;
2842 5599 2946 5642 nou
2976 5583 3147 5641 solum
3179 5582 3246 5640 ad
3272 5584 3469 5645 sumk-

301 5783 347 5816 ⁸⁸
387 5783 523 5844 Dan.
566 5800 660 5850 vu,
697 5784 753 5840 2.
826 5787 869 5819 ⁸⁸
902 5784 1030 5843 ibid.
1103 5784 1149 5816 ⁸⁸
1187 5783 1290 5841 isa.
1331 5798 1440 5851 ιιι,
1480 5785 1540 5852 ¹3
1581 5798 1703 5854 xm,
1747 5784 1800 5841 l.
1878 5785 1921 5818 ⁸¹
1977 5785 2150 5843 Levit.
2204 5801 2299 5848 xv.
2348 5787 2441 5844 st.
