3692 6134
238 305 339 366 'lot

936 306 1207 365 must-:ml
1242 304 1717 364 cAESAtttmsts
1748 304 1902 362 091⁵.
1941 301 2128 360 PARS
2161 301 2256 359 tv.
2291 302 2812 361 -nocnttca,

244 442 265 475 ι
311 421 575 482 Nimirum
610 438 716 478 non
743 423 861 479 istis
893 432 1100 478 tantum
1127 423 1319 487 oeulis,
1345 423 1437 477 sed
1467 421 1801 477 intellectua-
1825 422 1870 479 Α
1908 435 1928 467 ι
1967 434 2196 473 στευκεν
2229 413 2404 485 εἶναι,
2439 416 2598 489 δῆλον
2625 415 2715 470 ότι
2743 413 3222 487 συνομολογήσει
3253 413 3365 485 ἡμῖι

244 535 265 569 ι
323 516 484 582 libus,
514 516 867 587 intelligibilia
920 516 1011 584 qni
1076 529 1304 569 cernere
1359 521 1609 582 possunt.
1659 512 1795 568 Nam

246 627 266 659 ι
311 609 586 675 corporeis
611 608 781 663 oculis
810 606 1098 661 invisibilis
1141 615 1234 660 est
1268 613 1326 659 et
1361 604 1520 660 Pater
1545 614 1602 660 et
1624 603 1799 659 Patris

247 720 265 749 ι
315 700 568 757 Verbum.
609 698 724 755 Non
771 699 938 770 igitur
975 700 1042 753 ad
1078 699 1221 753 bunc
1268 697 1486 752 modum
1532 696 1799 751 allocutus

244 811 262 840 ι
306 790 738 861 esthilippnm,
785 800 1006 861 propter
1054 788 1203 844 illam
1254 787 1309 842 in
1340 787 1571 858 singulis
1602 801 1798 840 conso-

244 904 262 934 «
312 884 570 938 nantiam.
609 903 629 936 »
688 884 979 954 Postquam
1024 890 1136 936 tam
1176 879 1362 937 multis
1412 881 1530 935 baec
1567 880 1797 943 dixerat,

237 985 513 1046 resumpto
563 977 631 1031 ab
676 975 831 1031 initio
888 987 1137 1032 sermone
1167 1011 1186 1038 ,
1237 972 1307 1029 ad
1367 974 1513 1028 bunc
1580 971 1798 1025 modum

239 1066 611 1134 dogmatizat:
649 1066 740 1140 [tt.
780 1065 920 1123 xcn
950 1065 1079 1123 coll.
1143 1080 1198 1136 1).
1272 1063 1379 1119 tot
1412 1062 1455 1117 D
1479 1103 1498 1130 ,
1548 1061 1650 1119 106
1692 1061 1796 1135 B.]

243 1177 261 1208 ι
288 1157 427 1214 Ante
494 1172 709 1214 omnem
780 1173 965 1214 rerum
1027 1156 1438 1227 productionem
1500 1164 1657 1218 erat,
1741 1163 1802 1208 ut

243 1264 263 1294 c
306 1259 406 1316 par
428 1257 514 1303 est
538 1249 785 1315 credere,
837 1250 995 1319 quies
1046 1248 1100 1302 in
1142 1247 1274 1314 Deo,
1311 1246 1611 1301 exsistente
1661 1245 1801 1313 apud

242 1354 262 1386 ι
306 1350 430 1392 eum
461 1338 610 1395 intua
640 1338 835 1394 Verbo.
881 1338 1016 1393 Nam
1046 1339 1091 1393 si
1121 1338 1364 1393 omnium
1396 1349 1578 1390 rerum
1612 1335 1800 1390 condi·

242 1447 262 1479 ι
308 1438 475 1486 torem
512 1445 635 1487 esse
663 1429 829 1486 Deum
860 1430 1107 1486 Asterius
1146 1428 1320 1486 eredit
1358 1428 1455 1499 (id
1505 1428 1647 1497 qnod
1688 1426 1804 1497 ipse

241 1537 261 1569 ι
311 1521 587 1576 nobiseum
612 1537 719 1576 una
747 1520 1133 1577 confitebitur:
1161 1521 1331 1575 Deum
1362 1516 1620 1574 nimirum
1662 1532 1805 1573 sem·

242 1630 260 1660 ι
306 1625 403 1681 per
422 1612 779 1667 exsistentem
803 1612 1019 1666 initium
1046 1627 1158 1667 suae
1178 1610 1481 1667 existentias
1504 1624 1611 1665 non
1644 1610 1804 1666 sorti-

1904 528 1924 560 ι
1963 510 2128 575 αὐτός
2149 525 2165 542 ·
2192 508 2285 563 τὸν
2314 509 2415 581 μὲν
2451 510 2541 564 ἀεὶ
2577 508 2892 578 ὑπάρχειν,
2923 506 3080 577 μηδὲ
3115 504 3346 559 ταῖνιιοτε

1903 621 1923 653 ι
1947 603 2126 674 ἀρχὴν
2156 601 2392 656 λαὸόντα
2413 619 2428 631 ·
2459 601 2529 656 τὰ
2559 601 2620 656 δέ
2653 597 3055 670 γεγεννῆσθαί
3101 613 3172 650 τε
3225 597 3318 650 ὑπ’
3349 615 3365 652 ι

1905 714 1924 748 ι
1963 695 2060 749 καὶ
2091 695 2151 759 ἐξ
2173 696 2275 749 οὐκ
2297 694 2468 749 ὄντων
2511 691 2923 763 γεγεννῆσθαι.
2975 690 3068 743 Οὐ
3097 689 3218 761 γὰρ
3245 685 3364 759 οἶμα

1904 805 1924 837 ι
1960 785 2121 841 τοῦτο
2141 786 2417 840 πιστεύειν
2444 785 2609 840 αὑτὸν
2632 784 2716 855 τῷ
2767 783 3013 851 λέγοντι
3075 777 3227 834 εἷναί
3273 798 3365 834 τινε

1905 896 1925 930 ι
1964 878 2235 949 άγέννητα
2256 894 2272 909 ·
2303 877 2440 932 ἀλλὰ
2475 874 2724 948 άκριόὦς
2765 872 3143 937 πεπεῖσθαι,
3177 873 3268 926 ὅτι
3313 873 3363 924 οὐ

1905 989 1925 1023 ι
1961 987 2023 1023 τε
2053 970 2150 1024 καὶ
2181 970 2253 1040 γῆ
2281 970 2376 1024 καὶ
2403 968 2580 1023 πάντα
2623 966 2695 1021 τὰ
2729 967 2800 1019 ἐν
2831 964 3122 1036 οὐρανοῖς
3167 964 3266 1018 καὶ
3302 963 3365 1015 ἑοῖ

1906 1077 1926 1111 ι
1960 1058 2090 1113 ὄντα
2132 1059 2239 1113 ὑπο
2281 1058 2415 1114 Θεοῦ
2467 1057 2837 1128 γεγέννηται.
2873 1055 2950 1108 Εἰ
3027 1054 3225 1106 τοίνυν
3261 1054 3365 1105 τοῦτ

1905 1170 1925 1202 ι
1974 1150 2174 1215 στεύοι,
2209 1150 2422 1221 ἀνάγκη
2469 1148 2636 1203 αὑτὸν
2677 1148 2932 1202 κάκεῖνο
2999 1146 3360 1216 συνομολογεῖν

1908 1260 1926 1291 ι
1969 1240 2107 1312 πλὴν
2126 1239 2262 1294 Θεοῦ
2292 1239 2443 1294 οὐδὲν
2461 1240 2650 1309 ἐτερον
2693 1235 2797 1309 ἦν.
2842 1234 3034 1308 Εἷχεν
3065 1233 3171 1291 οὖν
3209 1254 3294 1306 την
3315 1240 3365 1288 ιὰ

1908 1352 1928 1386 ι
1971 1333 2131 1401 δόξαν
2159 1334 2190 1386 ό
2219 1333 2409 1402 Λόγος,
2441 1333 2518 1386 ὢν
2541 1333 2604 1386 ἐν
2629 1330 2715 1401 τῷ
2757 1330 2990 1403 Πατρί.
3035 1349 3060 1383 s
3117 1331 3238 1384 Καὶ
3264 1327 3358 1380 τίει

1903 1422 2054 1490 πὼν,
2108 1424 2303 1493 ἐπάγει
2358 1423 2474 1494 μεθ’
2533 1424 2706 1494 ἐτερα
2738 1439 2754 1453 ·
2831 1440 2853 1473 ι
2885 1424 3021 1493 Τὴν
3069 1422 3289 1475 δοθείσῃ
3331 1437 3364 1470 ι.

1910 1532 1930 1566 ι
1965 1513 2213 1581 ἐξουσίαν
2251 1512 2523 1585 Ἀστέριος
2545 1513 2714 1579 δόξαν
2753 1510 3058 1582 ὀνομάζει
3080 1526 3099 1541 ·
3149 1510 3240 1563 καὶ
3279 1509 3314 1559 ε’.
3336 1507 3365 1558 ‘ui

1908 1623 1927 1656 t
1971 1603 2153 1675 μόνον,
2204 1602 2340 1658 ἀλλὰ
2400 1604 2495 1658 καὶ
2526 1604 2897 1675 προκόσμιον
2949 1602 3155 1670 δόξαν.
3177 1604 3266 1654 οὐκ
3295 1602 3365 1651 ἐν.

242 1721 261 1750 ι
307 1713 419 1754 ιιιιιι
468 1720 482 1756 :
523 1712 720 1758 caetera
773 1702 990 1772 quidem
1045 1704 1225 1758 omnia
1281 1703 1350 1759 ab
1395 1702 1488 1757 illo
1542 1702 1802 1773 producta
1908 1714 1928 1748 ι
1963 1698 2066 1760 ὅτι,
2100 1698 2267 1768 μήπω
2298 1695 2393 1750 τοῦ
2420 1696 2632 1767 κόσμου
2661 1696 3032 1765 γεγονότος,
3071 1694 3222 1748 οὐδὲν
3259 1694 3364 1762 {seps

243 1811 263 1843 ι
309 1792 496 1857 fuisse,
533 1805 590 1847 et
614 1793 831 1864 quidem
860 1795 1118 1863 producta
1144 1796 1211 1850 de
1240 1795 1431 1851 nihilo.
1450 1792 1637 1864 Neque
1656 1795 1799 1851 enim
1831 1768 1876 1823 B
1911 1807 1930 1841 t
1974 1788 2113 1863 πλὴν
2156 1788 2294 1843 Θεοῦ
2356 1789 2540 1861 μόνου.
2581 1809 2602 1843 ι
2639 1789 2835 1843 Ταῦτ’
2882 1787 3090 1843 εἰπὼν
3130 1789 3161 1840 ὁ
3207 1787 3365 1852 Μᾶρκε

242 1901 262 1933 ι
310 1885 495 1949 credo,
543 1894 597 1941 et
647 1886 775 1941 illud
830 1885 1174 1957 professurus
1225 1896 1331 1952 est,
1384 1902 1507 1943 esse
1552 1887 1798 1958 quaedam

241 1991 261 2023 ι
309 1974 571 2044 ingenita,
621 1988 722 2030 nec
776 1974 987 2030 dicturo
1042 1976 1349 2032 crediturus
1389 1994 1405 2032 ε
1451 1976 1544 2031 sed
1599 1977 1801 2032 babere

241 2080 261 2112 ι
307 2064 803 2133 persuasissimum,
833 2064 1058 2130 coelum,
1082 2074 1310 2132 terram,
1345 2076 1402 2121 et
1429 2066 1614 2121 omnia
1646 2067 1701 2122 in
1732 2067 1800 2123 iis

240 2172 261 2205 ι
305 2166 336 2207 a
378 2154 489 2210 Deo
532 2154 701 2211 luisse
742 2154 1036 2227 producta)
1062 2156 1107 2211 si
1134 2156 1358 2219 credat,
1388 2156 1636 2232 inquam,
1672 2157 1800 2224 ista,

238 2262 261 2297 ι
305 2258 528 2302 necesse
554 2255 727 2303 estut
754 2245 886 2303 illud
918 2247 1080 2302 simul
1104 2248 1448 2313 confiteatur,
1481 2248 1615 2303 nibil
1649 2264 1804 2320 pror-

239 2355 259 2389 ι
303 2351 399 2394 aua
438 2337 587 2394 aliud
625 2348 820 2408 praeter
863 2339 1032 2393 Deum
1087 2340 1386 2395 exstitisse.
1449 2338 1625 2396 Habet
1670 2354 1803 2411 ergo

239 2445 259 2479 ι
307 2429 571 2497 privatam
615 2444 767 2484 suam
810 2429 1101 2499 quamdam
1130 2430 1438 2497 opinionem
1471 2444 1652 2485 sermo
1676 2430 1799 2494 iste,

240 2537 260 2569 ι
305 2520 578 2576 exsistens
604 2520 661 2574 in
691 2519 852 2574 Patre
886 2535 1005 2575 suo.
1032 2538 1052 2573 ι
1087 2520 1212 2574 llaec
1253 2529 1538 2589 postquam
1569 2519 1800 2588 dixerat,

233 2610 500 2666 subinfert
545 2610 727 2666 statim
759 2609 851 2681 [R.
878 2608 1060 2680 xctn]
1091 2630 1105 2665 :
1136 2628 1156 2662 ι
1185 2611 1507 2667 concessam
1548 2613 1623 2668 illi
1652 2624 1803 2684 pote·

240 2719 260 2751 ι
306 2710 525 2765 statem,
568 2699 797 2771 gloriam
828 2701 1075 2757 Asterius
1101 2704 1435 2771 nominavit;
1484 2722 1584 2763 nec
1606 2708 1805 2763 solum-

240 2811 260 2843 ι
301 2792 461 2847 modo
497 2790 746 2862 gloriam,
799 2795 896 2849 sed
947 2805 1001 2849 et
1043 2798 1494 2853 antemundanam
1528 2801 1800 2871 gloriam:

240 2902 260 2936 ι
311 2898 417 2938 non
447 2883 903 2954 animadvertens,
929 2895 1054 2941 ante
1072 2890 1326 2943 mundum
1346 2891 1643 2958 conditum,
1671 2908 1805 2961 prae-

241 2991 261 3025 ι
309 2982 392 3029 ter
419 2990 584 3029 unum
615 2976 788 3031 solum
819 2975 988 3032 Deum
1023 2979 1299 3034 exstitisse
1336 2982 1558 3036 omnino
1587 2983 1742 3037 nihil.
1780 3003 1800 3038 ι

1900 1881 1996 1936 καὶ
2033 1880 2125 1936 τὸν
2179 1880 2309 1936 Υίὸν
2356 1880 2424 1935 δι’
2477 1881 2658 1935 abab»
2719 1879 3254 1953 ἀπαρακαλύπτως
3297 1881 3365 1948 apa<

1903 1987 2062 2042 μενος
2082 2011 2099 2035 ,
2132 1971 2222 2024 ῖνα
2267 1972 2413 2043 ἡμᾶς
2443 1970 2699 2043 άκριδῶς
2753 1972 2958 2046 πείσῃ
2983 2015 2999 2038 ,
3063 1974 3240 2026 ὁποῖον
3267 1966 3364 2023 εἷπε

1900 2063 2073 2131 Λόγον
2102 2062 2198 2117 τοῦ
2233 2062 2369 2117 Θεοῦ
2415 2063 2660 2134 ἐφρόνει,
2707 2064 3102 2136 σαφέστερον
3161 2065 3357 2134 ἐμφαίνει

1898 2154 2157 2219 διάνοιαν,
2195 2153 2275 2226 τῷ
2309 2154 2564 2226 ἡμετέρῳ
2619 2154 2794 2226 λόγῳ
2853 2155 3212 2220 ἀπεικάζω
3243 2153 3363 2208 witin

1900 2237 1977 2301 ὧν
2038 2245 2211 2301 ταῦτα
2275 2246 2514 2319 γράφει·
2594 2264 2614 2298 ι
2667 2246 2930 2320 ’Ὠσπερ
3003 2248 3123 2320 γὰρ
3179 2247 3243 2301 τὰ
3282 2263 3365 2313 Tex-

1910 2356 1930 2388 ι
1965 2338 2142 2393 πάντα
2194 2338 2301 2392 ὑπὸ
2348 2338 2444 2392 τοῦ
2471 2339 2704 2410 Πατρδς
2750 2340 2859 2394 διὰ
2899 2339 3008 2393 τοῦ
3059 2341 3236 2409 Λόγου
3281 2357 3365 2408 σημ

1909 2447 1928 2480 ι
1966 2446 2056 2484 ται
2074 2430 2206 2500 (tt).
2255 2430 2356 2484 Διά
2400 2430 2561 2483 τοῦτο
2596 2430 2728 2503 γὰρ
2779 2434 2946 2486 καὶὸ
2975 2431 3279 2502 ἀγιὼτατος
3303 2433 3364 2485 ‚tn

1911 2541 1930 2575 ι
1964 2521 2194 2592 ἄγγελον
2217 2520 2451 2576 ἐνταῦθα
2483 2520 2774 2591 ὀνομάζει
2798 2523 2908 2577 τὸν
2967 2526 3173 2594 Λόγον,
3195 2526 3271 2579 ὅτι
3296 2523 3352 2576 δι’

1910 2630 1929 2664 ι
1965 2611 2154 2683 ἕτερον
2203 2613 2400 2683 ἐφάνη,
2454 2611 2571 2666 ἀλλ’
2616 2613 2726 2668 ἵνα
2785 2615 3126 2691 ἀναγγείλῃ
3157 2616 3232 2686 τῷ
3267 2617 3365 2670 Mei

1912 2718 1932 2751 t
1970 2699 2146 2755 ταῦτα
2167 2701 2310 2772 ἅπερ
2341 2701 2645 2757 λυσιτελεῖν
2676 2707 2810 2769 τοῖς
2840 2706 3005 2770 υἱοῖς
3019 2706 3233 2778 Ἰσραὴλ
3251 2704 3364 2773 ἠπίσ

1912 2812 1929 2843 ι
1971 2792 2238 2862 ἠπίστατο
2297 2793 2355 2847 δὲ
2394 2792 2707 2848 λυσιτελεῖν
2771 2796 2889 2851 ἕνα.
2929 2798 3076 2854 Θεὸν
3111 2794 3236 2853 εἶναι
3270 2815 3365 2865 vop:

1912 2903 1930 2937 ι
1971 2884 2061 2937 Διὸ
2121 2886 2215 2937 καὶ
2276 2885 2412 2955 πρὸς
2446 2885 2635 2948 αὐτὸν,
2695 2888 2867 2959 Ἐγώ
2918 2893 3040 2961 ειμι
3073 2894 3107 2946 ὀ
3142 2889 3232 2952 ῶν,
3265 2887 3365 2954 ἔφη,

1912 2995 1930 3025 ι
1971 2976 2173 3045 μηδένα
2228 2977 2385 3041 ἐκτὸς
2420 2976 2619 3030 ἑαυτοῦ
2679 2979 2904 3051 ἕτερον
2961 2982 3086 3037 Θεὸν
3112 2978 3228 3034 εἶναι
3283 2977 3365 3031 δεδι·

232 3062 358 3120 llaec
386 3063 677 3122 Marcellus
706 3069 794 3123 ubi
825 3068 1065 3133 dixerat.
1116 3079 1171 3125 et
1220 3072 1340 3127 aine
1375 3073 1485 3128 uno
1538 3085 1800 3144 praetextu
1829 3102 1872 3159 C
1913 3083 1930 3114 ‹
1969 3064 2138 3118 Τοῦτο
2169 3066 2369 3138 ῥᾴδιον,
2399 3063 2571 3138 οἶμαι,
2610 3073 2742 3134 τοῖς
2769 3071 3231 3145 wemmam.
3255 3067 3350 3122 id

232 3170 332 3226 per
363 3155 450 3211 illa
474 3157 670 3214 Filium
701 3159 1083 3232 abnegaverat,
1114 3172 1173 3215 ut
1202 3164 1357 3220 nobis
1393 3165 1645 3219 redderet
1677 3181 1801 3236 per·

232 3246 631 3317 suasissimum,
657 3249 944 3320 qualenam
984 3252 1077 3307 Dei
1112 3250 1344 3308 Verbum
1386 3254 1796 3326 imaginaretur,

229 3343 467 3389 mentem
499 3350 650 3391 suam
689 3338 860 3408 aperit
893 3339 1184 3396 dilucidius
1240 3343 1414 3397 adbuc
1440 3382 1455 3407 ,
1506 3354 1561 3400 et
1612 3356 1800 3403 nostro

228 3426 396 3482 verbo
423 3429 689 3485 assimilat
728 3446 825 3499 per
851 3431 1031 3488 omnia
1054 3474 1070 3500 ,
1110 3433 1165 3489 in
1201 3434 1267 3488 iis
1298 3451 1419 3504 qnae
1456 3437 1526 3489 ita
1569 3439 1792 3494 scribit:

231 3516 323 3589 [R.
357 3518 449 3574 LV
477 3520 599 3576 con.
629 3536 681 3590 p.
715 3522 783 3577 79
814 3520 876 3587 B,
904 3521 1006 3577 lu
1045 3521 1112 3586 D,
1147 3522 1252 3577 125
1276 3522 1359 3596 B]
1387 3544 1407 3576 ι
1435 3524 1625 3582 Omnia
1672 3529 1794 3598 qui-

235 3629 257 3664 ι
300 3611 419 3667 dem
448 3628 569 3684 quae
595 3612 737 3668 sacta
779 3622 925 3679 sunt,
953 3614 1328 3684 intelliguntur
1372 3631 1403 3671 a
1446 3615 1604 3675 Patre
1652 3618 1793 3675 sacta

234 3720 254 3754 ι
296 3717 415 3759 esse
443 3720 541 3775 per
579 3704 833 3761 Verbum.
862 3708 1126 3775 Quocirca
1155 3718 1211 3766 et
1239 3712 1613 3767 sanctissimus
1648 3710 1795 3782 Moy-

234 3811 254 3845 «
299 3809 408 3862 ses,
439 3795 686 3866 angelum
715 3797 947 3868 appellat
972 3799 1074 3855 boc
1106 3800 1160 3854 in
1212 3801 1332 3856 loco
1366 3800 1625 3867 verbum,
1674 3818 1795 3870 pro·

233 3903 255 3937 r
297 3896 482 3955 pterea
515 3889 656 3956 quod
679 3903 785 3943 non
809 3891 878 3945 ob
905 3888 1067 3945 aliam
1086 3905 1307 3946 causam
1340 3894 1607 3963 apparuit,
1631 3908 1790 3963 quam

233 3993 253 4029 ι
300 3984 358 4028 ιιι
389 3975 555 4047 Moysi
583 3980 920 4037 renuntiaret
965 3981 1054 4037 illa
1085 3997 1205 4052 quae
1245 3986 1547 4039 conducere
1585 3984 1793 4041 sciebat

234 4085 255 4117 ι
301 4067 426 4123 tiliis
470 4067 654 4128 lsrael.
705 4072 926 4131 Sciebat
951 4086 1136 4132 autem
1184 4076 1311 4131 illud
1358 4079 1681 4144 conducere,
1733 4090 1791 4134 ut

233 4177 253 4209 ι
299 4161 585 4216 crederent
626 4179 790 4220 unum
821 4167 996 4222 solnm
1040 4168 1206 4222 Deum
1240 4183 1380 4224 esse.
1431 4174 1488 4233 ›1‹
1526 4168 1788 4235 Quocirca

231 4272 253 4301 .-
295 4259 354 4308 et
391 4252 682 4324 alloquitur
734 4256 905 4323 illum,
955 4258 1068 4328 qu
1113 4277 1228 4314 sum
1256 4261 1346 4329 qui
1383 4276 1497 4313 sum
1522 4260 1604 4313 ⁹¹:
1636 4270 1694 4316 ut
1720 4263 1787 4318 ab

229 4364 251 4397 ι
295 4344 410 4415 ipso
437 4360 559 4400 cum
586 4349 946 4416 recesserint,
993 4350 1194 4403 nullum
1232 4366 1352 4406 esse
1400 4350 1568 4404 Deum
1623 4350 1784 4406 alium

1913 3176 1930 3207 ι
1970 3157 2104 3228 κροῦ
2134 3175 2279 3222 τινος
2306 3160 2400 3213 καὶ
2428 3162 2698 3215 ταπεινοῦ
2738 3164 2894 3218 καθ’
2931 3159 3365 3237 ἡμᾶςπρσέεὶῖψ

1912 3268 1929 3299 ι
1964 3249 2182 3318 γνῶναι.
2206 3251 2338 3321 (45).
2375 3252 2505 3306 Οὐδὲ
2545 3252 2666 3326 γὰρ
2720 3256 2832 3312 τὸν
2878 3258 2988 3314 τοῦ
3047 3256 3307 3329 άνθριὶηπυ
3343 3252 3365 3305 ‘1

1910 3360 1928 3391 ι
1967 3341 2191 3412 δυνάμει
2232 3344 2325 3395 καὶΙ
2353 3343 2650 3399 ὑποστάσει
2686 3348 2965 3419 χωρίσαι
2994 3349 3104 3404 τινὶ
3144 3345 3364 3401 δυνατόν.

1909 3450 1930 3483 ι
1964 3431 2074 3505 γάρ
2099 3435 2216 3487 ἐστι
2249 3434 2343 3488 καὶ
2366 3434 2560 3488 ταύτὸν
2589 3434 2679 3506 τῷ
2702 3438 3021 3512 ἀνθρώπῳ
3039 3439 3258 3509 όλόγος,
3277 3440 3362 3490 καὶ

1908 3545 1927 3579 ·
1961 3526 2040 3580 ev·-
2087 3523 2452 3599 ’χωριζόμενος
2504 3526 2688 3600 ἑτέρῳ
2738 3531 2782 3602 ἢ
2839 3533 2992 3606 μόνῃ
3021 3536 3090 3606 τῇ
3149 3533 3249 3604 τῆς
3276 3531 3365 3603 πρό

1905 3640 1926 3672 ι
1963 3619 2231 3692 ἐνεργείᾳ.
2262 3637 2282 3672 ι
2343 3618 2454 3673 Καὶ
2504 3617 3000 3690 ἐπιδαψιλεύεται
3035 3623 3122 3678 ἔτι
3183 3621 3365 3695 μᾶλλον

1900 3707 2064 3764 αὐτοῦ
2087 3708 2323 3763 διάνοιαν
2359 3706 2668 3778 ἐμφαίνων,
2707 3708 2792 3762 δι’
2831 3705 2922 3768 ὧν
2965 3712 3100 3784 ἑξῆς
3147 3713 3276 3767 τάδε
3321 3728 3365 3778 qt

1904 3814 1924 3848 ι
1963 3796 2039 3850 Ού
2071 3796 2178 3867 γὰρ
2201 3794 2266 3866 δὴ
2295 3795 2487 3868 ἑτέρας
2541 3796 2910 3868 ὀνομασίας,
2937 3797 3060 3857 οἷον
3091 3802 3231 3876 ῦλης
3277 3801 3308 3874 ἦ
3341 3803 3365 3855 ὃ

1903 3908 1924 3942 ι
1955 3889 2101 3953 τινὸς
2138 3888 2489 3960 ἀνθρωπίνης
2522 3887 2713 3960 (46),ό
2761 3892 2920 3959 Θεὸς
2969 3897 3154 3952 ἐδεῖτο
3183 3896 3311 3968 πρὸς
3345 3912 3365 3946 ι

1902 4000 1922 4032 ι
1960 3981 2181 4052 σκευὴν,
2214 3980 2349 4035 ἀλλὰ
2377 3979 2578 4051 ταύτης
2605 3980 2713 4052 τῆς
2749 3986 2824 4039 ὲν
2844 3990 2918 4059 τῇ
2957 3989 3142 4047 αὑτοῦ
3173 3988 3361 4059 διανοίᾳ

1900 4089 1920 4123 ι
1961 4069 2179 4142 μασίας.
2220 4071 2372 4124 Ἐπεὶ
2386 4066 2478 4125 οὗν
2500 4070 2784 4130 ἀδύνατον
2809 4073 2889 4149 ἦν
2914 4082 3108 4153 χωρὶς
3137 4082 3290 4151 λόγου
3309 4096 3365 4132 κα

1899 4182 1919 4214 ι
1962 4163 2267 4236 προσούσης
2310 4162 2386 4233 τῷ
2440 4162 2581 4235 λόγῳ
2635 4168 2855 4236 σοφίας
2915 4174 3190 4246 ἐννοῆσαι
3239 4176 3351 4244 περὶ

1899 4276 1919 4309 ι
1962 4256 2057 4310 τοῦ
2095 4256 2328 4329 ούρανοῦ
2355 4258 2706 4328 κατασκευῆς
2741 4261 2852 4316 τὸν
2887 4263 3062 4332 Θεὸν,
3111 4268 3326 4329 εἰκότως
3361 4291 3365 4314 ;

1898 4364 1918 4398 ι
1959 4346 2157 4402 Ἠνίκα
2196 4343 2462 4415 ἡτοίμαζε
2491 4344 2599 4397 τὸν
2625 4347 2935 4416 οὐρανὸν,
2971 4353 3364 4423 συμπαριῃιηι

228 4450 250 4486 ι
295 4436 712 4492 arbitrarentur.
756 4437 1000 4496 Proclive
1042 4450 1127 4495 est
1169 4452 1350 4495 autem
1392 4442 1537 4497 istud
1573 4444 1786 4497 cuicun·
1815 4460 1861 4516 1)
1897 4456 1915 4487 ⁸
1959 4434 2060 4502 τῷ·
2097 4455 2117 4488 »
2149 4435 2258 4488 Καὶ
2290 4433 2642 4507 προστίθησιν
2673 4433 2850 4504 αὖθις
2877 4441 3268 4515 ὲξομοιιῖιντῷ
3301 4441 3365 4496 ΞΜ

229 4543 251 4576 ι
286 4540 392 4595 qne
421 4531 689 4597 prudenti,
739 4531 1084 4598 ntiarbitror,
1112 4533 1431 4604 intelligere,
1453 4533 1521 4588 ab
1537 4535 1787 4603 exemplo

228 4635 249 4667 ι
292 4620 521 4688 quodam
555 4623 750 4692 exiguo
795 4633 849 4678 et
899 4624 1035 4679 satis
1083 4624 1268 4678 bumili
1307 4627 1560 4681 bumano.
1603 4626 1788 4695 Neque

228 4727 249 4761 ι
293 4710 437 4764 enim
457 4712 711 4780 possibile
730 4723 833 4780 est,
849 4715 1173 4784 cuicunque,
1196 4716 1416 4771 verbum
1436 4717 1685 4782 bominis,
1703 4718 1785 4771 vel

227 4818 247 4850 ι
291 4802 547 4869 potentia,
577 4804 646 4857 ab
679 4806 950 4875 hypostasi
982 4823 1255 4877 separare.
1283 4806 1461 4863 Unum
1483 4817 1565 4863 est
1586 4809 1784 4863 etenim

227 4908 247 4942 ι
288 4901 450 4961 atque
489 4894 628 4948 idem
657 4909 780 4949 cum
811 4898 1027 4952 homine
1069 4899 1291 4953 verbum
1330 4916 1517 4969 snum;
1550 4916 1648 4956 nec
1677 4902 1783 4956 ullo

226 4999 246 5031 ι
284 4991 438 5049 pacto
465 4984 622 5038 aliter
642 4989 1017 5055 separandum,
1050 5004 1212 5059 quam
1243 4991 1355 5044 sola
1376 4991 1566 5059 agendi
1590 5006 1783 5059 opera·

225 5090 245 5126 t
289 5071 663 5144 tionenssagis
674 5078 848 5133 adbuc
870 5079 1090 5150 prodige
1107 5096 1258 5135 suatn
1278 5091 1509 5135 tuentem
1528 5081 1781 5143 insinuat,

329 5239 388 5298 ›1‹
424 5232 525 5288 Ed.
554 5232 756 5301 Paris„
784 5251 906 5306 pag.
933 5236 1022 5293 40.
1126 5238 1174 5270 θ’
1201 5237 1370 5292 Exod.
1409 5253 1493 5305 ιιι,
1522 5238 1612 5293 ss.

292 5373 408 5441 (tt)
428 5372 531 5427 Διὰ
554 5372 660 5427 τοῦ
688 5374 881 5443 Λόγου
914 5376 1284 5445 σημαίνεται.
1309 5378 1491 5443 Deest,
1520 5379 1784 5450 γεγεννῆ-

219 5440 362 5497 σθαι.
400 5443 680 5507 Ἐνταῦθα,
711 5445 1042 5500 referebatur
1070 5448 1136 5501 ad
1179 5450 1350 5501 locum
1380 5448 1614 5519 aliquem
1639 5449 1787 5504 Scri-

219 5521 410 5588 ptnrae,
438 5529 599 5582 quem
654 5515 707 5568 in
761 5516 843 5568 bis
886 5517 1000 5570 suis
1036 5517 1307 5586 excerptis
1346 5518 1566 5573 reticuit
1613 5518 1783 5575 Euse-

217 5582 360 5636 nius.
392 5581 463 5638 tt.
491 5613 560 5624 —
586 5583 704 5637 Mox
742 5583 900 5654 vulgo
928 5587 1021 5637 καὶ
1044 5585 1235 5655 ἁγιώτ.
1259 5598 1316 5642 et
1345 5587 1639 5659 αναγγὲλῃ.

293 5650 405 5718 (45)
443 5653 634 5706 Statim
672 5653 804 5724 lege,
834 5654 951 5707 οὐδὲ
982 5655 1089 5728 γὰρ
1115 5657 1209 5711 τοῦ
1248 5657 1536 5729 ἀνθρώπου
1568 5660 1661 5711 τόν
1699 5659 1784 5712 λό-

220 5733 316 5798 γον
339 5720 578 5793 δυνάμει,
611 5726 643 5795 ἢ
688 5727 779 5779 καὶ
808 5726 1097 5781 ὑποστάσει
1130 5748 1181 5800 χ.
1213 5728 1545 5798 impossibile
1570 5738 1677 5797 est,
1710 5730 1780 5784 ita

1886 4528 2023 4598 πίνῳ
2075 4526 2216 4597 λόγῳ
2258 4526 2346 4581 τὸν
2395 4525 2486 4580 τοῦ
2531 4526 2694 4592 Θεοῦ.
2749 4532 2844 4596 εἰς
2896 4534 2966 4588 τὸ
3009 4535 3194 4601 δεῖξαι
3211 4534 3355 4590 αὑτὸν

1885 4620 2203 4674 υπόστατον.
2223 4619 2425 4690 Γράφει
2450 4618 2506 4671 δὲ
2539 4619 2721 4684 οὕτως
2752 4638 2771 4653 ·
2813 4641 2838 4674 ε
2895 4626 3186 4683 Ἐνταῦθα
3239 4626 3342 4696 ἐγώ

1889 4729 1910 4762 ι
1942 4713 1975 4765 ὀ
1995 4708 2100 4776 ὢν,
2151 4709 2297 4778 λέγει
2339 4709 2437 4780 μὲν
2469 4708 2546 4777 τῷ
2589 4710 2840 4768 Mose-a
2871 4716 2906 4769 ό
2959 4718 3188 4791 Πατήρ.
3217 4719 3360 4785 Λέγει

1888 4820 1909 4854 ι
1944 4799 2190 4872 δηλονότι
2215 4799 2300 4853 διὰ
2321 4798 2415 4852 τοῦ
2442 4799 2638 4867 Λόγου.
2661 4800 2871 4859 Πάντα
2904 4806 3034 4879 γὰρ
3062 4809 3168 4863 ὅσα
3190 4808 3255 4863 ἂν
3271 4810 3298 4861 ό
3315 4806 3365 4859 11:

1892 4912 1912 4945 ι
1952 4893 2107 4965 λέγῃ,
2152 4893 2323 4947 ταῦτα
2380 4892 2657 4963 πανταχοῦ
2705 4894 2808 4950 διὰ
2833 4899 2940 4953 τοῦ
2988 4902 3176 4971 Λόγου
3191 4902 3344 4968 λέγων

1894 5006 1912 5037 ι
1949 5003 2115 5040 νεται.
2144 4985 2311 5039 Τοῦτο
2340 4985 2396 5038 δὲ
2416 4984 2574 5055 δῆλόν
2606 4987 2730 5040 ἐστι
2753 4991 2862 5044 καὶ
2883 4992 2994 5063 ἀφ’
3021 4995 3186 5066 ἡμῶν
3205 4991 3358 5048 αὑτῶν

1896 5097 1917 5130 ι
1954 5077 2125 5150 μικρὰ
2156 5080 2268 5141 τοῖς
2314 5076 2567 5149 μεγάλοις
2605 5079 2706 5134 καὶ
2759 5080 2951 5149 θείοις
3017 5087 3326 5141 ἀπεικάσαι-

1887 5374 2109 5431 verbum
2143 5376 2210 5429 ab
2239 5372 2455 5428 bomine
2484 5384 2642 5425 suum
2673 5383 2985 5441 separare,
3017 5384 3084 5430 ut
3113 5375 3348 5431 subsistat

1882 5455 2148 5513 paratum.
2178 5443 2337 5498 Μ.-
2374 5442 2505 5497 Dein
2559 5439 2726 5509 vulgo
2770 5442 3022 5515 ὲπιδαψ.
3063 5443 3294 5503 sinens}
3317 5449 3359 5494 et

1882 5516 2179 5654 ἐτῗῖῧῩἯ
2208 5581 2404 5649 ἄλλης
2447 5580 2608 5661 πηὸς
2649 5578 3089 5654 ἀνθρωπίνης.
3132 5575 3365 5641 υωιιιὶι

1883 5672 1988 5708 vox
2013 5654 2292 5707 l'nlciendae
2313 5658 2621 5706 sententias.
2648 5647 2726 5702 Μ.
2751 5681 2826 5692 --
2865 5653 3108 5709 Deinw
3237 5649 3365 5722 ςρςι

1883 5740 2109 5779 κατασκ.
2138 5734 2191 5778 et
2220 5720 2598 5793 προσηκούσης
2621 5719 2703 5790 τῷ
2734 5719 2893 5794 λόγῳ
2923 5734 2988 5781 et
3020 5727 3305 5798 §rumpuat
