3692 6134
1062 273 1561 335 communius
1594 275 1662 333 ΙΝ
1704 274 1959 336 tsautu.
1997 309 2069 321 —
2105 280 2258 337 CAP.
2295 279 2412 338 ΧΠ.

3259 290 3355 348 ¹82

340 383 566 451 οἰκότως
602 387 1043 464 παρεδλήθησαν,
1074 393 1150 458 ὡς
1178 395 1237 450 ἐν
1269 395 1571 469 παραθέσει
1597 394 1694 449 τοῦ
1721 401 1769 457 A
1793 398 2255 469 comparationem
2329 398 2567 458 fluminis
2622 403 2763 472 apud
2820 403 2939 462 illos
2991 417 3313 465 exuntmitts
3335 451 3350 475 ,

319 474 760 549 πλημμυροῦντος
785 481 968 547 αὐτοῖς
993 485 1261 557 ποταμοῦ,
1302 486 1445 556 λέγω
1484 485 1550 559 δὴ
1595 483 1689 542 τοῦ

319 563 421 632 ίου,
449 567 509 630 δς
530 567 595 640 δὴ
624 568 721 641 τὴν
767 572 947 626 πᾶσαν
994 572 1210 646 ἀθρόως
1242 576 1413 648 αὐτην
1437 593 1499 631 τε
1534 574 1694 647 Αἴγυ-

319 656 384 712 nt
418 656 488 712 τὰ
537 660 680 730 ἀμφὶ
721 660 925 735 ταύτην
975 662 1104 738 lov-q
1145 667 1228 720 ἐνὶ
1267 666 1499 739 ῥεύματι
1539 683 1693 740 περι-

334 765 351 782 ·
396 751 497 825 μιᾷ
548 752 772 824 δυνάμει
816 753 1067 831 βασιλικῇ
1120 760 1539 834 κατακρατούσῃ
1567 759 1679 817 τῶν

319 932 353 988 tl.
379 932 536 989 ἐσται
561 935 732 1002 δίοδος
762 935 841 1010 τῷ
868 938 1283 1011 καταλειφθέντι
1324 961 1426 1015 μου
1471 942 1588 1015 λαῷ
1632 944 1692 998 ἐν

319 1043 406 1099 τῳ·
464 1029 558 1083 καὶ
605 1029 760 1084 ἐσται
792 1028 869 1102 τῷ
905 1030 1128 1106 Ἰσραὴλ
1168 1032 1244 1100 ὡς
1281 1037 1315 1108 ἡ
1368 1036 1555 1108 ἡμέρα
1602 1037 1692 1090 ὅτε

319 1135 343 1173 ν
397 1119 463 1172 ἐκ
494 1121 596 1192 γῆς
644 1121 958 1193 Αἰγύπτου·
999 1144 1018 1177 ι
1059 1125 1134 1192 ὡς
1186 1125 1355 1198 βατὴν
1404 1122 1546 1181 εἶναι
1595 1126 1691 1181 τοῦ

338 1210 437 1282 τὴν
484 1210 763 1284 Αἴγυπτον
789 1218 902 1282 τοῖς
936 1216 1033 1272 τοῦ
1075 1216 1315 1290 Χριστοῦ
1361 1219 1691 1290 Εὐαγγέλιον

320 1319 463 1370 ουσι,
508 1305 739 1380 μηδενὸς
780 1307 1031 1380 ἐμποδὼν
1077 1311 1262 1377 αὐτοῖς
1315 1312 1686 1384 ἐνισταμένου,

319 1395 585 1454 πιδαίνειν
627 1399 953 1470 κωλύοντος.
988 1401 1190 1476 Διόπερ
1224 1402 1302 1468 ὡς
1337 1404 1532 1478 μηκέτι
1565 1423 1688 1463 συν-

326 1486 1110 1565 ςτῆςΔίγυπτίων’βασιλιίας,
1132 1493 1285 1561 ὠςδέ
1314 1495 1414 1568 τῆς
1439 1494 1683 1569 δαιμονι-

319 1582 560 1653 νεργιίας
610 1581 711 1654 τῆς
758 1586 821 1642 ἐν
875 1587 1061 1654 αὐτοῖς
1119 1586 1573 1661 ἁποσδισθείσης,
1621 1589 1687 1644 τὸ

319 1691 372 1728 ια
397 1674 461 1730 τὸ
500 1676 849 1748 εύαγγιλικδν
888 1680 983 1736 ἐπὶ
1013 1678 1212 1754 σχολῆς
1266 1679 1453 1747 αὐτοῖς
1500 1685 1683 1754 ἐπηγ-

319 1782 352 1821 ι.

612 1856 1011 1915 xnuAAmN
1069 1862 1172 1921 lB'.

319 1947 355 2001 tt
386 1948 617 2019 ἐρεῖς-ἐν
658 1951 725 2022 τῇ
757 1950 944 2024 ἡμέρᾳ.
992 1953 1209 2027 ἐκείνῃ·
1266 1954 1561 2025 Εὑλογῆσω
1603 1968 1685 2018 σε,

319 2057 332 2089 ι
358 2037 471 2112 (18)
486 2039 574 2104 Ὦς
613 2040 724 2113 γὰρ
755 2043 786 2096 ὁ
806 2042 1084 2106 Μωῦσέως
1098 2043 1227 2108 λαὸς
1255 2044 1403 2117 διέδη
1440 2044 1567 2099 ποτέ
1590 2044 1689 2115 τὴν

322 2129 389 2184 ὰν
419 2129 697 2186 Θάλασσαν
735 2130 812 2196 ὡς
848 2130 937 2185 διὰ
989 2131 1196 2205 ξηρᾶς·
1258 2131 1376 2190 εἶτα
1415 2135 1554 2208 μετὰ
1587 2136 1689 2208 τὴν

319 2218 399 2292 τὴν
426 2220 571 2294 ᾠδὴν
606 2217 749 2301 ᾖσαν
798 2221 1069 2290 λέγοντες,
1107 2243 1126 2276 ι
1166 2227 1422 2299 ᾋσωμεν
1455 2225 1532 2298 τῷ
1574 2228 1687 2281 Κυ-

320 2307 489 2376 δόξως
524 2310 634 2385 γὰρ
663 2311 1007 2380 δεδόξασται·
1055 2331 1076 2366 ι
1130 2314 1222 2370 τὸν
1270 2317 1434 2373 αὐτὸν
1486 2316 1685 2390 τρόπον

319 2403 767 2475 τροφητευόμσνοι
821 2404 919 2460 τοῦ
965 2406 1215 2479 Σωτῆρος
1259 2407 1417 2479 ἡμῶν
1454 2408 1682 2478 εὐαγγε-

326 2494 482 2549 αύτοὶ
506 2494 663 2559 ὄντες
686 2497 736 2550 οἱ
755 2497 821 2551 ἐκ
846 2496 943 2552 τοῦ
971 2502 1170 2565 παντὸς
1203 2500 1471 2556 Ἰουδαίων
1495 2500 1679 2568 ἔθνους

319 2584 554 2656 φθέντες,
603 2585 882 2642 ἀκώλυτον
935 2588 1251 2662 ποιούμενοι
1301 2591 1395 2647 τὸν
1451 2591 1676 2665 δρόμον,

319 2693 405 2731 ταν
445 2677 808 2752 διατρέχοντες
851 2679 952 2754 τὴν
998 2682 1312 2751 Αἰγυπτίων
1341 2684 1549 2757 χώραν,
1584 2689 1679 2742 καὶ

319 2784 387 2833 τις
427 2766 527 2840 μὶν
571 2768 937 2842 κηρύττοντες
976 2772 1039 2827 τὸ
1089 2773 1425 2843 Εὐαγγέλιον
1468 2778 1527 2832 ἐν
1560 2780 1681 2843 ταῖς

319 2863 442 2930 γαῖς
528 2862 731 2926 αὐτῶν,
770 2864 1068 2937 ἐκκλησίας
1120 2865 1179 2920 δὲ
1241 2867 1484 2940 Χριστοῦ
1551 2886 1676 2924 συν-

319 2970 355 3017 .ς
375 2952 442 3007 ἐκ
455 2953 556 3025 τῆς
585 2953 693 3008 τῶν
717 2954 892 3008 ἐθνῶν
923 2958 1278 3029 ἐπιστροφῆς,
1304 2960 1489 3014 καινὸν
1504 2957 1677 3033 ᾆσμα,

319 3064 353 3111 ις
379 3051 493 3113 τοῖς
526 3050 621 3103 ἐπὶ
646 3050 948 3116 Μωῦσέως,
983 3051 1432 3126 ἐδίδασκον·ᾇδειν
1448 3057 1573 3121 τοὺς
1611 3056 1676 3111 δι’

319 3139 722 3214 ὃφελουμένους.
749 3142 989 3199 Τοῦτοδέ
1011 3139 1079 3215 ἦν
1110 3144 1172 3199 τὸ
1196 3146 1548 3220 προφωνηθὲν
1574 3150 1680 3205 ὑπὸ

319 3231 452 3305 ρίου,
507 3234 810 3306 φάσκοντος
847 3235 934 3289 διὰ
975 3234 1067 3290 τοῦ
1120 3237 1459 3309 προφητικοῦ
1486 3240 1674 3309 λόγου·

319 3327 446 3398 :perc
475 3327 533 3380 ἐν
556 3330 625 3398 τῇ
664 3328 847 3400 ἡμέρᾳ
884 3327 1100 3400 ἐκείνῃ·
1135 3329 1424 3403 Εὐλογὴσω
1451 3349 1531 3397 σε,
1571 3334 1677 3389 Κύ-

320 3431 371 3469 τι
421 3412 694 3486 ὠργίσθης
740 3434 852 3488 μοι,
883 3418 978 3471 καὶ
1017 3418 1363 3495 ἀπέστρεψας
1385 3421 1475 3477 τὸν
1507 3421 1679 3495 θυμόν

319 3507 348 3561 ‚t
379 3506 618 3579 ῆλέησὰς
647 3527 734 3581 με.
771 3530 790 3562 ι
837 3566 846 3575 ,

319 3598 379 3653 οὺ
408 3601 440 3654 ὀ
468 3598 601 3664 Θεός
628 3618 749 3671 μου,
782 3602 976 3676 Σωτήρ
1019 3620 1143 3675 μου,
1185 3603 1461 3670 πεποιθὼς
1484 3605 1676 3679 ἔσομαι

320 3688 387 3762 ᾧ,
415 3690 509 3745 καὶ
534 3691 597 3744 οὐ
633 3691 1008 3765 φοᾶηθήσομαι
1030 3711 1044 3726 ·
1074 3694 1207 3749 διότι
1234 3696 1270 3766 ἡ
1300 3694 1427 3761 δόξα
1458 3714 1559 3769 μου
1582 3699 1677 3753 καὶ

324 3781 372 3846 ίς
405 3797 508 3852 μου
524 3780 745 3854 Κύριος,
766 3784 858 3837 καί
875 3783 1092 3853 ἐγένετό
1119 3802 1208 3857 μοι
1233 3788 1314 3850 είς
1345 3788 1671 3859 σωτηρίαν,ι

319 3872 641 3944 παρακατιὼν
673 3873 904 3929 ἐνταῦθα
922 3873 1158 3940 διέξεισι.
1193 3875 1268 3930 Τὸ
1289 3876 1476 3946 γοῦν,ι
1511 3877 1677 3947 ὠργί-

319 3981 410 4024 ιοι.
445 3981 466 4016 ι
502 3963 886 4038 ἐξομολόγησιν
936 3966 1217 4039 προτέρων
1266 3968 1678 4040 ἁμαρτημάτων

319 4071 462 4125 τισιν·
496 4048 571 4109 ὧν
602 4055 766 4110 ἕνεκα
809 4054 945 4111 Θεοῦ
976 4057 1145 4129 ὀργῆς
1191 4052 1333 4128 ἦσαν
1382 4058 1522 4124 ἄξιοι
1573 4060 1678 4131 πρὸ

319 4147 497 4219 τηρίου
529 4147 776 4219 κλήσεως
809 4148 859 4200 οί
887 4147 1204 4217 Αἰγύπτιοι·
1239 4149 1302 4204 τὸ
1329 4150 1407 4215 δὲ,
1462 4169 1481 4201 ι
1544 4150 1676 4204 Ἀπ-

319 4255 377 4302 ας
403 4239 494 4294 τὸν
524 4239 692 4311 θυμόν
724 4256 817 4293 σου
844 4241 938 4295 ἀπ’
963 4242 1118 4314 ἐμοῦ,
1151 4242 1246 4297 καὶ
1269 4244 1508 4316 ὴλέησάς
1542 4260 1630 4313 με,
1650 4262 1671 4296 ι

319 4329 370 4384 τὰ
402 4330 500 4402 τὴν
536 4331 724 4404 κλῆσιν
760 4332 1092 4405 δωρηθείσαν
1111 4336 1294 4399 αὐτοῖς
1324 4335 1518 4405 ἄφεσιν
1568 4334 1677 4387 τῶν

1792 491 1920 562 regii
1954 491 2097 557 dico,
2122 492 2265 562 quod
2312 507 2523 549 omnem
2568 509 2672 549 una
2708 494 3032 568 AEgyptnm‚
3074 513 3139 553 ac
3194 500 3354 555 simul

1787 593 1980 654 gentes
2033 585 2469 657 circumpositas,
2514 602 2621 643 uno
2663 589 2817 645 alveo
2863 590 3192 660 inundabat,
3245 607 3351 647 una

1791 673 1936 744 regia
2003 685 2276 745 potestate
2331 676 2388 734 in
2451 680 2732 736 universos
2815 680 3146 738 dominatum
3211 683 3352 740 obti-

1789 774 1973 821 nente-

1857 944 2024 1005 Vssas.
2054 944 2138 1005 ¹6.
2169 965 2191 999 ι
2220 946 2287 1003 Et
2312 950 2416 1006 erit
2447 949 2707 1006 transitus
2736 951 2988 1006 derelicto
3013 950 3207 1023 populo
3230 967 3352 1009 meo

1789 1036 1844 1091 in
1876 1036 2112 1109 AEgypto
2145 1056 2159 1092 :
2189 1046 2244 1093 ct
2285 1040 2394 1096 erit
2434 1040 2639 1109 Israeli,
2666 1042 2820 1112 quasi
2866 1042 2999 1110 dies,
3035 1058 3138 1114 qua
3183 1046 3354 1099 exivit

1787 1140 1855 1181 ex
1896 1125 2163 1198 AEssypto;
2189 1147 2208 1181 ο
2243 1130 2316 1184 ita
2364 1141 2423 1186 ut
2466 1132 2719 1203 deinceps
2759 1131 3028 1205 AEgyptus
3075 1136 3349 1209 Evangelii

1786 1217 1991 1274 Christi
2035 1222 2377 1291 praeconibus
2409 1225 2592 1293 pervia
2633 1225 2738 1293 sit,
2785 1226 2930 1281 nullo
2969 1227 3217 1284 obstante
3261 1228 3345 1285 vel

1785 1309 2092 1381 ingressum
2160 1313 2513 1382 prohibente.
2578 1314 2949 1387 Quapropter,
3006 1327 3188 1390 utpote
3234 1320 3345 1390 jam

1782 1401 2000 1458 sublato
2045 1401 2420 1475 AEgyptiorum
2466 1420 2651 1476 regno,
2698 1421 2766 1463 ac
2816 1409 3112 1465 daemonica
3160 1425 3349 1480 opera-

1785 1492 1935 1550 tione
1980 1495 2120 1566 apud
2167 1496 2313 1566 ipsos
2340 1496 2639 1567 exstincta,
2677 1499 2989 1573 evangelica
3035 1501 3349 1573 praedicatio

1782 1583 1970 1656 quiete
1999 1584 2439 1642 annuntiabatur.

2375 1852 2604 1910 CAPUT
2638 1852 2753 1911 ΧΠ.

1860 1937 2094 1995 Vsnsd.
2135 1939 2232 1996 «Et
2260 1944 2406 2000 dices
2430 1946 2484 2000 in
2511 1945 2596 2000 die
2637 1946 2749 2012 illa,
2782 1946 3101 2006 Benetlicam
3129 1960 3200 2018 te,
3240 1950 3347 2008 Do·

1789 2029 1958 2086 tnine.
1980 2050 1999 2085 ι
2027 2029 2488 2100 Quemadmodum
2525 2038 2667 2093 enim
2699 2038 2895 2113 Moysis
2933 2043 3156 2112 pupulus
3198 2060 3346 2101 mare

1787 2118 2064 2189 Rubrum,
2095 2125 2250 2193 quasi
2299 2140 2395 2196 per
2424 2126 2653 2193 aridam,
2680 2130 2807 2184 olim
2836 2132 3045 2203 trajecit
3083 2151 3098 2189 ε
3134 2149 3198 2190 ac
3229 2145 3349 2206 post

1790 2215 2096 2281 transitum,
2131 2218 2403 2273 canticum
2434 2219 2699 2276 canebant
2729 2222 2993 2291 dicentes,
3029 2226 3349 2283 «Cantemus

1786 2305 2040 2372 Domino,
2088 2307 2326 2379 gloriose
2357 2310 2503 2366 cnim
2545 2311 2880 2383 glorificatus
2930 2316 3113 2372 est⁷¹2
3175 2317 3251 2372 sic
3296 2328 3350 2373 et

1782 2399 2132 2468 evangelista}
2160 2398 2460 2459 Salvatoris
2502 2403 2673 2460 nostri
2722 2404 2814 2475 qni
2855 2404 2908 2460 in
2958 2408 3239 2478 prophetia
3271 2407 3350 2465 ΐο-

1781 2499 2013 2559 runtur,
2069 2492 2231 2549 iidem
2285 2493 2386 2565 ipsi
2437 2495 2685 2554 videlicet
2722 2499 2812 2568 qui
2862 2514 2929 2555 ex
2979 2508 3088 2555 tota
3122 2499 3347 2559 Judatca

1778 2593 1941 2656 gente
1981 2586 2153 2642 relicti
2205 2588 2449 2655 fuerant,
2495 2605 2617 2646 cum
2661 2591 2805 2646 nnllo
2849 2593 3099 2651 obstante
3127 2610 3345 2653 cursum

1779 2691 1940 2730 sunm
1972 2677 2325 2748 perlicerent,
2356 2695 2422 2736 ac
2467 2690 2634 2737 totam
2657 2681 3032 2756 AEgyptiorum
3070 2687 3343 2758 regionem

1779 2768 2177 2838 pervaderent,
2203 2769 2403 2828 Jndaeis
2427 2773 2642 2844 quidem
2671 2776 3018 2847 Evangelium
3049 2780 3347 2851 praedican-

1781 2864 1862 2912 tes
1891 2856 1946 2913 in
1985 2862 2301 2931 synagogis,
2348 2876 2411 2916 ex
2439 2863 2677 2933 gentium
2710 2880 2839 2922 vero
2870 2869 3222 2925 conversione
3249 2868 3347 2924 Ec-

1779 2944 1974 3003 clesias
2026 2946 2228 3004 Christi
2287 2952 2719 3016 constituentes;
2789 2956 3062 3009 canticum
3120 2970 3341 3021 novum,

1783 3039 2003 3107 perinde
2040 3050 2202 3109 atque
2253 3041 2327 3097 illi
2385 3053 2626 3114 tempore
2665 3043 2891 3116 Moysis,
2940 3060 3137 3101 canere
3186 3047 3347 3102 doce-

1783 3134 1915 3185 bant
1941 3145 2069 3199 eos,
2094 3133 2187 3201 qni
2213 3147 2375 3202 opera
2412 3148 2509 3189 sua
2554 3133 2788 3190 fructum
2821 3146 3209 3206 perceperant;
3245 3138 3346 3194 hoc

1781 3220 1990 3279 scilicet
2041 3225 2309 3280 canticum
2342 3223 2472 3281 olim
2505 3242 2535 3282 a
2564 3226 2794 3283 Domino
2836 3241 2933 3306 per
2974 3228 3347 3297 propheticum

1780 3330 2084 3372 sermonem
2132 3318 2593 3387 pra²nnntiatum=
2631 3336 2651 3371 ι
2688 3319 2752 3375 Et
2793 3319 2943 3376 dices
2986 3320 3041 3376 in
3092 3319 3183 3377 die
3235 3319 3344 3387 illa,

1782 3408 2101 3466 Benedicam
2136 3420 2206 3478 te,
2237 3410 2485 3479 Domine,
2521 3411 2776 3482 quoniam
2810 3416 2986 3470 iratus
3013 3428 3077 3470 es
3107 3414 3263 3482 milti,
3288 3426 3344 3472 et
3431 3458 3436 3463 .

1779 3502 2020 3557 avertisti
2051 3502 2289 3558 furorem
2336 3491 2510 3573 tnnt‘n,
2537 3512 2596 3560 et
2623 3504 2879 3561 misertus
2904 3522 2965 3561 es
2998 3508 3150 3562 mihi.
3177 3527 3199 3563 ι

1852 3593 2016 3651 Vens.
2045 3596 2102 3652 2.
2134 3615 2153 3646 ι
2180 3596 2316 3653 Ecce
2348 3596 2485 3656 Deus
2513 3615 2700 3666 mens,
2731 3600 2973 3656 salvator
3001 3616 3173 3668 meus,
3202 3601 3344 3658 lidu-

1778 3686 1920 3742 ciatn
1969 3688 2181 3744 habebo
2224 3690 2278 3744 in
2331 3689 2453 3757 illo,
2496 3700 2551 3747 et
2584 3707 2691 3748 non
2726 3693 2925 3748 timebo
2963 3711 2976 3747 ι
3014 3693 3140 3762 quia
3170 3693 3341 3761 gloria

1779 3791 1899 3830 int-a
1944 3785 2000 3832 et
2046 3776 2164 3833 laus
2194 3794 2309 3834 inea
2347 3779 2642 3847 Donninus,
2678 3791 2732 3836 et
2775 3780 2951 3838 sactus
2981 3793 3066 3839 est
3101 3782 3231 3838 mihi
3287 3783 3340 3839 in

1776 3868 2029 3936 salutem,
2054 3887 2076 3923 ι
2113 3877 2167 3926 et
2200 3886 2321 3940 quae
2354 3873 2454 3928 suh
2488 3855 2598 3927 haec
2629 3876 2992 3945 proseqnitur.
3023 3874 3158 3931 lllnd
3184 3890 3339 3947 ergo,

1782 3963 1997 4018 «iratus
2043 3979 2105 4021 es
2154 3963 2304 4029 inihi,
2333 3983 2355 4020 ι
2409 3966 2763 4036 pristinorum
2816 3977 3159 4037 peccatorum
3208 3984 3340 4025 con-

1777 4050 2066 4109 sessionem
2107 4055 2325 4110 exhibet
2369 4069 2383 4111 ε
2437 4069 2668 4125 qnorum
2718 4071 2876 4112 cansa
2924 4056 3168 4129 AEgyptii
3219 4067 3345 4112 ante

1776 4145 2069 4203 salutarem
2108 4148 2445 4203 vocationem
2503 4148 2581 4203 ira
2633 4148 2725 4202 Dei
2779 4149 2923 4219 digni
2974 4157 3171 4215 erant;
3213 4148 3343 4203 illud

1777 4245 1977 4298 antem,
2008 4252 2028 4287 ι
2055 4235 2310 4292 Avertisti
2343 4237 2575 4293 furorem
2603 4247 2754 4294 tnum
2798 4252 2827 4291 a
2857 4254 2941 4292 me
2961 4278 2976 4302 ,
3006 4248 3061 4294 et
3090 4239 3342 4296 misertus

1778 4342 1840 4382 es
1874 4329 2059 4394 mihi.»
2100 4340 2443 4399 pcccatorum
2473 4332 2865 4398 remissionem,
2896 4334 3001 4388 illis
3031 4343 3150 4404 post
3183 4350 3341 4391 voca-

319 4425 518 4496 ιμάτων
553 4425 825 4496 σημαίνει.
857 4425 921 4479 Ἦ
947 4426 1055 4498 γὰρ
1082 4429 1242 4499 χάρις
1266 4429 1358 4482 καὶ
1388 4430 1420 4499 ὴ
1453 4426 1676 4499 ἀλήθεια
1710 4446 1751 4499 0
1783 4418 1981 4472 tionem
2034 4434 2367 4486 concessam,
2418 4420 2706 4491 signincat.
2753 4420 2885 4478 Nam
2920 4426 3093 4493 gratia
3123 4435 3177 4480 et
3203 4427 3341 4482 veri-

319 4516 400 4570 ςοῦ
424 4515 658 4587 Χριστοῦ
685 4516 950 4588 γενομένη
1005 4519 1100 4571 καὶ
1128 4519 1311 4582 αὐτοῖς
1340 4517 1675 4585 Αἰγυπτίοις,

321 4624 374 4661 σι
400 4611 516 4671 τοῖς
561 4608 653 4662 τὸν
685 4609 813 4663 Υἰὸν
865 4608 962 4662 τοῦ
1003 4608 1138 4663 Θεοῦ
1168 4609 1676 4681 παραδεδεγμένοις,

370 4697 523 4752 λύσιν
575 4700 671 4753 καὶ
731 4698 1014 4772 ἀμαρτιιῖιν
1070 4701 1416 4772 συγχώρησιν
1474 4700 1679 4773 ἐδωρή-

319 4883 361 4937 ιὶ
387 4883 687 4955 ἀντλήσατε
721 4881 865 4959 ῦδωρ
915 4882 1030 4954 μετ’
1075 4883 1413 4954 εὐφροσυνης
1452 4884 1517 4938 ἐκ
1566 4882 1674 4936 τῶν

337 4975 432 5029 τοῦ
457 4976 755 5047 Σωτηρίου.
789 4996 809 5029 ι
836 4975 1002 5030 Πάλιν
1025 4974 1396 5046 ἀλληγορικῶς
1442 4974 1675 5029 ἐνταῦθα

320 5066 475 5121 κτέον
505 5066 566 5120 τὸ
597 5067 739 5141 ὕδωρ
772 5065 995 5131 καὶτὰς
1026 5064 1210 5137 πηγὰς
1241 5065 1333 5119 τοῦ
1372 5064 1670 5137 Σωτηρίου.

319 5177 339 5220 ς
368 5159 425 5213 δὲ
453 5158 622 5214 ταῦτα
647 5158 812 5214 αὐτοῦ
842 5159 1089 5228 λέγοντος
1113 5156 1207 5213 τοῦ
1240 5158 1518 5230 Σωτῆρος·
1557 5176 1576 5208 ι
1611 5156 1677 5211 Et

319 5252 370 5322 ᾇ,
397 5249 640 5321 ἐρχέσθω
663 5250 800 5322 πρὸς
846 5249 935 5319 μὲ,
969 5249 1063 5306 καὶ
1091 5248 1319 5303 πινέτω·
1349 5250 1378 5301 ὁ
1403 5247 1673 5302 πιστεύων

319 5384 333 5408 ,
358 5360 378 5395 ι
402 5341 585 5407 καθὼς
599 5338 799 5414 εἷπενὴ
829 5342 1042 5415 Γραφὴ,
1068 5361 1088 5395 ι
1113 5340 1347 5412 ποταμοὶ
1362 5342 1426 5394 ἐκ
1446 5339 1545 5410 τῆς
1560 5356 1675 5393 κοι-

319 5442 422 5497 »τοῦ
443 5443 725 5517 ῥεύσουσιν
745 5442 934 5506 ὓδατος
962 5440 1179 5506 ζῶντος.
1231 5458 1250 5490 ι
1281 5438 1460 5508 Πηγαὶ
1496 5438 1672 5491 τοίνυν

319 5559 426 5614 tod.
457 5575 549 5624 xv,
586 5560 635 5615 l.
710 5560 755 5589 n
789 5555 945 5616 Jnan.
975 5572 1082 5622 vtt,
1117 5556 1209 5612 57.

1781 4517 1865 4562 tas
1898 4524 1993 4578 per
2022 4507 2208 4566 Jesutn
2231 4509 2505 4567 Christum
2534 4513 2700 4581 sacta,
2729 4530 2851 4570 curn
2886 4515 3014 4584 ipsis
3039 4515 3335 4588 AEgyptiis,

1779 4608 1890 4652 tunt
1921 4601 2173 4656 omnibus
2217 4601 2303 4665 iis,
2331 4602 2420 4671 qui
2462 4602 2655 4658 Filium
2693 4604 2783 4659 Dei
2818 4618 3186 4675 susceperant,
3219 4608 3341 4662 vin-

1774 4691 2015 4749 culorum
2050 4694 2396 4765 solutionem,
2436 4708 2492 4753 et
2523 4707 2864 4757 neccatornm
2899 4701 3105 4755 veniam
3133 4702 3299 4758 dedit.

1853 4873 2012 4932 Vens.
2042 4877 2095 4931 3.
2132 4894 2151 4927 ι
2182 4878 2245 4932 Ει
2275 4878 2491 4933 haurite
2516 4893 2710 4948 aquam
2738 4895 2859 4934 cum
2890 4883 3085 4951 gaudio
3115 4898 3184 4938 ex
3222 4882 3341 4938 son-

1782 4966 1924 5022 tibus
1946 4966 2233 5024 Salutaris.
2263 4986 2284 5021 »
2330 4968 2454 5024 llaec
2495 4970 2647 5032 item,
2674 4979 2780 5026 tant
2826 4989 2991 5043 aqua,
3029 4990 3192 5043 quam
3224 4975 3339 5029 l'on-

1780 5069 1860 5115 tes
1883 5057 2165 5124 Salutaris.
2199 5061 2486 5131 allegorice
2512 5075 2637 5119 sunt
2660 5065 2989 5135 accipienda.
3027 5065 3151 5120 llaec
3173 5082 3338 5131 porro

1778 5151 2054 5224 intelligas
2103 5154 2217 5225 ipso
2248 5155 2536 5212 Servatore
2583 5160 2819 5223 dicente,
2869 5177 2888 5209 ι
2922 5156 2977 5212 Si
3023 5156 3146 5225 quis
3196 5158 3336 5224 sitit,

1776 5247 1960 5303 veniat
2004 5248 2071 5302 ad
2108 5264 2209 5311 me,
2246 5258 2296 5306 et
2344 5249 2488 5305 hibat
2527 5266 2543 5306 ι
2585 5252 2677 5320 qui
2727 5252 2899 5307 credit
2938 5252 2990 5307 in
3028 5266 3167 5315 inest
3198 5252 3341 5308 sient

1781 5340 1915 5396 dicit
1973 5339 2273 5411 Scriptura.
2315 5362 2336 5397 ι
2374 5342 2588 5399 flumina
2633 5344 2700 5398 de
2763 5351 2950 5400 ventre
3008 5343 3126 5414 ejus
3169 5343 3337 5399 fluent

1779 5446 1934 5504 aquae
1975 5435 2109 5492 vlvae
2148 5435 2216 5493 '¹.
2239 5455 2258 5490 ι
2292 5435 2489 5494 Fontes
2538 5437 2701 5508 igitur
2731 5434 3014 5503 Salutaris,
3057 5448 3335 5492 sermones

345 5700 471 5761 llaec
529 5704 653 5760 item
711 5702 1106 5771 merom-mus,
1162 5699 1251 5757 sed
1310 5699 1524 5756 brevius
1575 5694 1852 5767 exprimit.
