3692 6134
1056 373 1145 431 nt:
1189 371 1729 432 sccnssstasrtca
1768 370 2168 432 'rammam
2204 372 2331 432 ue.
2374 373 2413 434 1.
3257 381 3363 437 8ίῖ

319 489 458 549 εἶναι
494 494 633 567 πλὴν
664 495 799 550 Θεοῦ
835 496 1018 568 μόνου,
1046 495 1112 549 δι’
1142 495 1264 550 δλου
1291 493 1386 548 τοῦ
1421 494 1683 566 πονηθέν-
1710 502 1756 557 Α
1783 495 1993 551 ciamus
2021 494 2273 565 agedum,
2315 497 2543 565 agedum
2579 496 2864 565 fingamus,
2921 512 3023 569 age
3053 499 3283 559 conflem
3297 515 3362 556 us

319 585 358 657 ᾧ
382 587 811 659 συγγράμματος
830 588 1271 653 κατασκευάζων,
1295 586 1361 641 ἵν’
1377 586 1675 660 ἀποκλείσῃ
1781 594 2039 641 statuam.
2069 586 2146 641 ita
2178 587 2323 643 enim
2352 589 2609 658 supponit
2646 590 2810 644 Deum
2854 590 3149 663 aliquando·
3171 595 3349 664 proio-

319 699 331 732 t
374 678 473 751 τὴν
524 679 776 752 πάροδον.
821 680 981 735 ’Δλλὰ
1010 681 1106 735 καὶ
1137 679 1457 751 σεμνύνεται
1489 678 1674 749 αὐχῶν
1779 686 1985 740 cutum,
2017 673 2307 730 Faciamus
2334 676 2596 732 bominem
2622 680 2688 734 ”.
2714 680 2988 752 Nusquam
3011 694 3163 739 certe
3194 690 3353 741 vocat

321 770 381 825 ὸν
426 770 642 824 εἰδέναι·
692 772 769 837 ὡς
824 772 945 842 οὐχ).
994 773 1089 826 καὶ
1115 770 1273 842 ἡμῶν
1297 771 1455 825 τοῦτο
1484 770 1672 839 λεγόν-
1778 767 2014 823 Verbum
2050 768 2196 823 intus
2222 769 2596 835 constitutum,
2623 776 2893 841 quomodo
2925 773 3073 844 ioqui
3108 789 3226 829 mos
3257 783 3351 831 est

320 879 348 914 ν
376 863 504 917 Υίὸν
549 863 642 917 τοῦ
672 862 806 918 Θεοῦ
840 863 1054 935 ἀληθῶς
1092 862 1221 917 Υίδν
1266 858 1406 916 εῖναι
1434 862 1671 934 παραδε-
1775 859 1830 912 in
1865 859 2147 915 humanis:
2173 870 2229 915 at
2264 862 2533 917 interdum
2573 874 2728 919 vocat
2762 866 3135 931 indicativum,
3175 867 3349 922 simil-

319 973 415 1021 ων,
452 957 584 1028 παρ’
601 955 764 1010 αὐτοῦ
777 955 1256 1028 τεμεμαθηκότων
1273 955 1369 1009 ἕνα
1384 954 1670 1027 γνωρίζειν
1774 952 1961 1007 limum
1993 963 2181 1011 nostro
2210 956 2372 1011 verbo
2396 956 2688 1026 prolatitio.
2718 957 2874 1014 Esset
2898 958 3001 1015 boc
3029 960 3083 1014 in
3111 957 3350 1016 Sabellio

320 1048 445 1103 ὑτόν
474 1065 534 1102 τε
556 1043 695 1104 εἶναι
717 1048 849 1104 Θεὸν
882 1048 1016 1121 όμοῦ
1039 1051 1133 1104 καὶ
1155 1048 1375 1120 Πατέρα
1394 1046 1506 1118 (67)
1536 1045 1666 1100 Υἱοῦ
1773 1045 1994 1115 quidem
2069 1047 2391 1104 tolerabiie:
2421 1048 2504 1103 vel
2549 1050 2601 1104 in
2634 1040 2944 1106 Judaeorum
3009 1051 3192 1122 aliquo
3251 1039 3350 1123 qui

320 1138 565 1210 ογενοῦς,
592 1141 787 1196 ἑαυτοῦ
801 1141 1170 1213 δηλαδὴδντος
1181 1140 1397 1212 ἀληθῶς
1409 1138 1539 1193 Υίοῦ
1561 1138 1669 1210 πρὸ
1771 1138 1891 1194 sine
1919 1138 2369 1208 tergiversatione
2396 1141 2574 1211 aliqua
2610 1141 2804 1197 Filium
2827 1140 2921 1197 Dei
2949 1152 3348 1218 pernegaturus

340 1230 552 1287 αἰώνων
586 1231 646 1297 ἐξ
681 1232 845 1287 αὐτοῦ
870 1232 1260 1305 γεγενημένου,
1285 1232 1380 1284 καὶ
1406 1230 1468 1285 οὐ
1508 1229 1667 1302 μόνον
1769 1239 1914 1285 esset
1950 1251 1965 1285 z
2001 1240 2058 1285 at
2088 1232 2212 1301 quis
2246 1232 2362 1288 baec
2390 1233 2660 1289 dicentem
2686 1233 3057 1291 Christianum
3081 1234 3255 1291 ferat?
3280 1236 3350 1291 At

319 1322 646 1395 κεκλημένου
698 1323 804 1395 πρὸ
835 1323 932 1395 τῆς
971 1322 1286 1395 ἀναλήψεως
1314 1322 1414 1392 τῆς
1442 1321 1664 1393 σαρκὸς,
1771 1321 1863 1377 ine
1908 1322 2069 1377 veittti
2106 1324 2198 1394 qui
2252 1324 2579 1396 gioriaretur
2625 1327 2692 1383 de
2738 1327 3056 1394 Iudaismo,
3117 1327 3349 1398 impium

319 1416 560 1485 γενναῖος
599 1414 915 1487 διορίζεται,
964 1414 1099 1469 ἀλλὰ
1137 1413 1231 1467 καὶ
1275 1412 1448 1485 μυρία
1478 1410 1663 1481 ἔτερα,
1771 1414 1965 1487 dogma
2002 1425 2166 1485 atque
2203 1418 2426 1473 atheum
2466 1418 2766 1474 introducit
2815 1417 2867 1472 in
2907 1416 3228 1484 Ecciesiam,
3259 1417 3351 1474 Fi·

319 1524 334 1560 o
363 1506 556 1578 τούτῳ,
584 1507 684 1578 τῆς
705 1506 858 1571 θείας
874 1507 1100 1579 Γραφῆς
1126 1505 1540 1578 καταψεύδεται,
1559 1505 1667 1577 πρὸ
1772 1506 1902 1562 lium
1927 1508 2022 1564 Dei
2043 1510 2357 1581 neutiquam
2387 1510 2685 1576 exstitisse,
2731 1522 2859 1566 ante
2902 1509 3088 1565 mundi
3141 1510 3347 1581 produ·

319 1600 513 1674 σάρκου
572 1601 874 1671 παρουσίας
925 1601 1090 1674 μηδὲν
1126 1601 1314 1675 ἕτερον
1368 1599 1664 1673 κεκλῆσθαι
1772 1596 2003 1654 ctionem
2032 1617 2048 1656 ι
2080 1616 2202 1656 cum
2228 1602 2346 1658 solo
2374 1602 2483 1657 Deo
2513 1613 2741 1673 excepto
2772 1602 2905 1658 nibil
2929 1602 3087 1673 plane
3109 1611 3350 1660 exstaret

319 1692 760 1765 πισχυριζόμενος
786 1692 1028 1763 ῆΛόγον.
1771 1690 1893 1745 ibi:
1936 1692 2146 1763 hocque
2193 1693 2368 1765 ipsum
2417 1695 2795 1761 constabilire,
2833 1709 2931 1768 per
2976 1694 3169 1765 scripti
3198 1694 3347 1749 iliius

319 1801 516 1842 :essum
547 1795 776 1842 conatur
810 1785 1124 1843 universum
1157 1804 1172 1842 ε
1212 1786 1264 1842 in
1293 1802 1416 1843 eum
1468 1785 1653 1851 flnem,
1690 1792 1750 1843 ut
1779 1784 1921 1842 Filio
1982 1801 2201 1843 omnem
2266 1790 2469 1845 aditum
2504 1790 2571 1845 ad
2616 1790 3029 1847 subsistentiam
3079 1787 3346 1846 intercin-

319 1885 349 1938 d
381 1893 435 1940 et
463 1883 684 1954 insuper
714 1885 1064 1941 vehementer
1097 1884 1375 1954 gloriatur.
1410 1898 1470 1939 se
1500 1898 1664 1937 unum
1706 1884 2080 1939 tantummodo
2123 1885 2289 1939 Deum
2359 1902 2688 1958 agnoscere:
2752 1888 2908 1957 quasi
2943 1889 3045 1944 boc
3089 1904 3188 1943 nos
3237 1903 3343 1942 non

321 1993 474 2033 emur
503 1978 763 2045 cumino,
793 1979 885 2049 qui
914 1988 1094 2035 tumen
1126 1979 1219 2034 Dei
1251 1994 1434 2033 revera
1465 1978 1662 2033 Filium
1701 1991 1824 2034 esse
1877 1977 2211 2048 accepimus,
2258 1988 2314 2034 et
2370 1980 2438 2035 ab
2477 1982 2707 2048 ipsomet
2745 1983 2908 2036 etiam
2975 1981 3113 2039 Filio
3178 1998 3345 2037 unum

325 2087 587 2145 gnoscere
621 2074 799 2129 edocti
838 2073 1061 2138 suimus,
1092 2074 1378 2144 ipsumque
1412 2074 1578 2129 Deum
1597 2087 1719 2130 esse
1757 2072 2103 2148 simulatque
2123 2073 2337 2128 Patrem
2364 2072 2487 2130 Filii
2511 2076 2801 2146 unigeniti,
2829 2078 2913 2132 sui
2938 2079 3344 2148 nempeipsius,

350 2168 429 2223 sic
454 2168 656 2233 docuit,
697 2169 790 2240 qui
839 2183 964 2225 vere
1002 2168 1168 2224 Filius
1207 2169 1507 2224 exsistebat
1530 2178 1659 2223 ante
1703 2168 1886 2224 omnia
1928 2168 2149 2235 secula,
2191 2168 2260 2225 de
2294 2168 2386 2225 ilio
2435 2167 2599 2224 Patre
2655 2171 2889 2240 genitus,
2915 2185 3074 2243 quem
3111 2187 3215 2229 non
3251 2187 3343 2228 so-

324 2262 476 2317 rbum
548 2265 873 2335 compellare
920 2263 1159 2320 solemus
1190 2305 1206 2330 ,
1257 2264 1421 2320 etiam
1458 2272 1585 2319 ante
1624 2274 1936 2335 susceptam
1960 2279 2202 2330 carnem,
2238 2263 2316 2318 uti
2342 2262 2495 2318 iilum
2539 2263 2943 2319 circumscribit
3005 2264 3181 2320 bonus
3240 2265 3348 2321 iste

319 2359 532 2415 [multis
560 2359 680 2416 aliis
713 2360 1026 2416 nominibus
1053 2399 1068 2423 ‚
1122 2360 1215 2430 qui
1280 2359 1384 2415 hoc
1440 2358 1558 2429 ipso
1606 2357 1874 2414 mendacii
1935 2357 2181 2431 coarguit
2208 2355 2569 2428 scripturam,
2614 2357 2741 2413 dum
2793 2357 3169 2415 vehementius
3200 2371 3348 2415 aase-

319 2449 441 2508 iium
488 2452 634 2510 nulio
665 2452 770 2509 alio
817 2452 1038 2508 nomine
1091 2451 1368 2508 exstitisse
1395 2458 1608 2519 notum,
1638 2458 1768 2505 ante
1799 2464 1953 2505 suam
1988 2450 2443 2505 incarnationem.

721 2548 878 2602 ΚΕΦ.
920 2549 1026 2601 111'.
1695 2551 1740 2608 Β
2302 2550 2361 2611 »Β
2389 2541 2543 2601 CAP.
2596 2542 2777 2599 xviii.

330 2637 445 2707 πρὸ
494 2637 605 2706 τῆς
651 2638 1158 2709 ἐνανθρωπήσεως
1227 2636 1408 2693 οὐδὲν
1457 2636 1664 2705 ἕτερον
1769 2638 1926 2707 Quod
1954 2637 2171 2708 affirmet
2218 2633 2419 2690 Filium
2447 2646 2569 2688 ante
2596 2642 2925 2699 assumptam
2962 2650 3173 2690 caruem
3213 2635 3348 2691 nuit

319 2724 424 2761 κεν
458 2705 610 2763 εἶναι
638 2710 745 2764 τὸν
791 2709 928 2764 Υίὸν
950 2709 990 2778 ἢ
1017 2709 1232 2779 Λόγον,
1277 2706 1439 2775 αὐτῷ
1471 2709 1665 2778 μόνον
1835 2724 2054 2777 prorsus
2088 2706 2237 2760 aliud
2267 2706 2527 2760 exstitisse
2548 2720 2706 2773 quom
2757 2702 3003 2768 Verbum,
3036 2706 3342 2762 conamini·

322 2795 361 2831 ν
385 2777 466 2845 τῷ
490 2780 626 2848 παρ’
650 2778 1002 2848 ἀνθρώποις.
1839 2794 1984 2832 mum
2007 2778 2237 2831 humano
2267 2778 2443 2830 verbo.

319 2883 499 2921 ιουσον
543 2867 696 2936 γοῦν,
738 2868 815 2931 ὡς
850 2858 1284 2931 διαὸεὸαιοῧται,
1331 2865 1514 2928 αὐτοῖς
1565 2863 1664 2934 ῥή-
1838 2871 1975 2925 Audi
1996 2879 2179 2925 autem
2196 2870 2467 2940 quomodo
2482 2869 2585 2924 hoe.
2604 2867 2779 2941 ipsum
2796 2867 3011 2930 doceat,
3030 2867 3159 2924 dum
3177 2867 3348 2925 diser·

319 2958 454 3013 ιῦτον
493 2960 721 3032 γράφων
761 2959 852 3012 τὸν
891 2959 1124 3030 τρόπον·
1181 2979 1198 3010 ι
1247 2958 1409 3011 Ὥστε
1457 2972 1663 3010 παντα-
1766 2962 1837 3017 tis
1861 2961 2079 3031 quidem
2107 2959 2377 3015 verbisita
2410 2958 2602 3016 scribit
2628 2956 2722 3033 [R.
2743 2957 3014 3033 xxxvtt}
3038 2976 3084 3014 z«
3106 2960 3255 3014 Adeo
3285 2968 3347 3015 ιιι

342 3054 454 3127 (68)
492 3056 607 3108 ἐστὶ
647 3053 828 3124 δῆλον,
863 3054 1026 3125 μηδὲν
1060 3054 1246 3124 ἓτερον
1285 3054 1352 3123 τῇ
1400 3051 1662 3122 ἁῖδιότητι
1771 3071 1791 3104 ε
1834 3052 1991 3124 plane
2013 3052 2342 3109 omnimodo
2368 3050 2716 3109 manifestum
2742 3052 3150 3120 suerit,nuilum
3177 3054 3345 3109 alittm

319 3143 442 3213 όγου
473 3144 763 3215 ἁρμόττειν
788 3142 978 3214 ὄνομα,
1016 3142 1049 3213 ἢ
1078 3141 1246 3206 τοῦθ’,
1278 3141 1415 3211 ὅπερ
1437 3141 1466 3193 ὁ
1496 3138 1665 3208 ἁγιώ-
1770 3160 1791 3194 t
1833 3155 2027 3198 nomen
2054 3141 2340 3198 aetemitati
2361 3138 2522 3198 Verbi
2538 3142 2923 3199 convenienter
2943 3143 3342 3209 ascribendum,

345 3233 441 3289 τοῦ
469 3233 605 3289 Θεοῦ
650 3234 897 3306 μαθητὴς
935 3233 1030 3288 καὶ
1060 3231 1356 3294 ἀπόστολος
1389 3230 1662 3302 Ἰωάννης,
1769 3254 1790 3287 ι
1830 3249 1992 3306 quam
2017 3234 2121 3291 boc
2144 3232 2344 3306 ipsum,
2365 3236 2509 3305 quod
2538 3249 2570 3290 a
2598 3234 2943 3291 sanctissimo
2975 3233 3071 3290 Dei
3096 3236 3347 3305 apostolo

319 3328 406 3399 ²1⁴st
454 3326 548 3384 τοῦ
602 3323 935 3394 Εὑαγγελίου
985 3324 1226 3398 εἴρηκεν.
1283 3320 1502 3394 Ἐπειδὴ
1555 3321 1663 3395 γὰρ
1771 3343 1792 3378 ι
1832 3335 1889 3383 et
1915 3326 2185 3396 discipulo
2226 3325 2459 3394 Ioanne,
2509 3327 2562 3382 in
2601 3327 2874 3399 principio
2902 3326 3123 3398 ponitur
3159 3326 3342 3383 Evan-

344 3416 446 3490 τὴν
488 3417 590 3489 τῆς
642 3416 844 3489 σαρκὸς
880 3416 1147 3488 ἀνάληψιν
1191 3414 1427 3487 Χριστός
1469 3430 1532 3469 τε
1571 3413 1667 3468 καὶ
1772 3438 1791 3472 ι
1830 3418 1978 3491 getii.
2041 3417 2324 3492 Siquidem
2373 3419 2441 3487 is,
2499 3428 2625 3490 post
2675 3428 3008 3491 assumptam
3072 3433 3296 3475 carnem
3321 3458 3341 3486 .

319 3508 375 3574 ῦς
401 3508 746 3591 superescat,
775 3505 888 3579 ζωὴ
921 3524 981 3561 τε
1013 3506 1109 3561 καὶ
1145 3506 1296 3573 ὁδὸς.
1349 3506 1446 3559 καὶ
1483 3505 1666 3578 ἡμέρα
1773 3529 1793 3564 ι
1829 3512 2080 3569 christus
2114 3519 2172 3568 οι
2193 3508 2353 3568 lesus
2368 3510 2954 3584 praedicam-,vitaque
2975 3519 3034 3568 et
3061 3510 3171 3576 via,
3202 3511 3337 3578 dies.

322 3600 614 3667 vamme,
658 3598 754 3653 καὶ
802 3596 942 3677 Οὖρα
1004 3597 1101 3653 καὶ
1143 3596 1346 3670 ἄρτος.
1391 3596 1488 3650 καὶ
1532 3596 1588 3651 εί
1607 3612 1664 3651 τι
1772 3622 1791 3656 ι
1836 3603 2187 3670 resurrectio,
2222 3604 2447 3671 ostium,
2476 3603 2652 3676 panis,
2686 3612 2743 3663 et
2772 3618 2893 3675 quae
2914 3612 3113 3661 caetera
3141 3602 3217 3659 ilii
3244 3616 3343 3662 no·

319 3708 344 3745 ν
399 3690 505 3746 ὑπὸ
563 3688 675 3744 τῶν
720 3690 881 3745 θείων
925 3688 1244 3762 ὀνομάζοιτο
1294 3687 1547 3763 Γραφῶν,
1601 3688 1664 3744 οὐ
1773 3713 1792 3747 t
1838 3696 1981 3751 mina
2039 3695 2094 3751 iu
2152 3694 2453 3768 scripturis
2516 3696 2883 3752 sacrosanctis
2944 3696 3295 3751 ascribuntur
3318 3733 3335 3759 ,

365 3783 522 3839 τοῦτο
563 3785 776 3854 ἀγνοεῖν
828 3784 976 3856 ἡμᾶς
1022 3782 1290 3854 προσήκει
1344 3781 1406 3836 τὸ
1452 3780 1666 3854 πρῶτον
1774 3807 1794 3840 ι
1839 3798 2018 3845 tamen
2056 3804 2166 3845 non
2196 3790 2454 3845 debemus
2495 3792 2767 3860 ignorare,
2800 3789 2944 3859 quod
2987 3786 3240 3858 princeps
3264 3786 3341 3843 iiii

319 3894 352 3944 ι,
384 3878 466 3931 ὅτι
504 3876 676 3945 Λόγος
717 3874 827 3948 (69)
869 3871 963 3949 ἦν.
1005 3875 1104 3929 Διὰ
1131 3874 1292 3929 τοῦτο
1334 3873 1465 3946 γὰρ,
1497 3872 1595 3929 καὶ
1640 3874 1669 3928 ὁ
1695 3892 1738 3952 c
1776 3898 1795 3932 ι
1839 3892 2033 3936 nomen
2083 3877 2320 3936 Verbum
2370 3877 2566 3935 fuerat.
2597 3876 2679 3934 Ob
2727 3878 2868 3959 banc
2900 3876 3072 3948 ipsam
3119 3890 3340 3932 causam

319 3988 457 4035 τατος
497 3969 886 4046 εὐαγγελιιστὴς
913 3969 1008 4028 καὶ
1043 3966 1289 4043 μαθητὴς
1309 3966 1403 4023 τοῦ
1430 3964 1658 4039 Κυρίου,
1736 3987 1788 4035 ,ι
1829 3968 2205 4025 sanctissimus
2244 3966 2574 4038 evangelista
2628 3975 2683 4023 et
2743 3964 3042 4037 discipulus
3088 3963 3337 4029 Domini,

319 4080 359 4117 α
393 4061 709 4136 ἐγρηγορὼς
737 4062 816 4140 τῷ
847 4060 1139 4135 πνεύματι,
1166 4059 1266 4131 τῆς
1296 4058 1502 4116 ἄνωθεν
1537 4075 1665 4130 μνη·
1773 4077 1793 4110 ι
1837 4059 1989 4115 vaide
2013 4059 2233 4131 quidem
2258 4058 2346 4114 iiie
2368 4059 2559 4135 spiritu
2590 4058 2849 4130 vigilans,
2880 4058 2969 4113 ubi
2995 4056 3162 4121 illius,
3191 4054 3338 4125 quod

321 4172 397 4209 ων
429 4156 636 4232 ἀρχῆς,
678 4156 772 4211 καὶ
827 4152 1050 4231 μηδενὸς
1087 4150 1200 4230 (Ἰθ)
1243 4149 1530 4223 νεωτέρου,
1567 4149 1665 4204 Ἐν
1773 4172 1792 4204 ι
1828 4164 1947 4208 erat
1969 4153 2036 4207 ab
2064 4153 2210 4212 omni
2241 4162 2391 4210 retro
2422 4152 2727 4208 aeternitate
2762 4151 3017 4222 principii
3060 4148 3335 4215 meminit,

352 4243 431 4324 ἦν
456 4250 488 4302 ὀ
525 4248 734 4317 Λόγος,
778 4243 909 4317 ἔφη,
946 4243 1045 4303 καί
1083 4246 1119 4298 ό
1154 4244 1344 4311 Λόγος
1390 4236 1472 4311 ἦν
1513 4237 1664 4309 πρὸς
1771 4262 1790 4296 ι
1836 4258 1935 4298 nec
1962 4242 2188 4300 inferius
2213 4245 2570 4310 descendens,
2609 4242 2679 4302 Iu
2710 4243 2989 4314 principio,
3025 4242 3185 4306 dixit,
3222 4249 3335 4295 erut

319 4337 466 4403 ὖεὸν,
495 4328 593 4392 καὶ
632 4337 777 4404 Θεὸς
811 4334 891 4408 ἦν
925 4339 957 4391 ὀ
983 4336 1195 4415 Λόγος,
1229 4334 1318 4388 ἵνα
1343 4332 1494 4405 δείξῃ
1525 4330 1581 4385 εί
1606 4348 1660 4385 τι
1770 4353 1789 4386 ι
1839 4332 2060 4389 Verbum
2082 4350 2102 4388 .·
2131 4344 2181 4390 et
2231 4334 2452 4390 Verbum
2514 4345 2627 4390 erut
2665 4334 2807 4403 apud
2846 4334 3013 4388 Deum
3040 4349 3060 4384 .·
3097 4342 3145 4387 et
3196 4331 3334 4386 Deua

319 4450 341 4487 ν
365 4432 460 4484 καὶ
498 4428 759 4502 νεώτερον
783 4429 974 4500 ὄνομα,
1004 4426 1147 4482 τοῦτ’
1183 4423 1293 4479 ἀπὸ
1324 4425 1423 4496 τῆς
1470 4422 1662 4495 καινῆς
1770 4446 1786 4477 ι
1822 4435 1935 4481 erat
1980 4425 2116 4481 iuuet
2166 4424 2393 4482 Verbum
2409 4426 2476 4494 ⁷³,
2532 4437 2589 4481 ut
2619 4427 2699 4481 sic
2737 4424 3075 4489 ostenderet,
3111 4423 3157 4479 si
3187 4422 3333 4493 quod

349 4524 445 4579 καὶ
483 4523 611 4587 νέας
639 4520 844 4594 ὑπῆρξε
878 4519 1020 4575 κατὰ
1064 4519 1241 4591 σάρκα
1282 4516 1609 4587 οἰκονομίας.
1637 4533 1656 4567 ι
1770 4538 1788 4569 ι
1827 4517 1974 4572 aliud
2000 4519 2068 4574 de
2088 4532 2225 4574 novo
2247 4528 2302 4574 et
2324 4519 2583 4573 novitium
2614 4516 2690 4571 iili
2724 4516 3086 4586 adoptabatur
3111 4529 3332 4580 nomen,

319 4634 355 4686 ,ς
401 4615 673 4685 ἐπιλέγει·
715 4634 733 4665 ι
762 4611 991 4675 Οὐκοῦν,
1035 4608 1142 4682 πρὸ
1186 4608 1287 4680 μὲν
1327 4605 1422 4661 τοῦ
1470 4603 1664 4659 κατελ-
1770 4627 1789 4660 ι
1832 4608 1958 4663 iiiud
1983 4608 2033 4664 ei
2066 4608 2380 4674 accessisse,
2415 4624 2444 4663 a
2473 4622 2611 4664 nova
2643 4607 2733 4662 iila
2761 4622 2859 4662 sua
2891 4604 3187 4661 secundum
3210 4618 3335 4660 car-
3403 4614 3407 4617 ’

320 4710 414 4764 καὶ
463 4707 551 4774 διὰ
596 4707 696 4778 τῆς
733 4704 1007 4785 Παρθένου
1048 4701 1338 4776 τεχθῆναι,
1384 4699 1556 4768 Λόγος
1592 4691 1661 4769 ἦν
1769 4722 1787 4753 ι
1830 4715 1952 4756 nem
1976 4699 2397 4770 dispensatione.
2448 4718 2467 4752 ι
2499 4696 2710 4767 Quibus
2736 4696 2989 4772 adjunxit
3012 4695 3067 4752 in
3099 4710 3334 4766 sequen-

326 4844 339 4857 .
377 4788 561 4866 Ἐπεὶ,’
582 4800 635 4853 τί
665 4791 778 4871 (71)
811 4798 997 4869 ἕτερον
1026 4790 1118 4868 ἦν,
1150 4794 1257 4868 πρὸ
1286 4792 1382 4846 τοῦ
1427 4792 1526 4863 τὴν
1565 4791 1660 4844 ἀν·
1763 4792 1943 4848 tibus:
1981 4811 2000 4845 ι
2036 4793 2303 4861 Quocirca
2331 4792 2645 4867 priusquam
2667 4790 2774 4845 buc
2803 4789 2871 4845 ad
2909 4802 3007 4845 nos
3035 4789 3330 4877 descende-

322 4895 437 4966 ίνην
460 4894 748 4949 ἀναλαόείν
774 4891 953 4964 σάρκα
982 4888 1046 4942 τὸ
1081 4884 1338 4942 κατελθὸν
1368 4884 1455 4938 ἐπ’
1495 4881 1659 4955 ὲσχά-
1770 4906 1788 4937 ι
1831 4893 1933 4951 ret,
1966 4895 2021 4942 et
2063 4885 2131 4940 de
2180 4883 2396 4956 Virgine
2436 4892 2771 4950 nasceretur,
2800 4880 3029 4938 Verbum
3062 4895 3163 4937 nec
3196 4895 3334 4951 prae-

319 4987 400 5042 &v
440 4985 700 5059 ἠμερῶυ;
741 4985 815 5049 ὡς
856 4982 950 5036 καὶ
983 4978 1145 5060 αὐτὸς
1186 4976 1414 5058 ἔγραφε.
1459 4975 1571 5029 Καὶ
1600 4974 1661 5029 τὸ
1765 4998 1786 5031 ι
1827 4991 1969 5034 terea
2000 4978 2290 5049 quidquam
2314 4977 2434 5033 suit.
2460 4975 2593 5033 Nam
2620 4977 2747 5048 quid
2784 4983 2901 5031 erat
2922 4973 3096 5038 atiud,
3123 4986 3334 5042 quaeso,

320 5079 412 5134 θὲν
438 5081 505 5133 ὲκ
552 5078 650 5149 τῆς
695 5076 854 5146 ἁγίας
887 5073 1184 5146 Παρθένου,
1223 5070 1377 5125 οὐδὲν
1405 5069 1592 5142 ἕτερον
1624 5068 1658 5139 ἢ
1766 5091 1784 5122 ι
1829 5065 2137 5141 priusquam
2175 5070 2461 5123 humanam
2510 5079 2809 5125 assumeret
2841 5081 3081 5128 carnem,
3109 5066 3159 5119 id
3189 5063 3335 5133 quod

319 5190 351 5236 ς.
377 5191 394 5222 ι
446 5171 557 5225 Καὶ
602 5170 764 5224 πάλιν
814 5166 1096 5239 ἐπιφέρει·
1153 5184 1170 5215 ι
1206 5162 1476 5234 Πρότερον
1532 5162 1657 5234 γὰρ,
1766 5184 1784 5213 ι
1828 5164 2101 5219 descendit
2131 5162 2182 5216 in
2207 5162 2514 5218 novissimis
2545 5161 2771 5217 diebus!
2795 5159 2935 5230 quod
2970 5168 3023 5212 et
3057 5157 3229 5220 ipsum
3266 5154 3335 5208 ab

319 5279 346 5335 ρ
391 5259 648 5324 πολλάκις
681 5258 838 5331 ἔφην,
864 5257 1014 5314 οὐδὲν
1043 5256 1226 5327 ἕτερον
1256 5250 1325 5327 ἦν
1359 5252 1394 5323 ἢ
1422 5252 1608 5321 Λόγος.
1634 5271 1652 5304 ι
1769 5272 1788 5306 ι
1826 5269 1893 5311 eo
1925 5255 2183 5325 scriptum
2207 5251 2523 5309 affirmatur.
2552 5254 2857 5318 Enimvero,
2886 5248 3025 5319 quod
3050 5248 3116 5302 de
3146 5253 3334 5298 sancta

319 5405 364 5462 d.
389 5403 731 5473 Paris.,pag.
754 5400 841 5457 81.
893 5400 936 5430 ⁷⁷
970 5396 1105 5453 Gen.
1143 5413 1185 5469 t,
1216 5393 1308 5449 26.
1384 5392 1430 5456 ’ἔ
1455 5390 1610 5468 «ioan.
1635 5406 1673 5456 ι,
1707 5391 1758 5446 1.

320 5570 428 5624 Καὶ
457 5568 595 5623 Υίὸν
615 5563 1004 5635 μονογενοῦς.
1054 5560 1211 5614 Patet
1267 5557 1548 5628 legendum
1573 5557 1662 5627 (ex
1857 5561 1947 5619 69)
1973 5560 2142 5627 Vulgo
2172 5560 2267 5613 ὢν.
3044 5622 3057 5636 ο
3120 5621 3133 5634 .

321 5641 405 5692 edi
434 5638 652 5709 Πατέρα
684 5635 816 5689 rto-3
848 5634 941 5689 τοῦ
968 5650 1085 5705 μον.
1120 5639 1172 5685 et
1196 5628 1368 5684 delevi
1409 5640 1530 5682 mox
1554 5627 1661 5680 τῶν
1859 5631 1949 5698 70)
1974 5631 2101 5687 Post
2128 5636 2179 5685 it.
2216 5647 2264 5685 v.
2295 5630 2360 5684 R.
2385 5630 2644 5699 ὀνόματος
2659 5624 2901 5699 ἐμνήσθη
2919 5620 3189 5679 velstmtle
3204 5619 3338 5694 quid

319 5701 483 5775 ὥνων)
513 5707 732 5777 Πατέρα
758 5705 890 5760 Υίοῦ
945 5699 1287 5776 μονογενοῦς.
1332 5697 1522 5786 stetim
1578 5712 1664 5753 re·
1764 5703 2032 5757 excidisse
2058 5701 2249 5757 credit.

319 5777 711 5921 ffig’ssass'efffi}
743 5776 871 5902 Οίνιῖίο
901 5785 957 5833 et
982 5774 1163 5843 codd„
1194 5769 1359 5841 ‚vuigo
1379 5765 1531 5834 ωδεῑ.
1552 5766 1623 5824 bl.
1833 5773 1947 5846 (71)
1971 5771 2143 5845 Vuigo
2168 5766 2235 5844 ἦν
2265 5772 2482 5842 ἕτεροις
2514 5784 2650 5860 mox·
2679 5767 2831 5841 vulgo
2860 5762 3087 5837 ἔγραψε.
