3692 6134
390 282 460 342 8¹
1063 290 1335 350 Eustzssu
1370 287 1853 349 CAEsAmENsts
1888 286 2041 343 01³1».
2080 284 2261 341 PARS
2297 285 2385 342 ΙΙΙ.
2419 318 2488 331 -
2524 285 2930 342 EXEGETICA.
3582 290 3651 345 52

391 400 533 455 lente
563 401 671 455 Deo
703 402 770 457 ad
797 404 1170 461 exsistendum
1199 411 1481 478 perducta.
1533 407 1589 464 Si
1620 406 1748 478 quid
1779 416 1960 461 tamen
1992 412 2037 469 Α
2068 403 2867 477 θελήματιΘεοῧγεγενημένα·
2897 405 2946 457 εἰ
2978 404 3035 457 δέ
3060 405 3113 457 τί
3146 405 3294 457 ἐστιν
3321 404 3381 456 ὲν
3406 405 3642 478 οὐρανῷ,

387 498 475 547 est
514 494 566 548 in
605 496 770 558 coeto,
803 496 966 550 vetuti
993 498 1258 564 spiritalia
1293 500 1566 570 nequitiae,
1592 508 1687 552 aut
1721 498 1775 552 in
1803 507 1971 560 terra,

389 584 556 639 veluti
607 585 857 641 homines
902 596 1234 656 peccatores,
1286 600 1379 645 aut
1425 592 1478 646 in
1528 590 1793 655 maribus,
1825 589 1974 645 vetut

387 675 641 731 draconis
683 676 1018 744 improbitas,
1051 688 1143 735 aut
1182 682 1233 735 in
1272 682 1506 754 abyssis,
1536 680 1971 753 velutiniquitas

387 764 743 822 scelestorum
802 769 1036 836 tuorum,
1087 772 1179 843 qui
1228 774 1354 829 ittuc
1407 774 1560 829 abire
1597 774 1736 844 jussi
1797 781 1967 839 sunt;

390 857 548 927 baec,
609 861 865 931 inquam,
914 864 1054 918 Deus
1105 880 1211 921 non
1265 866 1447 923 effecit
1503 867 1786 924 voluntate
1844 882 1964 923 sua.

395 950 638 1022 Namque
664 968 732 1009 ex
764 968 862 1009 ore
891 952 1102 1013 Domini
1138 958 1281 1015 baud
1317 958 1609 1030 prodibunt
1634 957 1772 1013 mala
1806 958 1966 1014 simu!

390 1054 444 1099 et
496 1045 717 1102 bonum.

500 1135 665 1194 Vens.
698 1140 752 1196 7.
787 1140 892 1207 Qun·
923 1143 1100 1197 educit
1136 1150 1314 1199 ventos
1340 1143 1406 1197 de
1437 1144 1700 1199 thesauris
1733 1144 1866 1200 suis.

463 1229 595 1286 Dum
645 1234 733 1291 bic
778 1234 918 1292 dicit
977 1242 1302 1302 thesauros,
1367 1240 1514 1295 haud
1560 1255 1692 1295 sane
1759 1242 1967 1297 indicat

390 1326 648 1393 quosdam
699 1342 821 1383 esse
878 1337 1168 1383 ventorum
1208 1328 1530 1397 thesauros,
1577 1331 1672 1386 sed
1718 1330 1964 1400 jubentis

388 1417 567 1486 potius
598 1418 961 1485 celeritatem,
993 1427 1050 1475 et
1084 1422 1162 1475 rei
1205 1437 1471 1491 possessae
1504 1431 1748 1494 paratam
1788 1421 1965 1478 sacili-

386 1516 577 1565 tatem.
619 1511 952 1569 sicutenim
983 1514 1075 1583 qui
1108 1516 1421 1571 thesaurum
1473 1516 1613 1587 apud
1659 1531 1720 1572 se
1770 1514 1959 1582 babet,

385 1601 640 1671 expedite
691 1604 1018 1671 admodum,
1070 1607 1501 1677 quotiescunque
1564 1606 1711 1675 vuit,
1764 1616 1961 1661 cuncta

390 1688 521 1745 inde
555 1690 799 1762 profert3
849 1694 922 1749 ita
955 1703 1012 1750 et
1030 1697 1270 1751 omnium
1309 1695 1542 1753 Creator
1570 1707 1762 1753 cuncta
1804 1696 1963 1753 facile

385 1779 584 1849 effecit,
614 1792 670 1837 et
697 1784 763 1838 ad
790 1787 1168 1842 exsistentiam
1195 1789 1465 1858 perduxit.

495 1872 662 1929 Vens.
694 1876 749 1930 8.
799 1876 906 1941 Qun·
943 1881 1203 1948 percussit
1230 1879 1581 1950 primogenita
1609 1878 1854 1951 AEqyptt'.

455 1966 592 2033 Quia
626 1968 865 2023 notmutti
911 1971 1181 2027 mundana
1216 1973 1585 2029 tantummodo
1618 1988 1683 2030 ac
1714 1972 1960 2030 coelestia

383 2058 574 2114 dicunt
613 2060 953 2128 providentia
1000 2061 1091 2118 Dei
1139 2062 1454 2130 gubernari,
1479 2063 1821 2119 demonstrat
1868 2065 1963 2120 bu·

385 2163 544 2204 mans
575 2165 792 2221 quoque
825 2167 972 2208 curse
1004 2168 1126 2210 esse
1151 2155 1351 2224 eidem,
1391 2156 1480 2223 qui
1508 2164 1564 2209 et
1590 2170 1737 2211 nunc
1763 2156 1960 2226 impios

383 2240 560 2309 punit,
606 2248 662 2295 et
712 2241 922 2311 piorum
971 2258 1148 2315 genus
1193 2246 1451 2315 protegit.
1498 2245 1607 2301 Sed
1640 2248 1786 2303 enim
1828 2231 1957 2303 otim

356 2329 602 2397 -quidem
630 2332 809 2401 portio
836 2344 957 2389 erat
985 2336 1218 2403 Domini,
1246 2337 1299 2391 id
1332 2348 1417 2393 est
1447 2338 1543 2393 Dei
1573 2338 1757 2407 Verbi,
1788 2353 1959 2409 popu·

381 2419 471 2476 lus
512 2420 631 2490 ejus
680 2420 886 2490 Jacob,
928 2423 1202 2483 funiculus
1239 2429 1576 2485 baereditatis
1623 2430 1742 2501 ejus
1770 2430 1955 2488 lsrael.

383 2507 677 2580 Postquam
713 2527 841 2569 vero
875 2514 946 2569 ob
986 2531 1138 2571 snam
1184 2517 1644 2589 irreligiositatem
1699 2521 1788 2576 iile
1836 2537 1961 2591 pro-

381 2598 565 2669 lapsus
608 2611 725 2666 est,
775 2604 980 2658 dictum
1024 2604 1127 2659 suit
1175 2608 1467 2663 humanato
1497 2610 1679 2666 Verbo
1716 2630 1731 2667 ε
1770 2610 1897 2669 Pete
1925 2630 1959 2668 a

383 2705 485 2756 me,
515 2701 565 2746 et
594 2691 732 2748 dabo
764 2694 858 2748 eibi
886 2704 1063 2765 yeme:
1093 2696 1451 2755 haereditatem
1481 2711 1626 2757 tuam
1647 2703 1713 2757 ⁸⁰.

492 2867 655 2925 Vens.
688 2869 778 2926 ⁴3.
805 2872 1048 2940 Domine,
1078 2890 1266 2931 nomen
1298 2886 1446 2932 mum
1485 2880 1540 2935 in
1574 2891 1852 2937 (eternum.

452 2959 595 3016 Nihii
619 2970 902 3035 tantopere
934 2966 1002 3021 ad
1028 2968 1266 3023 divinam
1300 2968 1702 3035 Providentiam
1719 2986 1953 3045 spectat,

378 3068 542 3125 quam
582 3054 776 3110 docere
815 3055 1086 3122 homines,
1122 3073 1188 3114 ne
1217 3075 1400 3116 rerum
1439 3063 1580 3118 banc
1615 3065 1941 3122 universita·
1981 3096 2024 3153 C

380 3156 486 3200 tem
515 3148 634 3203 sine
667 3147 1035 3218 gubernatore
1067 3166 1188 3207 esse
1219 3152 1467 3211 credant.
1511 3153 1689 3219 Quare
1727 3166 1783 3212 et
1817 3172 1951 3213 con-

383 3240 536 3294 tinua
562 3240 703 3311 apud
740 3256 841 3296 nos
881 3250 965 3298 est
1002 3242 1096 3298 Dei
1130 3246 1412 3309 memoria,
1437 3246 1593 3314 cujus
1626 3250 1957 3319 magnitudi-

380 3342 504 3384 nem
553 3345 582 3383 a
616 3331 915 3398 majoribus
962 3333 1108 3387 servi
1142 3333 1258 3403 ejus
1291 3335 1499 3401 edocti,
1552 3340 1838 3406 praesentia
1878 3341 1959 3395 di-

380 3436 506 3476 cere
540 3424 759 3477 discunt
790 3434 846 3478 et
875 3426 1101 3486 audent.
1151 3428 1287 3483 satis
1329 3429 1488 3500 gnari
1536 3428 1651 3485 sore
1684 3440 1742 3485 ut
1773 3447 1957 3488 recre-

378 3523 567 3582 entur,
598 3516 726 3585 quia
769 3516 1036 3583 judicium
1067 3518 1160 3573 tiet
1190 3520 1257 3575 de
1285 3522 1495 3592 reliquo
1525 3523 1744 3594 populo,
1769 3539 1955 3580 eorum

380 3620 543 3662 causa
591 3607 682 3677 qui
721 3605 815 3663 Dei
865 3623 1063 3663 nomen
1106 3610 1283 3666 sciunt
1317 3623 1373 3668 et
1410 3615 1672 3670 memoria
1719 3626 1955 3675 versant.

377 3697 486 3755 Pro
512 3698 595 3755 eis
639 3698 856 3769 itaque,
901 3708 1159 3772 tanquam
1189 3718 1290 3775 pro
1329 3708 1505 3764 servis
1538 3707 1697 3763 venia
1750 3712 1961 3780 egenti-

379 3790 514 3852 bus.
549 3791 903 3861 deprecatur.

490 3879 650 3936 Vens.
687 3881 775 3939 ¹5.
808 3883 964 3937 Idola
989 3886 1223 3955 gentium
1253 3896 1530 3956 argentum
1558 3897 1609 3944 et
1637 3906 1851 3947 aurum.

451 3973 718 4029 Absoluto
756 3973 1061 4046 theologico
1091 3977 1239 4032 circa
1270 3976 1573 4048 Dominum·
1597 3995 1871 4049 sermone,
1905 3992 1961 4040 et

379 4067 733 4137 providentiae
766 4066 886 4135 ejus
913 4072 1129 4139 magnis
1158 4070 1419 4139 operibus
1448 4076 1802 4139 enumeratis,
1837 4086 1958 4131 tan-

377 4173 540 4227 quam
586 4159 764 4215 adhuc
808 4176 998 4216 servos
1047 4176 1144 4218 eos
1183 4163 1490 4233 attoquens,
1533 4165 1625 4235 qui
1667 4181 1736 4223 ex
1771 4183 1959 4225 errore

378 4250 725 4323 potytbeismi
766 4268 943 4322 nuper
983 4264 1374 4319 accesserant,
1418 4255 1608 4326 objicit
1650 4269 1956 4328 putatorum

375 4343 508 4397 otim
536 4344 606 4398 ab
635 4343 773 4412 ipsis
806 4344 1036 4400 deorum
1076 4347 1565 4417 vituperationem3
1595 4361 1956 4410 consentanee

2071 498 2147 562 ὡς
2182 498 2251 552 τὰ
2282 496 2623 565 πνευματικὰ
2652 498 2751 564 τῆς
2783 497 3065 568 πονηρίας,
3100 498 3133 568 ἢ
3165 500 3225 551 ὲν
3264 501 3331 571 τῇ
3378 503 3449 571 γῇ
3486 501 3559 565 ὡς
3593 506 3640 555 οἱ

2072 591 2384 663 ἁμαρτωλοὶ
2397 589 2745 662 ἅνθρωποι,ἣ
2780 591 2837 642 ὲν
2866 594 2985 652 ταῖς
3026 590 3347 655 θαλάσσαις,
3383 592 3462 657 ὡς
3487 595 3516 665 ἠ
3544 596 3632 647 τοῦ

2071 682 2361 754 δράκοντος
2388 680 2575 745 κακία,
2605 682 2641 753 ἢ
2677 684 2735 735 ὲν
2785 684 2904 745 ταῖς
2939 681 3199 745 ἀόύσσοις
3226 682 3303 746 ὡς
3344 686 3381 754 ἡ
3416 686 3632 757 πονηρία

2066 772 2177 827 τῶν
2228 773 2723 845 προστασσομένων
2762 774 2880 825 ἐκεῖ
2923 771 3173 826 ἀπελθεῖν
3226 772 3435 837 κακῶν,
3492 776 3633 828 τοῦτο

2067 864 2166 935 οὐχ
2191 865 2221 917 ό
2252 864 2384 928 Θεὸς
2409 862 2629 935 ἐποίησε
2657 863 2734 934 τῷ
2762 861 3026 934 θελήματι
3057 863 3222 919 αὑτοῦ
3244 880 3258 894 ·
3292 867 3357 918 ὲκ
3388 867 3500 936 γὰρ
3530 869 3639 919 στό-

2070 969 2239 1023 ματος
2281 952 2484 1025 Κυρίου
2534 952 2635 1006 οὐκ
2702 952 3044 1020 ἐξελεύσεται
3094 954 3164 1009 τὰ
3222 955 3372 1010 κακὰ
3426 957 3526 1011 καὶ
3584 957 3647 1012 τὸ

2065 1044 2289 1116 ἀγαθόν.

2216 1139 2271 1191 Ὁ
2298 1136 2531 1207 ἐξάγων
2558 1136 2818 1207 ἀνέμους
2842 1138 2910 1191 ἐκ
2943 1138 3262 1205 θησαυρῶν
3292 1140 3493 1197 αὐτοῦ.

2136 1228 2209 1281 Τὸ
2231 1230 2406 1282 εἰπεῖν
2438 1230 2501 1282 ὲκ
2533 1228 2843 1301 θησαυρῶν,
2869 1230 2930 1282 οὐ
2955 1228 3113 1282 τοῦτο
3155 1229 3307 1301 δηλοίΙ
3330 1232 3414 1285 ὅτι
3436 1232 3647 1304 fineretu-

2068 1318 2150 1389 ροί
2184 1319 2327 1383 τινές
2359 1321 2464 1373 είσι
2489 1319 2598 1373 τῶν
2631 1320 2869 1390 ἀνέμων,
2909 1320 3045 1375 ἀλλὰ
3071 1320 3132 1373 τὸ
3163 1321 3381 1390 ἕτοιμον
3404 1322 3497 1375 τοῦ
3523 1326 3645 1377 ὲπι-

2061 1410 2369 1474 τάττοντος,
2400 1409 2461 1463 τὸ
2492 1408 2715 1463 εὔκολον
2752 1410 2853 1481 τῆς
2902 1410 3146 1481 κτήσεως
3190 1414 3644 1483 παρεσκευασμέ-

2064 1516 2154 1553 νον
2172 1516 2186 1531 ·
2238 1498 2426 1573 ὥσπερ
2471 1499 2537 1555 ἂν
2588 1501 2618 1553 ό
2670 1502 2727 1553 ἐν
2776 1499 3036 1572 θησαυρῷ
3082 1501 3222 1570 ἔχων
3274 1502 3416 1573 μετὰ
3461 1503 3642 1567 ἀδείας

2062 1586 2247 1657 ἰξάγει
2278 1589 2454 1644 πάντα
2477 1590 2571 1643 καὶ
2590 1590 2679 1642 ὅτε
2705 1587 2978 1660 βούλεται,
3007 1589 3180 1654 οὕτως
3204 1591 3299 1644 καὶ
3319 1593 3349 1644 ό
3374 1592 3471 1645 τοῦ
3501 1609 3637 1648 παν·

2060 1681 2152 1747 τὸς
2188 1681 2525 1754 Δημιουργδς
2558 1682 2733 1736 πάντα
2758 1681 2993 1745 εὐκόλως
3024 1682 3245 1754 εποίησε
3274 1685 3367 1738 καὶ
3389 1688 3460 1757 τῇ
3485 1685 3646 1755 φύσει,

1991 1758 2034 1814 Β
2063 1774 2400 1845 παρέδωκεν.

2244 1868 2351 1934 'Oc
2376 1865 2637 1932 ἐπάταξε
2658 1867 2731 1922 τὰ
2755 1868 3100 1936 πρωτότοκα
3126 1868 3458 1939 Αἰγύπτου.

2145 1958 2362 2030 Ἐπειδὴ
2411 1958 2471 2012 δὲ
2518 1957 2588 2013 τὰ
2643 1957 2872 2013 καθόλου
2918 1960 3014 2013 καὶ
3050 1959 3279 2030 οὐράνια
3320 1959 3459 2029 φασί
3501 1977 3645 2027 τινες

2061 2051 2291 2125 προνοίᾳ
2321 2051 2639 2107 διοικεῖσθαι
2675 2053 2811 2125 μόνῃ
2845 2051 3001 2118 Θεοῦ,
3052 2052 3323 2107 δείκνυσιν
3364 2053 3448 2118 ὡς
3494 2053 3634 2125 μέλει

2059 2144 2155 2200 καὶ
2199 2144 2307 2198 τῶν
2359 2144 2715 2219 ἀνθρωπίνων
2760 2144 2929 2216 αὐτῷ,
2979 2144 3075 2198 καὶ
3125 2144 3220 2199 νῦν
3250 2145 3381 2208 τοὺς
3429 2144 3630 2208 ἀσεδεῖς

2059 2235 2340 2301 κολάζοντι
2392 2238 2486 2291 καὶ
2527 2235 2637 2289 τῶν
2684 2235 2924 2290 εὑσεδῶν
2963 2236 3318 2307 οἰκειουμένῳ
3358 2236 3425 2289 τδ
3464 2237 3616 2305 γένος.

2073 2328 2233 2383 Ἀλλὰ
2264 2328 2432 2383 πάλαι
2462 2329 2561 2400 μὲν
2592 2323 2660 2400 ἦν
2695 2330 2853 2399 μερὶς
2885 2328 3111 2401 Κυρίου,
3145 2328 3345 2400 δηλαδὴ
3374 2328 3476 2383 τοῦ
3507 2326 3621 2383 Θεοῦ

2058 2420 2255 2491 Λόγου,
2288 2421 2416 2486 λαὸς
2461 2420 2625 2476 αὐτοῦ
2680 2420 2893 2486 Ἰακὼδ,
2941 2424 3229 2493 σχοίνισμα
3272 2421 3632 2493 κληρονομίας

2060 2514 2226 2568 αὐτοῦ
2274 2514 2529 2585 Ἰσραήλ·
2577 2514 2766 2585 ἐπειδὴ
2808 2513 2865 2567 δὲ
2908 2513 2975 2567 δι’
3015 2514 3082 2586 ἢν
3127 2514 3354 2585 ἔδρασεν
3382 2514 3633 2570 &essem

2059 2606 2262 2669 ἐκεῖνος
2301 2604 2675 2668 ἐκπέπτωκεν,
2709 2604 3189 2677 ὲνανθρωπησαντι
3232 2605 3511 2661 λέλεκται·
3543 2608 3635 2662 ΑΖ-

2057 2710 2236 2763 τησαι
2268 2695 2403 2764 παρ’
2426 2695 2594 2765 ἐμοῦ,
2641 2694 2742 2749 καί
2765 2693 2937 2749 δώσω
2962 2711 3060 2750 σοι
3091 2696 3235 2764 ἔθνὴ
3267 2695 3390 2765 τὴν
3419 2700 3634 2765 κληρο-

2055 2782 2274 2853 νομίαν
2303 2797 2442 2839 σου.

2266 2876 2465 2944 Κύριε,
2496 2874 2566 2930 τὸ
2597 2874 2785 2945 ὄνομά
2815 2889 2932 2929 σου
2962 2877 3052 2942 είς
3082 2875 3189 2930 τὸν
3214 2876 3425 2932 αἰῶνα.

2128 2966 2292 3021 Οὐδὲν
2323 2966 2466 3021 οὕτω
2487 2969 2588 3040 τῆς
2608 2966 2760 3034 θείας
2783 2967 3066 3040 Προνοίας,
3090 2968 3165 3029 ὡς
3189 2969 3251 3022 τὸ
3272 2969 3485 3035 διδάξαι
3515 2972 3627 3034 τοὺς

2056 3058 2376 3131 ἀνθρώπους
2410 3059 2487 3131 μὴ
2529 3059 2824 3114 ἀδέσποτον
2851 3057 2989 3115 εἶναι
3023 3061 3086 3114 τὸ
3127 3063 3268 3114 πᾶν·
3313 3061 3437 3115 ὅθεν
3464 3063 3554 3116 καὶ
3592 3065 3619 3131 ἡ

2059 3150 2313 3223 διηνεκὴς
2341 3149 2507 3205 αὐτοῦ
2559 3153 2745 3224 μνήμη
2789 3151 3094 3225 καθέστηκε
3125 3152 3253 3223 παρ’
3290 3154 3446 3224 ἡμῖν,
3480 3147 3538 3208 οὗ
3570 3153 3626 3207 τὸ

2064 3242 2295 3314 μέγεθος
2341 3242 2430 3297 διὰ
2473 3244 2583 3298 τῶν
2636 3244 3016 3317 προλαὸόντων
3062 3248 3113 3299 ot
3149 3245 3326 3299 δοῦλοι
3375 3247 3627 3318 μαθόντες

2059 3341 2244 3408 αὐτοῦ,
2278 3344 2347 3398 τὰ
2376 3343 2617 3415 παρόντα
2648 3342 2827 3412 λέγειν
2853 3343 3193 3397 διδάσκονται
3220 3342 3314 3397 καὶ
3350 3344 3629 3417 παραθαρ-

2062 3431 2333 3506 ρύνονται,
2372 3433 2631 3505 μαθόντες
2665 3433 2741 3498 ὡς
2767 3435 2853 3489 ἐπ’
2882 3435 3065 3498 αὐτοῖς
3098 3433 3631 3506 παρακληθήσονται,

2058 3525 2159 3595 τῆς
2204 3524 2437 3597 κρίσεως
2485 3523 2885 3595 ἀκολουθούσης
2927 3526 3040 3588 τοῖς
3084 3523 3290 3591 λοιποῖς
3338 3525 3437 3579 τοῦ
3483 3526 3630 3587 λαοῦ,

2057 3618 2170 3680 τοῖς
2195 3616 2532 3686 ἐπεγνωκόσι
2561 3616 2624 3669 τὸ
2652 3615 2823 3686 ὄνομα
2854 3617 3041 3680 αὐτοῦ,
3074 3617 3169 3670 καὶ
3195 3616 3256 3670 τὸ
3286 3618 3634 3689 μνημόσυνον

2058 3704 2271 3777 ἔχουσιν
2293 3722 2307 3736 ·
2343 3706 2430 3757 ἐπ’
2457 3703 2688 3769 ἐκείνοις
2732 3704 2788 3759 δὲ
2821 3706 2896 3770 ὡς
2925 3704 2990 3760 ἂν
3021 3707 3114 3760 ἐπὶ
3145 3705 3344 3769 δούλοις
3380 3708 3631 3779 συγγνώ-

2060 3813 2167 3871 μης
2186 3794 2550 3867 ὲπιδεομένοις
2578 3796 2992 3867 παρακαλεῖται.

2134 3886 2210 3941 Τὰ
2236 3886 2457 3941 εἴδωλα
2485 3886 2606 3941 τῶν
2630 3886 2822 3945 ἐθνῶν
2850 3888 3133 3956 ἀργύριον
3157 3886 3256 3941 καὶ
3280 3890 3567 3957 χρυσίον.

2126 3976 2453 4042 Συντελέσας
2483 3977 2582 4050 τὴν
2612 3979 2740 4053 περὶ
2781 3977 2877 4034 τοῦ
2930 3979 3136 4052 Κυρίου
3187 3978 3491 4047 θεολογίαν,
3541 3982 3628 4035 καὶ

2049 4057 2154 4137 ’τῆς
2198 4067 2455 4139 προνοίας
2501 4067 2665 4123 αὐτοῦ
2707 4067 2808 4132 τὰς
2858 4068 3258 4142 μεγαλουργίας
3306 4069 3625 4136 καταλέξας,

2055 4159 2132 4223 ὠς
2163 4158 2243 4213 ἔτι
2276 4157 2721 4231 δούλοιςόμιλῶν
2749 4162 2862 4221 τοῖς
2895 4161 2959 4212 ὲκ
2991 4160 3089 4229 τῆς
3125 4158 3393 4212 πολυθέου
3427 4160 3629 4230 πλάνης

2054 4251 2179 4323 ἄρτι
2202 4250 2681 4325 προσεληλυθόσιν,
2703 4249 3159 4322 ἀντιπαραδάλλει
3174 4249 3282 4302 τῶν
3306 4250 3477 4304 πάλαι
3504 4251 3627 4321 παρ’

2056 4343 2237 4407 αὐτοῖς
2277 4343 2677 4415 νενομισμένων
2715 4341 2851 4396 θεῶν
2898 4343 2990 4396 τὸν
3044 4341 3283 4412 ἔλεγχον,
3324 4340 3630 4404 ἀκολούθως

377 4434 634 4491 nimirum
682 4436 767 4492 his
813 4452 936 4507 qua·
979 4452 1144 4509 supra
1189 4440 1425 4505 dixerat,
1473 4455 1680 4511 nempe,
1721 4440 1832 4514 qu
1861 4461 1950 4499 co·
1981 4440 2025 4497 D
2052 4430 2133 4501 οἷς
2183 4436 2439 4509 ἀνωτέρω
2469 4438 2712 4509 εἰρήκει·
2742 4438 2844 4502 ὅτι,
2910 4433 3057 4506 Ἐγὼ
3084 4434 3317 4505 ἔγνωκα
3337 4434 3630 4505 &idrus

375 4527 535 4597 9novt'
563 4528 703 4597 quod
738 4544 961 4599 magnus
991 4538 1068 4584 est
1092 4530 1374 4590 Dominus.
1405 4530 1472 4586 Ee
1502 4531 1756 4589 Dominus
1780 4541 1958 4592 noster

373 4633 538 4687 supra
595 4634 771 4674 omnes
815 4619 938 4674 deos
964 4620 1034 4678 ⁴⁰.
1090 4620 1350 4676 Dominus
1383 4636 1568 4679 noster
1614 4625 1730 4682 baec
1766 4635 1841 4682 et-
1866 4628 1955 4683 itta

374 4706 530 4776 fecit,
567 4716 678 4765 tum
713 4709 1011 4766 universim
1040 4719 1155 4766 tum
1178 4711 1341 4767 etiam
1372 4713 1670 4783 partiatim.
1700 4703 1954 4773 Gentium

374 4809 557 4856 autem
594 4800 690 4867 dii,
732 4799 930 4870 quibus
961 4815 1057 4858 vos
1092 4817 1309 4872 quoque
1333 4803 1548 4877 decepti
1573 4821 1763 4862 errore
1788 4817 1950 4864 antea

374 4875 703 4955 credebatis,
739 4889 879 4945 nibil
916 4901 1071 4947 erant
1101 4890 1250 4948 aliud
1274 4907 1435 4963 quam
1473 4906 1688 4951 mortua
1714 4904 1770 4953 et
1801 4909 1948 4954 muta

373 4979 686 5037 simulacra.
728 4981 879 5038 Scite
910 4992 1088 5040 autem
1126 4992 1182 5040 et
1207 4983 1566 5054 Symmachus
1590 5002 1708 5058 pro,
1749 4989 1948 5046 similes

372 5070 480 5127 iuis
518 5071 653 5141 fiant
681 5074 774 5145 qui
813 5074 1128 5144 faciuntea,
1156 5077 1546 5149 interpretatus
1589 5094 1677 5138 est
1716 5081 1945 5141 dicens:

371 5163 509 5220 vetut
529 5163 646 5234 ipsa
668 5166 802 5234 fiant
831 5168 920 5236 qui
943 5165 1144 5235 faciunt
1166 5185 1251 5236 ea,
1278 5179 1327 5225 et
1351 5173 1645 5245 quicunque
1665 5167 1793 5245 ipsis
1819 5192 1949 5232 con-

372 5254 574 5323 fidunt.
612 5255 819 5311 Revera
859 5256 1005 5311 enim
1036 5257 1129 5328 qui
1161 5258 1474 5316 inanimatis
1503 5262 1665 5318 rebus
1691 5273 1946 5334 tanquam

374 5345 482 5400 duis
505 5348 819 5413 attendunt,
850 5347 1222 5418 lapidescente
1264 5349 1467 5417 anima,
1499 5350 1643 5407 idem
1671 5355 1947 5423 patiuntur

373 5436 519 5505 quod
561 5438 662 5493 abs
703 5452 766 5495 se
804 5438 948 5493 culta
988 5439 1154 5508 idola,
1189 5454 1382 5511 nempe
1416 5441 1603 5499 oculos
1640 5443 1846 5503 babent
1888 5457 1945 5505 et

375 5540 481 5582 uon
514 5527 720 5595 vident,
752 5543 914 5586 aures
939 5528 1144 5587 babent
1171 5538 1231 5586 et
1262 5546 1371 5587 non
1401 5531 1650 5591 audiunt.

448 5723 492 5757 ⁸⁸
519 5723 662 5784 Psat.
688 5743 748 5793 n,
779 5728 832 5783 8.
910 5728 955 5759 ’θ
985 5725 1123 5784 reat.
1159 5742 1378 5793 nutv,
1412 5726 1467 5788 5.

2056 4526 2292 4594 Κύριος,
2333 4523 2435 4579 καὶ
2490 4527 2523 4580 ὀ
2558 4526 2775 4595 Κύριος
2818 4523 2986 4594 ἡμῶν
3016 4523 3178 4592 παρὰ
3218 4521 3454 4589 πάντας
3493 4523 3630 4587 τοὺς

2056 4619 2231 4685 θεούς
2252 4634 2265 4648 ·
2297 4619 2327 4671 ὁ
2357 4617 2457 4690 μὲν
2482 4618 2590 4692 γὰρ
2627 4617 2833 4688 Κύριος
2878 4614 3036 4689 ἡμῶν
3060 4615 3187 4669 τάδε
3225 4613 3319 4668 καὶ
3346 4614 3477 4668 τάδε
3521 4615 3629 4685 είρ-

2054 4708 2261 4779 γάσατο
2293 4708 2351 4763 ἐν
2377 4724 2437 4761 τε
2472 4711 2585 4773 τοῖς
2615 4707 2843 4763 καθόλου
2887 4707 2984 4761 καὶ
3030 4708 3089 4760 ὲν
3122 4708 3233 4769 τοῖς
3264 4704 3359 4759 ἐπὶ
3392 4706 3596 4778 μέρους
3610 4722 3624 4735 ·

2055 4802 2106 4855 ot
2132 4800 2190 4855 δὲ
2230 4799 2340 4854 τῶν
2378 4799 2549 4855 ἐθνῶν
2582 4800 2713 4865 θεοὶ,
2740 4798 2835 4864 οὒς
2861 4800 2957 4854 καὶ
2994 4799 3148 4852 αὐτοὶ
3194 4796 3628 4868 πεπλανημένως

2054 4891 2332 4965 ἐνομίζετε
2361 4891 2644 4966 πρότερον,
2681 4891 2834 4945 οὐδὲν
2873 4887 3011 4963 ἦσαν
3035 4891 3220 4963 ἓτερον
3248 4889 3282 4960 ἢ
3316 4888 3514 4944 εἴδωλα
3545 4905 3627 4942 νε-

2055 4984 2164 5056 κρὰ
2198 4982 2293 5037 καὶ
2326 4982 2508 5052 κωφὰ.
2544 4982 2859 5055 Χαριέντως
2887 4982 2945 5036 δὲ
2974 4981 3070 5035 καὶ
3110 4983 3140 5034 ό
3181 4979 3484 5051 Σύμμαχος
3510 4980 3625 5035 ἀντὶ

2052 5075 2169 5141 τοῦ,
2215 5074 2404 5145 ὅμοιοι
2446 5074 2651 5142 αὐτοῖς
2697 5072 2962 5145 γένοιντο
3005 5076 3059 5127 οἱ
3100 5072 3417 5138 ποιοῦντες
3452 5070 3621 5137 αὐτὰ,

2048 5169 2391 5241 ὴρμήνευσεν
2413 5165 2605 5233 εἰπὼν,
2643 5166 2725 5234 ὡς
2752 5166 2903 5221 αὐτὰ
2926 5164 3194 5235 γένοιντο
3226 5166 3279 5217 οἱ
3308 5163 3623 5227 ποιοῦντες

2048 5260 2219 5325 αὐτὰ,
2250 5260 2348 5314 καί
2381 5257 2502 5326 πᾶς
2525 5262 2558 5315 ὀ
2582 5259 2880 5325 πεποιθὼς
2913 5256 3137 5325 αὐτοῖς.
3168 5256 3278 5311 Καὶ
3308 5256 3418 5328 γὰρ
3455 5255 3618 5317 ὅντως

2048 5345 2097 5398 οί
2132 5346 2247 5410 τοῖς
2273 5343 2500 5416 ἀψύχοις
2529 5343 2605 5409 ὡς
2636 5342 2779 5407 θεοῖς
2811 5342 3185 5415 προσέχοντες,
3212 5339 3404 5410 ὥσπερ
3435 5336 3617 5391 ἀπολι-

2047 5434 2310 5500 θωθέντες
2341 5435 2442 5507 τὴν
2473 5435 2670 5506 ψυχὴν,
2708 5435 2805 5490 καὶ
2845 5432 2998 5486 αὐτοὶ
3028 5431 3090 5484 τὸ
3117 5429 3250 5485 αὐτὸ
3287 5426 3611 5481 πεπόνθασιν

2045 5531 2159 5591 τοῖς
2192 5527 2682 5601 προσκυνουμένοις
2713 5526 2803 5580 ὑπ’
2842 5523 3041 5588 αὐτῶν,
3066 5520 3377 5593 ὀφθαλμοὺς
3400 5516 3608 5589 ἔχοντες

2046 5625 2137 5679 καὶ
2160 5624 2223 5679 οὐ
2245 5622 2551 5694 βλέποντες,
2576 5615 2691 5677 ὦτα
2712 5620 2923 5693 ἔχοντες
2948 5620 3040 5675 καὶ
3063 5617 3166 5673 οὐκ
3190 5612 3495 5678 ἀκούοντες.
