3692 6134
222 635 238 695 ‚³

264 268 369 328 tos

987 271 1258 330 EUSEBII
1297 272 1779 334 CAESARtENsls
1815 275 1967 336 oPP.
1995 276 2178 336 PARS
2213 277 2300 336 nt.
2340 306 2415 321 -—
2450 278 2862 339 exsomnes.

265 386 354 451 iis,
386 385 477 457 qui
514 399 621 441 non
652 386 1026 452 crediderunt,
1061 395 1124 443 ιιι
1157 393 1350 459 suapte
1375 386 1538 459 culpa
1569 389 1849 460 pereunti·
1873 397 1921 456 Α
1949 394 2032 457 εἰς
2058 391 2220 447 αὐτὸν
2252 392 2684 459 πεπιστευκότας
2727 391 3062 462 ἀπελέγξας
3119 392 3238 467 τὴν
3291 395 3326 449 ἐ·

265 478 387 543 bus,
418 475 745 534 confutatis.

199 680 232 763 ’ς
337 695 361 732 ι
400 677 467 733 Et
500 676 851 750 confringent
880 676 1094 747 gladios
1138 692 1271 736 suos
1303 678 1358 735 in
1400 688 1608 746 aratra,
1637 690 1696 739 et
1722 680 1843 737 lan-

207 785 212 789 ·
265 788 394 830 ceas
431 787 560 828 suas
608 772 662 827 in
712 772 922 828 falces:
957 781 1014 829 et
1063 787 1173 828 non
1223 770 1426 829 levabit
1473 787 1607 845 gens
1652 783 1840 830 contra

263 874 485 935 gentem
536 865 796 937 gladium,
843 874 900 923 et
954 880 1062 923 non
1112 868 1523 924 exercebuntur
1571 868 1718 925 ultra
1775 870 1844 924 ad

266 961 532 1029 praelium.
568 980 588 1014 ι
639 958 754 1015 Non
810 960 951 1015 ultra
991 959 1244 1017 bellicam
1283 971 1460 1017 artem
1486 962 1755 1030 ediscunt,
1787 962 1842 1017 in

265 1052 624 1122 quaseprius
658 1066 689 1106 a
714 1067 900 1121 puero,
941 1054 1101 1121 quasi
1148 1054 1482 1118 necessaria,
1531 1068 1631 1124 per
1681 1069 1843 1125 agros

264 1151 322 1199 et
348 1144 511 1200 urbes
538 1145 883 1211 exercebant,
920 1145 1229 1201 vicinorum
1264 1146 1505 1202 hostium
1546 1145 1843 1205 formidine

263 1234 541 1290 commoti.
576 1236 689 1291 lino
711 1236 874 1291 etiam
903 1236 993 1306 qui
1020 1236 1312 1293 Dominum
1369 1247 1620 1294 nostrum
1646 1221 1840 1295 'lesum

262 1328 537 1384 Christum
617 1338 1031 1399 susceperunt,
1094 1329 1244 1384 omni
1311 1328 1595 1400 praeliandi
1661 1330 1843 1388 studio

260 1419 515 1490 exempti,
551 1419 602 1474 in
635 1432 766 1486 pace
787 1419 1004 1473 demum
1036 1427 1356 1488 versantur;
1393 1420 1465 1475 ita
1492 1430 1551 1476 ut
1574 1435 1682 1477 non
1704 1420 1844 1477 uite-

262 1510 377 1566 rius
441 1512 510 1567 ab
575 1510 904 1566 adversariis
976 1509 1340 1582 potestatibus
1405 1521 1795 1585 oppugnantur
1823 1553 1840 1581 ,

262 1617 438 1673 neque
493 1602 831 1658 daemonibus
902 1601 956 1658 in
1016 1616 1078 1659 se
1138 1600 1268 1658 olim
1334 1602 1628 1674 imperium
1695 1603 1841 1660 ohti-

262 1692 519 1748 nentibus
582 1691 784 1748 subditi
833 1691 960 1748 sint.
1006 1690 1216 1760 Quibus
1270 1692 1535 1750 Servatur
1579 1693 1698 1766 ipse
1742 1708 1837 1765 pa-

264 1800 383 1839 cem
430 1798 730 1853 procurans
774 1797 930 1840 suam
966 1784 1086 1839 ait:
1136 1778 1164 1836 ἰ
1201 1781 1400 1840 Pacem
1432 1797 1609 1841 meam
1641 1784 1713 1842 do
1745 1799 1841 1842 vo·
1870 1762 1913 1819 Β

264 1878 352 1935 bis
379 1876 445 1933 ¹¹.
492 1895 512 1930 a

336 1968 496 2024 Vens.
532 1968 588 2025 5.
628 1987 648 2020 ι
688 1967 757 2023 Et
800 1983 969 2035 nunc,
1007 1968 1204 2025 domus
1245 1967 1432 2034 Jacob,
1469 1968 1676 2035 venite,
1721 1981 1836 2024 am-

260 2058 508 2117 bulemus
541 2060 596 2115 in
642 2059 850 2115 lumine
892 2059 1130 2119 Domini.
1161 2079 1181 2116 ι
1211 2059 1625 2133 consequenter
1654 2061 1840 2133 itaque

259 2153 543 2224 propheta,
564 2160 850 2223 postquam
873 2153 1114 2222 gentium
1140 2153 1504 2217 vocationem,
1531 2160 1588 2208 et
1611 2149 1839 2208 effusam

257 2246 314 2302 in
353 2259 543 2302 omnes
591 2242 840 2301 homines
893 2257 1085 2313 pacem
1139 2243 1453 2312 recensuit,
1503 2258 1664 2300 suum
1709 2256 1839 2312 erga

256 2337 558 2400 familiares
604 2351 734 2393 suos
782 2336 1040 2391 affectum
1095 2345 1498 2391 commonstrat
1526 2351 1542 2390 ι
1571 2333 1830 2408 populum

258 2445 416 2486 suum
447 2426 970 2495 commonefaciens,
1004 2434 1067 2482 ut
1120 2425 1323 2483 Christi
1371 2426 1610 2498 gratiam
1657 2425 1838 2481 omni·

259 2524 360 2578 bus
385 2521 637 2591 gentibus
679 2519 864 2575 datam
907 2527 962 2575 et
1009 2517 1192 2574 lumen
1236 2518 1613 2590 evangelicum
1665 2518 1842 2575 susci·

260 2614 425 2685 piat:
468 2627 741 2683 seseque,
798 2611 869 2668 ad
922 2611 1304 2667 concitandum
1358 2610 1842 2684 instigandumque

262 2704 519 2775 populum
548 2744 566 2771 ,
627 2703 819 2759 iisdem
885 2701 1226 2768 adnumerat,
1278 2711 1582 2772 auctorque
1637 2713 1725 2760 est
1780 2713 1842 2759 ut

263 2799 438 2853 lucem
473 2797 687 2852 Domini
745 2796 960 2851 adeant.
996 2793 1195 2851 Lucem
1234 2811 1399 2867 porro
1423 2795 1639 2852 Domini
1682 2806 1842 2853 vocat

262 2890 438 2960 legem
490 2887 624 2944 Novi
675 2888 1009 2945 Testamenti
1060 2903 1127 2945 ex
1176 2886 1311 2944 Sion
1368 2886 1756 2958 prodeuntem,
1782 2898 1839 2946 et

260 2981 504 3039 salutare
523 2980 1006 3052 evangelicumque
1031 2979 1286 3036 verbum.

1948 484 2219 557 προτέραν
2250 484 2480 556 πλάνην,
2522 484 2556 557 ἢ
2607 485 2733 549 τοὺς
2766 485 2844 559 μή
2872 486 2966 550 εἰς
2998 485 3194 541 αὑτὸν
3219 503 3327 542 σειν

1945 594 2047 641 τας
2083 574 2308 647 ἐλέγξας
2333 576 2484 648 παρὰ
2526 577 2626 650 τήν
2676 575 2855 634 αὐτῶν
2891 578 3105 638 αἰτίαν
3141 579 3327 636 &acon

2022 695 2043 730 t
2065 677 2175 732 Καὶ
2207 677 2535 747 συγκόψουσι
2555 675 2655 740 τὰς
2687 674 2979 747 μαχαίρας
3017 673 3229 729 αὐτῶν
3255 676 3327 738 εἰς

1946 771 2043 826 καὶ
2071 770 2169 835 τὰς
2202 769 2425 835 cto-svau
2459 769 2749 833 αὐτῶν.είς
2770 767 3044 839 δρέπανα
3066 783 3084 798 ·
3125 768 3239 822 καὶ
3275 769 3327 823 oi

1948 859 2100 924 ἔθνος
2126 859 2212 914 ἐπ’
2234 859 2387 923 ἔθνος
2418 859 2712 931 μάχαιραν,
2738 856 2838 911 καὶ
2855 857 2925 911 οὐ
2969 857 3063 929 μὴ
3101 857 3327 929 μάθωσι

1947 953 2155 1026 λεμεῖν.
2183 971 2202 1004 ι
2239 951 2438 1006 Οὐκέτι
2469 950 2579 1023 γάρ
2609 948 2969 1003 διδάσκονται
3001 948 3090 1003 τὰ
3121 951 3326 1023 πολεμι

1948 1046 2211 1117 πρότερον
2229 1044 2306 1111 ὡς
2329 1046 2599 1114 ἀναγκαῖα
2620 1044 2684 1097 ἐκ
2707 1042 2920 1098 παίδων
2953 1043 3102 1097 κατ’
3136 1044 3327 1117 ἀγροὺς

1946 1137 2018 1193 τὰ
2069 1138 2252 1205 πόλεις
2291 1138 2559 1209 ἠσκοῦντο
2583 1136 2670 1192 διὰ
2701 1136 2792 1191 τὸν
2843 1135 2971 1191 ἀπὸ
3032 1136 3164 1192 τῶν
3202 1138 3327 1211 πλησ

1949 1230 2223 1303 πολεμίων
2260 1230 2425 1301 φόόον
2448 1247 2462 1261 ·
2498 1229 2634 1285 ἀλλὰ
2668 1230 2762 1284 καὶ
2785 1228 2842 1282 οἱ
2862 1228 3327 1302 καταδεξάμενα

1947 1339 2062 1395 ριον
2106 1323 2262 1395 ἡμῶν
2300 1320 2504 1395 Ἰησοῦν
2530 1322 2787 1395 Χριστὸν,
2827 1322 3043 1394 πάσι-,ς
3102 1324 3327 1396 πολεμυ

1944 1416 2207 1486 αιρέσεως
2240 1416 2666 1485 ἀπαλλαγέντες,
2697 1415 2757 1468 ἐν
2783 1415 3011 1490 εἰρήνῃ
3036 1416 3248 1471 λοιπὸν
3275 1417 3327 1471 δι

1944 1507 2021 1572 ὡς
2059 1507 2257 1581 μηκέτι
2292 1508 2398 1562 ὑπὸ
2433 1507 2537 1562 τῶν
2559 1490 2971 1579 ἀντικειμένων
3000 1509 3312 1581 δυνάμεων

1947 1597 2091 1664 σθαι,
2131 1598 2265 1671 μηδὲ
2296 1598 2638 1672 ὑποχειρίους
2664 1595 2806 1654 εἶναι
2840 1600 2969 1653 τῶν
3005 1602 3196 1657 πάλαι
3236 1620 3327 1673 xpe

1945 1694 2124 1748 αὐτῶν
2169 1693 2459 1765 δαιμόνων.
2489 1688 2585 1758 υἷς
2612 1693 2706 1748 καὶ
2738 1695 2767 1748 ὁ
2794 1694 3020 1768 Σωτὴρ
3044 1698 3222 1761 αὐτὸς
3252 1700 3327 1771 τὴ·

1940 1786 2216 1859 προξενῶν
2251 1786 2470 1858 εἰρήνην
2504 1784 2673 1857 φησί·
2721 1803 2741 1836 t
2767 1785 3043 1859 Εἰρήνην
3069 1790 3184 1861 τὴν
3212 1793 3327 1863 ἐμὴ·

1941 1878 2089 1950 ὑμῖν.

2015 1989 2035 2022 ι
2065 1969 2177 2025 Καὶ
2203 1968 2321 2034 νῦν,
2348 1968 2378 2021 ὀ
2405 1964 2553 2033 οἶκος
2578 1968 2673 2023 τοῦ
2713 1968 2950 2037 Ἰακὼὸ,
2997 1971 3199 2039 δεῦτε,
3231 1992 3327 2048 πορ

1939 2063 1998 2117 ἐν
2025 2062 2104 2134 τῷ
2125 2063 2265 2132 φωτὶ
2288 2062 2516 2135 Κυρίου.
2543 2080 2563 2115 ι
2606 2060 2961 2128 ’Δκολούθως
2995 2066 3200 2121 τοίνυν
3221 2071 3253 2122 ὁ
3273 2086 3327 2141 ²²1

1940 2154 2228 2224 διεξελθὼν
2265 2154 2374 2210 τῶν
2412 2153 2583 2207 ἐθνῶν
2624 2153 2725 2225 τὴν
2762 2154 3009 2227 κλῆσιν,
3053 2160 3163 2214 καὶ
3196 2162 3327 2233 τὴνρ

1941 2249 2022 2311 είς
2052 2246 2261 2311 πάντας
2280 2244 2601 2321 ἀνθρώπους
2632 2247 2892 2319 εἰρήνην,
2930 2249 3047 2323 τὴν
3081 2255 3172 2318 εἰς
3191 2257 3313 2319 τοὺς

1940 2336 2272 2392 ἐνδείκνυται
2292 2335 2691 2407 φιλοστοργίαν,
2721 2340 3108 2409 παρακαλῶν
3137 2345 3327 2400 aovin&

1941 2427 2302 2493 ὑποδέξασθαι
2323 2428 2421 2500 τὴν
2444 2430 2578 2482 πᾶσι
2601 2430 2715 2493 τοῖς
2734 2428 2934 2485 ἔθνεσι
2950 2432 3326 2507 δωρηθεῑσαν·

1942 2518 2069 2575 στοῦ
2094 2519 2275 2591 χάριν,
2308 2519 2401 2573 καὶ
2430 2518 2493 2573 τὸ
2530 2518 2645 2589 φῶς
2674 2518 2737 2573 τὸ
2777 2520 3215 2593 εὐαγγελικόν.
3243 2530 3327 2597 Συγ

1940 2630 2027 2683 γει
2050 2612 2108 2668 δέ
2139 2613 2368 2678 ἐκείνοις
2394 2614 2490 2667 καὶ
2515 2612 2728 2680 ἐαυτὸν,
2757 2613 2846 2679 είς
2877 2623 3240 2697 προτροπὴν
3262 2624 3322 2676 ni

1944 2722 2111 2779 μησιν
2128 2704 2222 2761 τοῦ
2261 2705 2415 2772 λαοῦ,
2445 2704 2859 2778 παραινετικῶς
2889 2710 3321 2783 παρακαλῶτὲ

1941 2798 2148 2871 Κυρίου
2180 2798 2608 2870 μεταλαγχάνειν
2625 2817 2639 2830 ·
2665 2799 2785 2870 φῶς
2810 2802 3063 2877 Κυρίου
3101 2807 3327 2882 ὀνομὶζιιι

1942 2888 2079 2945 Σιὼν
2107 2890 2436 2963 προελθόντα
2454 2892 2618 2964 νόμον
2642 2892 2745 2963 τῆς
2760 2894 3005 2970 Καινῆς
3035 2903 3327 2976 Aenona-„t

1941 2984 2211 3055 σωτήριον
2241 2985 2338 3037 καὶ
2366 2984 2718 3054 εὐαγγελικὸν
2745 2986 2955 3057 λόγον.

332 3070 496 3130 Vsus.
523 3071 579 3129 6.
610 3090 632 3126 ι
667 3070 883 3127 Dimisit
904 3069 1051 3126 enim
1094 3069 1352 3142 populum
1392 3082 1549 3125 suum
1568 3106 1587 3136 ,
1615 3070 1834 3127 donnum
1865 3106 1908 3165 C
2017 3094 2037 3127 ι
2060 3075 2256 3147 ’Δνῆκε
2281 3076 2390 3149 γὰρ
2409 3077 2501 3131 τὸν
2520 3077 2645 3131 λαὸν
2667 3078 2863 3146 αὑτοῦ,
2899 3083 3011 3140 τὸν
3037 3083 3206 3144 οἶκον
3241 3089 3327 3159 'lap

260 3163 426 3222 israel
472 3178 490 3220 ι
541 3164 670 3236 quia
721 3163 935 3233 repleta
991 3169 1078 3217 est
1134 3170 1199 3217 ut
1260 3176 1293 3217 a
1353 3161 1620 3232 principio
1685 3169 1834 3218 terra

260 3271 447 3314 eorum
504 3257 781 3313 vaticiniis
818 3296 835 3324 ,
897 3264 959 3313 ut
1021 3268 1174 3314 terra
1231 3254 1662 3326 alienigenarum
1708 3272 1726 3314 ε
1781 3263 1839 3311 et

262 3350 415 3404 multi
488 3350 584 3405 lilii
637 3350 955 3422 alienigenas
992 3348 1122 3406 facti
1173 3358 1302 3405 sunt
1343 3348 1447 3405 eis.
1486 3365 1507 3400 s
1548 3347 1646 3405 llic
1682 3348 1836 3420 quasi

263 3440 377 3496 Deo
421 3440 792 3496 defensionem
870 3454 1070 3511 parans
1105 3483 1121 3509 ,
1198 3454 1426 3497 causam
1503 3438 1661 3497 affert
1740 3456 1841 3497 cur

263 3546 360 3587 eos
392 3531 659 3588 dimiserit
691 3531 777 3588 his
821 3529 1008 3587 verbis
1037 3549 1051 3587 z
1082 3550 1103 3585 ι
1131 3531 1270 3599 Quia
1319 3531 1528 3604 repleta
1578 3537 1684 3597 est,
1720 3542 1779 3588 ut
1806 3548 1837 3587 a

263 3623 550 3695 principio,
600 3630 746 3678 terra
799 3637 991 3679 eorum
1035 3623 1333 3692 vaticiniis,
1388 3642 1410 3677 ι
1466 3631 1522 3679 et
1569 3634 1772 3680 caetera
1820 3642 1835 3678 z

263 3718 460 3789 quibus
501 3714 744 3773 declarat
785 3715 963 3787 ipsum
1007 3729 1117 3771 non
1170 3715 1291 3772 sine
1334 3729 1507 3773 causa
1552 3730 1652 3773 eos
1681 3716 1838 3772 dimi-

265 3814 422 3867 sisse.

334 3903 499 3958 Vsus.
535 3901 650 3958 7-9.
691 3919 709 3953 t
748 3898 973 3971 Repieta
1013 3907 1100 3957 est
1145 3899 1290 3954 enim
1332 3909 1482 3956 terra
1521 3915 1712 3958 eorum
1757 3916 1841 3957 ar·

265 4005 428 4066 gento
458 4002 515 4049 et
547 4007 715 4061 auro,
761 4001 818 4047 et
857 4008 966 4049 non
1006 4001 1128 4049 erat
1160 4006 1422 4049 numerus
1452 3994 1838 4049 thesaurorum

267 4090 516 4144 illorum:
553 4094 610 4143 et
640 4085 842 4155 repleta
874 4095 960 4143 est
987 4094 1132 4141 terra
1164 4085 1347 4154 equis,
1385 4093 1442 4141 et
1471 4084 1840 4143 innumerabi-

263 4181 342 4236 les
369 4192 563 4235 currus
597 4176 756 4248 eius:
789 4186 844 4233 et
877 4176 1085 4249 repleta
1114 4184 1201 4232 est
1233 4185 1381 4231 terra
1415 4177 1840 4234 abominationi·

263 4274 365 4329 hus
384 4286 609 4343 operum
633 4286 889 4327 manuum
911 4285 1101 4329 eorum
1119 4314 1135 4338 ‚
1162 4277 1220 4326 et
1240 4269 1606 4327 adoraverunt
1623 4285 1688 4327 ea
1716 4286 1835 4344 quae

265 4363 513 4420 fecerunt
553 4364 705 4437 digiti
735 4378 960 4420 eorum:
1000 4371 1057 4420 et
1092 4362 1402 4419 incurvavit
1445 4377 1508 4419 se
1551 4363 1746 4430 homo,
1780 4374 1836 4419 et

1940 3165 2181 3240 ἐπλήσθη
2215 3166 2291 3231 ὡς
2312 3168 2374 3221 τὸ
2398 3169 2493 3222 ἀπ’
2513 3169 2736 3242 ἀρχῆςή
2761 3170 2936 3247 χώρα
2952 3180 3165 3237 αὐαῦν
3193 3180 3326 3255 κλῃδῦ

1938 3258 2014 3325 ὡς
2044 3260 2078 3331 ή
2107 3259 2217 3313 τῶν
2253 3260 2584 3329 ἀλλοφύλων,
2621 3263 2716 3317 καὶ
2752 3264 2945 3323 τέκνα
2987 3273 3184 3330 πολλὰ
3224 3273 3327 3330 ema

1938 3349 2140 3421 γενήθη
2168 3350 2369 3415 αὐτοῖς.
2398 3370 2416 3403 ι
2449 3352 2549 3406 Διά
2577 3353 2629 3407 τί
2654 3353 2712 3410 δέ
2739 3355 2936 3413 αὐτὸν
2950 3363 3205 3435 ἀνῆκεν,
3235 3365 3327 3421 ὦσι

1939 3442 2264 3516 λογούμενος
2298 3444 2438 3517 ὺπέρ
2463 3443 2558 3499 τοῦ
2606 3444 2766 3511 Θεοῦ,
2799 3447 2919 3515 τὰς
2951 3456 3165 3523 αἰτίας
3205 3459 3327 3528 τίθης

1940 3535 2235 3608 ἐπιφέρων·
2274 3537 2427 3591 «Ὅτι
2448 3537 2753 3612 ἐνεπλήσθη
2787 3543 2823 3614 ή
2854 3545 3047 3619 χώρα
3074 3552 3262 3606 αὐτῶν
3287 3550 3327 3603 ὦ

1940 3627 2116 3701 ἀρχῆς
2142 3627 2536 3701 κλῃδονισμῶν,
2559 3653 2578 3684 ι
2637 3632 2730 3685 καὶ
2756 3633 2828 3687 τά
2854 3635 3013 3711 ἑξῆς
3042 3660 3059 3673 ·
3115 3645 3186 3699 δι’
3206 3637 3280 3699 ὧν
3302 3660 3327 3695 a

1942 3735 2047 3786 σιν,
2069 3720 2151 3774 ὅτι
2175 3720 2249 3793 μὴ
2277 3720 2488 3791 ἀλόγως
2517 3722 2711 3788 αὐτοὺς
2731 3724 2987 3798 ἀνῆκεν.

2016 3918 2036 3951 r
2089 3899 2422 3974 Ἐνεπλήσθη
2473 3902 2649 3974 γάρή
2691 3902 2853 3975 χώρα
2901 3913 3116 3970 αὐτῶν
3168 3918 3327 3991 ἀργνι

1941 3993 2183 4065 χρυσίου,
2217 3994 2311 4048 καὶ
2342 3994 2443 4048 οὐκ
2468 3990 2537 4068 ἦν
2574 3995 2810 4069 ἀριθμὸς
2844 4002 2976 4058 τῶν
3015 4008 3314 4083 θησαυρῶν

1940 4086 2034 4139 καὶ
2064 4086 2366 4159 ἐνεπλήσθη
2402 4088 2435 4158 ή
2463 4088 2536 4160 γῆ
2566 4087 2770 4154 ἵππων,
2801 4095 2909 4149 καὶ
2933 4099 3050 4154 οὐκ
3085 4097 3160 4174 ἦν
3196 4104 3327 4175 optol

1940 4178 2200 4252 ἁρμάτων
2236 4179 2416 4234 αὐτῶν
2435 4198 2449 4212 ·
2484 4181 2579 4236 καὶ
2610 4182 2932 4261 ἐνεπλήσθη
2971 4194 3010 4265 ij
3052 4196 3134 4267 γῆ
3178 4196 3326 4267 βδελυ

1939 4267 2045 4322 τῶν
2103 4268 2277 4341 ἔργων
2317 4270 2425 4324 τῶν
2463 4273 2660 4345 χειρῶν
2707 4273 2938 4345 αὐτῶν,
3000 4288 3108 4341 καὶ
3144 4304 3327 4360 προσ-ει

1939 4355 2021 4425 οἷς
2050 4361 2312 4434 ἐποίησαν
2343 4364 2390 4416 οἱ
2420 4363 2671 4418 δάκτυλοι
2706 4366 2897 4423 αὐτῶν
2917 4388 2936 4403 ·
2972 4379 3083 4431 καὶ
3117 4379 3308 4439 ἔκυψεν

266 4456 584 4515 humiliatus
626 4466 713 4514 est
771 4457 874 4512 vir.
919 4474 940 4509 s
994 4455 1236 4524 Eorum,
1287 4469 1679 4528 quorumnam,
1732 4456 1834 4513 nisi
1867 4458 2060 4519 υπος,
2103 4453 2197 4507 καὶ
2228 4454 2562 4529 ἐταπεινώθη
2612 4457 2772 4529 ἀνήρ.
2831 4479 2854 4513 ι
2893 4462 3095 4523 Τίνων
3129 4470 3316 4531 αὐτῶν,

267 4550 690 4621 alienigenarum
713 4548 1078 4604 habitatorum
1103 4548 1197 4620 qui
1228 4550 1595 4605 adoraverunt
1620 4563 1684 4605 ea
1715 4565 1836 4621 ηοω

267 4639 518 4697 fecerunt
537 4640 689 4713 digiti
717 4640 943 4697 eorum?
983 4640 1108 4696 flaec
1131 4655 1295 4712 porro
1321 4643 1506 4700 omnia
1539 4652 1732 4715 gentes
1761 4643 1838 4699 si-

265 4733 528 4805 gnificant
564 4734 917 4806 alienigenas,
951 4749 1074 4805 quae
1118 4735 1175 4791 in
1216 4732 1522 4792 Jerusalem
1563 4743 1621 4791 et
1652 4736 1706 4791 in
1734 4732 1835 4791 Ju-

266 4827 383 4880 daea
407 4824 732 4882 habitaturae
761 4831 939 4883 crant.
985 4826 1118 4894 Quae
1156 4834 1280 4899 post
1321 4825 1624 4883 salvatoris
1661 4826 1832 4884 nostri

265 4916 581 4982 adventum,
603 4923 660 4973 et
683 4925 803 4987 post
822 4916 1082 4992 emissam
1100 4915 1274 4973 lucem
1297 4915 1690 4988 evangelicam,
1711 4930 1832 4987 qua·

268 5004 596 5062 illuminavit
645 5019 837 5063 omnes
895 5015 1131 5078 gentes,
1180 5006 1447 5078 compieta
1495 5016 1661 5064 sunt:
1705 5007 1830 5078 quia

268 5097 591 5169 prophetam
641 5113 749 5154 non
789 5099 1098 5178 audierpnt,
1147 5111 1210 5155 se
1261 5099 1337 5155 ita
1390 5099 1827 5169 compellantem,

275 5209 295 5242 ι
335 5191 543 5261 Venite,
578 5191 922 5248 ambulemus
954 5177 1011 5248 in
1040 5191 1250 5250 lumine
1285 5190 1525 5249 Domini.
1566 5210 1585 5245 ι

337 5372 500 5442 Vnus.
537 5372 719 5430 10-12.
752 5393 773 5428 ι
807 5374 875 5430 Ει
901 5388 1006 5430 non
1033 5374 1301 5431 dimittam
1332 5389 1465 5432 eos:
1498 5383 1554 5432 et
1593 5374 1832 5448 ingredi-

267 5467 399 5522 mini
433 5468 486 5522 in
537 5478 742 5538 petras,
789 5477 845 5525 et
882 5468 1278 5525 abscondimini
1315 5469 1368 5524 in
1420 5478 1563 5524 terra
1610 5481 1642 5523 a
1693 5466 1833 5523 l'acie

271 5558 484 5613 timoris
513 5558 719 5615 Domini
751 5567 806 5615 et
849 5573 881 5615 a
915 5559 1088 5641 gioria
1119 5559 1461 5638 fortitudinis
1491 5557 1611 5642 ejus
1642 5576 1658 5616 t
1709 5573 1831 5616 cum

344 5704 387 5734 ¹²
408 5700 561 5760 ioan.
588 5718 698 5769 xiv,
725 5703 814 5760 27.

1941 4545 2250 4617 ἀλλοφύλων
2281 4547 2577 4621 οἰκητόρων
2608 4549 2657 4602 οἳ
2691 4552 2790 4605 καὶ
2827 4561 3269 4636 προσεκύνησαν
3287 4554 3327 4613 o!

1941 4653 2080 4709 ησαν
2111 4639 2159 4691 οἱ
2192 4638 2445 4693 δάκτυλοι
2494 4639 2704 4704 αὐτῶνς
2753 4641 2958 4699 Ταῦτα
3004 4652 3193 4706 πάντα
3233 4666 3327 4720 σημ

1939 4728 2194 4799 τυγχάνει
2235 4728 2546 4799 ἀλλοφύλων
2579 4730 2770 4792 ἐθνῶν.
2807 4737 3142 4805 μελλόντων
3175 4744 3324 4798 οἰκεῖν

1942 4835 2001 4872 τε
2031 4818 2130 4891 τὴν
2165 4820 2519 4894 Ἰερουσαλὴμ
2545 4819 2657 4876 διαὶ
2683 4823 2782 4895 τὴν
2830 4826 3115 4888 Ἰουδαίαν
3147 4834 3326 4906 χώρῳ·

1941 4911 2242 4984 ἐπληροῦτο
2285 4912 2423 4984 μετὰ
2456 4913 2555 4985 τὴν
2588 4913 2681 4968 τοῦ
2715 4917 2986 4993 Σωτῆρος
3014 4926 3184 4999 ήμῶν
3218 4941 3327 4997 παρα

1942 5004 2036 5057 καὶ
2071 5003 2208 5074 μετὰ
2238 5003 2330 5058 τὸν
2369 5003 2526 5073 λόγον
2555 5006 2647 5060 τὸν
2692 5011 3025 5078 φωτίσαντα
3060 5018 3240 5084 πάντα
3261 5014 3321 5069 τά

1940 5097 2126 5182 ἐπειδὴ
2165 5099 2241 5171 μὴ
2283 5098 2599 5171 ὑπήκουσαν
2630 5100 2724 5156 τοῦ
2774 5106 3134 5179 κεκληκότος
3171 5109 3327 5168 αὺτώι

1939 5190 2138 5261 φήτου·
2172 5208 2192 5241 t
2235 5190 2398 5245 Δεῦτε
2444 5191 2539 5246 καὶ
2585 5194 2952 5268 πορευθῶμεν
2998 5201 3196 5274 ἐν“τῷ
3231 5214 3326 5273 ‘put

1944 5298 2080 5353 ριου.
2117 5300 2138 5335 a

2020 5393 2040 5426 r
2076 5375 2184 5429 Καὶ
2216 5375 2278 5429 οὐ
2310 5376 2385 5448 μὴ
2422 5376 2606 5449 ἀνήσω
2648 5379 2887 5447 αὐτοὺς,
2921 5388 3025 5441 καὶ
3057 5382 3327 5443 cuv-etsexta

1939 5464 2038 5529 τὰς
2073 5465 2297 5538 πέτρας,
2327 5468 2423 5521 καὶ
2454 5468 2763 5539 κρύπτεσθε
2791 5473 2880 5539 εἰς
2911 5477 3019 5549 τὴν
3049 5481 3158 5553 γῆν
3180 5481 3277 5534 ἀπὸ
3298 5491 3327 5527 π

1944 5575 2044 5612 που
2075 5558 2170 5613 τοῦ
2196 5559 2358 5629 φόὸου
2387 5562 2616 5634 Κυρίου,
2647 5563 2741 5618 καὶ
2768 5566 2884 5623 ἀπὸ
2908 5570 3017 5644 τῆς
3042 5573 3204 5648 δόξης
3227 5571 3326 5644 τῆςὶ
