3692 6134
3065 239 3088 274 ἱ

254 348 358 411 739
924 335 1198 398 EusEBu
1230 335 1712 396 cAESAntmsls
1747 332 1902 393 01²9.
1939 331 2125 392 PARS
2159 331 2252 391 lv.
2293 366 2359 379 —
2398 332 2834 394 noenum.

255 483 280 519 ι
323 464 394 522 ad
425 461 673 520 eumdem
718 461 937 519 modum
985 468 1040 516 et
1072 457 1277 524 Christi
1323 457 1486 514 etiam
1523 455 1822 514 secundum
1851 464 1904 524 A
1927 453 2182 527 εχούσης·
2222 453 2318 510 Ἐκ
2341 454 2603 526 γαστρὸς
2627 455 2744 525 πρὸ
2761 455 3118 526 ἑωσφόρον
3136 452 3335 525 erem

259 577 281 611 ι
326 571 545 614 carnem
580 554 962 619 oeconomiam,
994 566 1091 623 per
1124 564 1286 621 quem
1331 562 1502 619 genus
1540 546 1673 604 illud
1702 546 1824 619 pio-
1925 546 1958 599 ὁ
2014 545 2072 599 δὲ
2130 545 2412 601 κάνταῦθα
2476 546 2769 620 προσθήκῃ
2806 546 3125 619 ’κέχρηται
3183 547 3258 617 τῇ
3314 563 3335 618 ι

261 663 280 697 ι
329 660 448 699 rum
477 655 531 699 et
555 643 846 700 colentium
880 644 1069 707 Deum,
1110 641 1178 697 ad
1216 639 1563 709 adoptionem
1592 637 1826 695 filiorum
1929 637 2300 711 ὲμφερομένῃ,
2339 638 2478 713 πρὸς
2509 639 2571 693 τὸ
2613 637 3120 711 καταμέμφεσθαι
3147 636 3236 708 τῷ
3271 638 3335 709 μ’)

261 751 283 785 ι
328 734 710 804 praeordinavit
728 733 774 764 ⁸⁸
793 772 808 797 ‚
839 732 1014 802 posito
1058 729 1151 785 illo
1176 729 1330 800 priua
1355 727 1730 794 fundamento,
1753 727 1830 783 ita
1928 730 2080 804 αὐτῷ
2110 731 2396 801 φάσκοντι·
2439 730 2783 786 Ἔπάκουσον
2804 726 2910 785 οὖν
2939 730 3115 794 ὅπως
3141 728 3335 801 γράφε

261 844 284 879 ι
326 830 465 898 apud
495 842 652 883 suum
692 827 930 881 animum
973 823 1254 881 statuisse.
1288 820 1441 878 Hanc
1476 820 1548 877 ob
1579 835 1828 887 causam,
1938 842 1957 876 ι
1997 821 2097 877 Διὰ
2126 821 2287 877 τοῦτο
2326 822 2527 886 τοίνυν,
2567 822 2717 877 δοκεῖ
2753 840 2851 894 μοι
2890 820 3106 885 καλῶς
3151 821 3307 892 ἔχειν

262 933 285 970 ι
331 916 616 987 Apostolus
639 929 736 987 per
770 915 1031 986 Spiritum
1063 920 1340 976 sanctum,
1366 909 1653 967 manifeste
1680 910 1830 966 illum
1938 933 1958 966 ι
1994 909 2070 970 ὧν
2099 915 2233 988 μηδέ
2258 932 2345 968 πω
2370 914 2632 989 πρότερον
2655 914 2775 988 (·7“1)
2806 913 3052 985 διῆλθε,
3087 914 3223 967 νυνὶ
3279 914 3335 967 δυ

264 1030 285 1063 ι
326 1023 482 1068 vocat
510 1010 706 1067 Filium
727 1008 822 1064 Dei
843 1006 1131 1079 praevisum
1161 1011 1218 1061 et
1238 1003 1825 1076 praedeterminatum.»
1932 1006 2017 1062 Τὰ
2059 1008 2170 1080 γὰρ
2202 1011 2431 1064 πλεῖστα
2469 1008 2578 1063 τῶν
2607 1008 2701 1063 ὑπ’
2736 1007 2928 1062 αὐτοῦ
2967 1006 3335 1078 γραφέντων,

260 1104 329 1159 Ει
361 1104 468 1159 alio
496 1102 615 1159 loeo
641 1120 656 1157 ε
694 1118 714 1154 ι
748 1100 849 1157 llic
880 1107 967 1157 est
1012 1096 1102 1152 ille
1132 1096 1198 1151 de
1225 1111 1336 1167 quo
1365 1095 1580 1152 dicebat
1610 1094 1830 1161 Paulus,
1932 1100 2033 1172 ἠδη
2057 1100 2476 1174 προειρημένων
2509 1102 2642 1173 ἡμῖν
2677 1101 2893 1171 γέγονε
2931 1099 3116 1171 δῆλα.
3170 1100 3275 1153 Ἐκ
3305 1119 3335 1170 2·

264 1212 284 1248 ι
330 1194 726 1266 praeordinatus
754 1192 924 1249 Filius
950 1192 1068 1248 Dei.
1098 1210 1118 1245 ι
1146 1190 1332 1261 Neque
1368 1205 1555 1247 vocem
1595 1196 1834 1245 tantum·
1934 1194 2089 1265 φησὶ,
2116 1192 2231 1263 πρὸ
2258 1194 2566 1264 ἑωσφόρον
2587 1193 2701 1268 (78)
2720 1192 3158 1263 ἑξεγέννησά
3185 1209 3285 1248 σε.
3302 1195 3335 1247 'l

258 1285 419 1343 modo
447 1284 761 1356 depravavit
785 1283 960 1339 hocin
995 1283 1117 1340 loco
1139 1281 1476 1353 abApostolo
1499 1289 1831 1350 usurpatam,
1933 1287 2153 1350 πάντως
2179 1304 2281 1340 που
2306 1286 2430 1359 τὴν,
2459 1286 2537 1355 ἐξ,
2567 1285 2844 1359 πρόθεσιν
2875 1285 3232 1340 maetam
3267 1303 3335 1339 w

257 1379 354 1436 8θᾶ
390 1386 447 1434 e!
474 1377 649 1448 lpsflm
675 1369 795 1447 &jus
837 1384 1071 1432 mfllllem
1120 1390 1220 1446 pel·
1255 1374 1398 1430 illius
1432 1370 1835 1444 pl'aeposllionls
1937 1378 2059 1432 σθαι
2094 1379 2162 1449 τῇ
2210 1377 2312 1448 τῆς
2348 1377 2615 1451 αἱρέσεως
2658 1376 2909 1449 γνώμῃ.
2968 1378 3100 1440 Διὸ,
3145 1378 3217 1432 τὸ
3259 1396 3334 1450 xv?

257 1485 354 1542 pro
410 1469 824 1541 appositionem.
886 1466 1012 1524 Istis
1047 1479 1227 1523 autem
1284 1475 1410 1523 sunt
1471 1479 1728 1536 germana
1782 1474 1833 1520 et
1934 1470 2034 1542 τῆς
2057 1469 2325 1542 συλλασῆς
2341 1467 2684 1541 ὲξελὼν,τὴν
2702 1468 2985 1541 ἀρχαίαν
3017 1468 3213 1522 αὐτοῦ
3240 1470 3334 1536 ἀνω,

259 1563 495 1634 genuina
545 1576 666 1632 quae
720 1570 777 1616 et
828 1560 882 1616 in
933 1559 1163 1616 Psalmis
1216 1561 1520 1615 attentavit.
1561 1557 1695 1613 Nam
1745 1557 1836 1613 ubi
1938 1562 2182 1635 σημῆναι
2219 1561 2508 1635 ὲόουλήθη.
2542 1562 2657 1617 Καὶ
2691 1561 3051 1633 ἐπειδήπερ
3096 1565 3166 1616 ὲν
3202 1562 3335 1616 mim

259 1652 499 1720 dicitur,
535 1653 613 1709 De
656 1663 802 1708 utero
846 1661 970 1707 ante
1006 1651 1308 1721 Luciferum
1352 1652 1507 1723 qenai
1547 1660 1616 1718 te,
1643 1656 1703 1716 ›1‹
1736 1651 1834 1705 ad·
1941 1651 2050 1723 ρῶς
2097 1651 2387 1706 διετείνετο
2435 1651 2564 1725 περὶ
2616 1651 2717 1705 τοῦ
2775 1653 3026 1706 οἰκείου
3098 1653 3335 1723 σφάλματ

262 1746 619 1804 ditamentum
650 1746 890 1814 adhibet,
920 1746 1064 1817 quod
1113 1760 1376 1815 nusquam
1422 1744 1477 1800 in
1508 1742 1724 1800 Psalmo
1753 1760 1838 1799 re-
1937 1742 2113 1816 ὀρθῶς
2128 1742 2414 1815 γράψαντα
2442 1742 2845 1815 μεμψάμενος,
2871 1744 3055 1799 οὐδὲν
3081 1745 3254 1809 αὐτὸς
3275 1747 3335 1798 εῖτ

259 1839 509 1910 peritur,
537 1851 596 1894 ut
625 1839 729 1896 illis
766 1841 838 1894 ita
883 1847 1063 1910 posset
1114 1839 1453 1903 obtrectare,
1484 1836 1578 1907 qui
1607 1852 1713 1893 non
1743 1852 1838 1908 pa·
1867 1815 1911 1870 Β
1938 1836 2345 1907 ἐντυγχάνουσι,
2364 1835 2465 1908 την
2489 1834 2663 1907 αὐτὴν
2691 1835 2806 1907 τῆς
2829 1836 3246 1906 ἀναγνώσεως
3264 1856 3331 1890 πει

263 1932 345 1989 ria
399 1947 521 1989 cum
574 1932 691 2004 ipso
742 1932 1070 1988 sentiebant.
1115 1930 1349 1987 Attende
1407 1943 1536 1985 vero
1590 1945 1835 2000 quaenam
1941 1927 2267 2002 μαρτυρίαν.
2318 1925 2532 2000 Προϊὼν
2575 1926 2624 1981 δ’
2677 1922 2868 1993 αὖθις
2915 1930 2952 1983 ὁ
3004 1929 3208 1995 αὐτὸς,
3256 1932 3334 1983 εἰσ

260 2023 373 2084 tint
401 2040 523 2098 quae
570 2024 777 2081 scribit.
827 2021 919 2097 [R.
950 2019 1180 2095 xxm]
1233 2039 1253 2075 ι
1312 2018 1466 2076 Hanc
1503 2020 1574 2077 ob
1616 2037 1837 2077 causam

266 2137 288 2171 ι
327 2117 468 2186 ideo,
498 2117 716 2173 videtur
745 2115 876 2171 mihi
906 2113 1112 2185 aliquid
1149 2114 1375 2170 omnino
1403 2112 1689 2170 dicendum
1716 2128 1838 2170 esse

265 2227 287 2264 ι
324 2209 391 2266 de
414 2223 481 2266 eo
504 2209 650 2280 quod
687 2221 952 2277 nusquam
996 2207 1177 2263 adbuc
1219 2206 1345 2262 alibi
1378 2206 1616 2276 positum
1648 2215 1752 2262 est.
1810 2225 1832 2261 ο

261 2298 452 2372 Magna
485 2314 614 2371 pars
643 2299 842 2354 etenim
870 2298 939 2353 ab
971 2297 1063 2354 illo
1098 2297 1396 2368 positorum
1427 2337 1444 2364 ,
1490 2311 1558 2352 ex
1588 2304 1715 2353 ante
1743 2312 1839 2351 no-

260 2394 345 2452 bis
367 2391 527 2450 dietis
559 2377 843 2448 manifesta
868 2400 1014 2446 suut.
1063 2391 1140 2446 De
1163 2398 1331 2455 utero,
1347 2389 1444 2457 ait,
1473 2399 1593 2446 ante
1625 2388 1839 2461 Lucife-

263 2499 379 2538 rum
411 2482 566 2555 venui
591 2491 645 2536 te
672 2482 741 2534 ⁸⁸.
793 2479 1060 2551 opinatus
1092 2490 1178 2535 est
1219 2489 1401 2536 autem
1432 2480 1579 2535 hanc
1618 2489 1839 2536 senten-

264 2576 419 2640 tiam,
452 2571 841 2644 praepositione
894 2570 984 2626 illa
1033 2569 1118 2636 ἐξ,
1169 2570 1313 2626 clam
1375 2570 1520 2626 l'urto
1545 2571 1836 2638 subducta,

263 2682 387 2723 cum
409 2665 665 2720 haeretica
700 2663 868 2734 ipsius
907 2664 1161 2732 opinione
1203 2665 1660 2734 conspiraturam.
1695 2664 1840 2732 Quo-

262 2759 410 2814 circa
428 2756 520 2812 ubi
560 2754 821 2826 syllabam
853 2753 996 2809 illam
1027 2755 1599 2824 congruentissimam,
1620 2755 1687 2811 de
1708 2770 1840 2810 voce

262 2856 541 2906 exemerat
568 2845 1037 2918 regenerationem
1075 2846 1194 2917 ejus
1225 2847 1528 2917 antiquam,
1563 2862 1663 2903 nee
1693 2847 1839 2904 aliud

264 2940 602 3011 quidquam,
653 2938 758 2995 boe
804 2937 1020 2995 volebat
1049 2939 1172 2996 loco
1217 2938 1536 2995 indicatam.
1578 2939 1837 3008 Quando-

263 3030 480 3103 quidem
529 3044 659 3086 vero
690 3029 1151 3086 vehementiorem
1212 3029 1271 3086 in
1319 3032 1541 3087 modum
1595 3048 1693 3103 pro
1737 3046 1838 3089 suo

1938 2019 2169 2093 Σωτῆρα
2195 2019 2453 2089 λέγοντα·
2509 2017 2657 2089 Ἐγώ
2690 2019 2835 2090 εἰμι
2887 2021 2938 2090 ἡ
2980 2020 3218 2092 ἡμέρα·
3247 2014 3334 2075 ὧδέ

1939 2129 2118 2166 σκων·
2159 2129 2179 2165 ι
2218 2112 2451 2175 Σκότους
2484 2109 2595 2183 γὰρ
2627 2110 2807 2177 ὄντος
2856 2114 3188 2187 πρότερον,
3229 2113 3309 2168 διὰ

1943 2222 1962 2256 t
2001 2202 2310 2267 θεοσεὸείας
2336 2202 2581 2272 ἄγνοιαν,
2619 2200 2730 2273 τῆς
2760 2201 2836 2256 δὲ
2865 2204 3116 2278 ἡμέρας
3155 2207 3335 2275 ‹pelve-‚3

1936 2293 2154 2367 λούσης,
2207 2292 2355 2365 Ἐγὼ
2388 2291 2497 2364 γάρ
2524 2294 2673 2363 εἰμι,
2710 2295 2944 2366 φησὶν,
2989 2298 3036 2365 ἡ
3073 2297 3334 2369 ἠμέραῦ

1939 2388 2110 2453 κότως
2137 2388 2228 2441 τὸν
2258 2387 2460 2460 ἀστέρα
2499 2388 2812 2459 ἑωσφόρον
2857 2391 3164 2464 ὀνομάζει.
3195 2394 3304 2446 Καὶ
3331 2419 3335 2441 ;

1937 2485 2089 2553 τόπῳ
2120 2479 2281 2553 φησίν
2300 2497 2313 2510 ·
2340 2499 2359 2532 ι
2382 2480 2605 2552 Ἐπειδὴ
2626 2480 2792 2552 μετὰ
2807 2481 2926 2555 τὴν
2947 2486 3057 2558 τῆς
3079 2486 3283 2559 σαρκὸς
3301 2489 3334 2540 ἀ

1945 2592 1964 2625 ι
2004 2571 2237 2645 Χριστός
2275 2587 2334 2625 τε
2367 2570 2462 2626 καὶ
2519 2569 2759 2642 Ἰησοῦς
2805 2574 3189 2648 κηρῦτπται,
3223 2576 3330 2648 ζωή

1938 2666 2056 2730 ὁδὸς
2089 2664 2186 2718 καὶ
2216 2664 2418 2736 ἡμέρα.
2459 2684 2479 2717 ι
2526 2664 2651 2717 Καὶ
2685 2660 2884 2730 αὖθις
2913 2667 3130 2741 προῖιῖιν
3161 2668 3249 2722 τοῦ
3280 2670 3335 2722 αι

1937 2756 2119 2828 τίθησι
2145 2754 2225 2821 τὸ,
2266 2756 2333 2810 Ἡ
2359 2753 2427 2808 δὲ
2456 2754 2747 2824 ἡμετέρα
2791 2758 3199 2828 Ἰερουσαὶιὶμ
3224 2760 3335 2812 ἅνω

1940 2850 2050 2903 Καὶ
2080 2849 2132 2901 τί
2164 2866 2231 2919 με
2260 2847 2342 2901 δεῖ
2375 2846 2681 2918 μηκύνειν,
2727 2851 2929 2924 παρὸν
2953 2852 3335 2922 τῷβουλομένῳ

1942 2940 2353 3012 προειρημένων
2396 2938 2465 2992 τὰ
2510 2941 2915 3014 παραπλήσια
2941 2943 3005 2994 ἐκ
3044 2941 3137 2994 τοῦ
3171 2942 3335 3003 παντο,

1941 3032 2267 3104 γράμματος
2295 3030 2697 3100 ἀναλέγεσθαι,
2751 3036 2846 3088 καὶ
2881 3032 2934 3086 τὸ
2960 3032 3171 3103 εὐχερὲς
3193 3030 3286 3083 τοῦ
3319 3048 3335 3084 ι

264 3123 354 3181 bic
375 3137 564 3180 errore
595 3122 995 3180 concertaverit
1021 3163 1038 3191 ,
1068 3121 1163 3179 illo
1192 3123 1530 3195 reprehenso
1564 3124 1657 3194 qui
1690 3135 1837 3182 recte
1863 3156 1907 3216 c
1942 3122 2284 3178 ἐποπτεύειν.
2330 3123 2420 3190 Ἐξ
2441 3117 2511 3196 ἧς
2540 3123 2856 3198 εὐχερείας
2877 3121 3258 3181 mainberti
3281 3121 3335 3195 (8

336 3243 398 3304 ffl
430 3238 528 3294 Ed.
557 3237 754 3300 Paris..
785 3251 907 3309 pag.
939 3235 1024 3291 ¹5.

331 3333 377 3365 ”
401 3331 544 3388 Psal.
564 3344 654 3395 cx,
688 3328 741 3386 9.
836 3326 885 3360 ⁸⁸
910 3324 1051 3383 Psal.
1079 3341 1200 3397 cix,
1228 3326 1282 3383 5.

356 3515 446 3584 Π)
481 3514 754 3585 Διῆλθεν.
783 3511 930 3583 Lege
960 3511 1173 3585 διῆλθον
1218 3511 1299 3586 [et
1340 3510 1421 3568 sie
1464 3510 1519 3567 in
1557 3527 1702 3570 corr.
1729 3512 1817 3568 ed.

264 3586 327 3645 P.
388 3596 445 3642 et
485 3584 739 3649 transfer,
778 3584 961 3637 videor
988 3584 1145 3648 milei,
1177 3598 1272 3638 nec
1317 3582 1540 3653 injuria,
1579 3583 1820 3637 dicturus

263 3659 330 3714 de
355 3674 439 3720 eo,
471 3656 610 3726 quod
635 3668 893 3723 nusquam
947 3654 1076 3707 alibi
1122 3662 1424 3724 persecutus
1467 3669 1603 3708 aum.
1645 3651 1721 3709 De
1759 3666 1820 3708 se

263 3726 549 3783 Marcellus
598 3725 743 3779 enim
798 3722 1077 3790 loquitur:
1109 3723 1158 3778 is
1206 3731 1387 3777 autem
1433 3736 1594 3791 quem
1635 3732 1692 3777 et
1728 3722 1815 3778 bic

263 3799 509 3867 designat
552 3794 688 3865 ipse,
743 3801 801 3848 et
851 3806 1012 3874 quem
1067 3790 1332 3847 Eusebius
1364 3789 1722 3864 intelligebat,
1759 3792 1815 3846 in

260 3866 341 3937 τῷ
387 3866 462 3938 μὴ
510 3863 712 3934 ὁμοίως
746 3860 896 3933 αὐτῳ
920 3861 1202 3932 φάσκοντι,
1232 3862 1479 3918 Asterius
1504 3871 1610 3925 est,
1637 3876 1818 3932 quem,

263 3950 388 3991 cum
415 3934 605 4004 primis
641 3934 900 3988 Arianam
951 3932 1200 3987 haeresim
1232 3940 1685 4002 propugnantem,
1719 3932 1821 3987 boc

264 4001 1406 4131 :⁹1:²25⁰:2tztf.;¹⁰33.;5÷¹.⁰3}²{sehim
1436 4002 1818 4137 πεινῶ

299 4091 446 4216 ¹(¹¹18)
489 4086 923 4223 ‘Hem-erman?
944 4110 1139 4197 fiateor
1175 4087 1508 4197 mepsensism
1553 4111 1653 4198 loci
1702 4110 1808 4197 n⁶on

262 4211 503 4284 assequi.
542 4213 729 4267 Dicere
767 4213 952 4266 debuit
999 4211 1284 4273 Eusebius.
1312 4210 1620 4267 Marcellum
1659 4213 1813 4266 addi-

261 4285 409 4341 disse
433 4283 868 4355 praepositionem
900 4279 979 4345 ὲξ.
1015 4282 1082 4336 ad
1112 4282 1395 4353 ἐγέννησα.
1425 4280 1558 4336 Nam
1591 4290 1648 4337 et
1668 4281 1812 4335 Lxx

260 4364 318 4410 et
356 4368 569 4420 omnes,
621 4352 819 4422 legunt,
858 4352 941 4405 vel
980 4350 1298 4422 ἐγέννησα,
1341 4350 1421 4406 vel
1463 4350 1811 4423 γεγέννηκα,

260 4424 451 4481 nullibi
490 4426 690 4479 mentio
729 4421 1125 4491 praepositionis
1171 4423 1335 4488 illius,
1362 4436 1525 4491 qnam
1562 4422 1671 4475 vult
1713 4424 1807 4474 ad·

260 4495 432 4550 ditam
461 4508 491 4548 a
527 4491 806 4557 Mareellm
841 4491 936 4546 sed
981 4502 1343 4563 praeterquam
1372 4492 1516 4560 quod
1543 4507 1646 4547 vox
1677 4490 1811 4545 κλα-

1932 3513 2136 3572 tionem
2163 3514 2435 3587 improbet
2456 3530 2474 3569 ε
2495 3514 2880 3589 Augustinus
2901 3525 3086 3576 tane·
3103 3523 3159 3574 et
3176 3513 3264 3570 alii
3285 3528 3335 3584 pt

1929 3582 2127 3652 Quidni
2149 3585 2174 3639 ἲ
2200 3600 2322 3641 eum
2337 3585 2497 3641 unius
2513 3586 2911 3670 ejusdemque
2931 3587 3060 3652 loci.
3075 3593 3258 3644 eontra
3273 3601 3335 3656 qu

1925 3651 2047 3708 lunt
2062 3653 2359 3712 Novatores
2375 3666 2571 3722 nostri,
2583 3656 2789 3726 plures
2811 3659 3095 3729 iidemque
3135 3657 3332 3712 „eund

1925 3732 2097 3806 teram
2141 3739 2332 3781 sensus
2370 3726 2522 3781 reddi
2575 3727 2841 3797 possint.
2866 3727 2951 3786 Ι.
2971 3725 3174 3783 -Ιοι
3204 3726 3335 3798 vulp

1923 3811 2069 3851 uvat.

2000 3864 2116 3936 (79)
2142 3863 2420 3930 Εἰκότως,
2453 3864 2568 3920 τὸν
2619 3865 2900 3938 ἀστέρα.
2931 3865 3059 3923 Rae
3087 3875 3220 3922 aunt
3244 3864 3335 3920 ἀει·

1929 3932 2071 3989 sorte
2115 3935 2288 3997 deest,
2344 3935 2556 3999 ἑαυτόν,
2613 3946 2676 3992 ιιι
2729 3936 3027 4010 legamus,
3083 3937 3308 4000 εἰκότως

1926 4004 2132 4078 ἀστέρα
2164 4004 2438 4076 ἑωσφόρον
2474 4005 2774 4075 ὀνομάζει.
2833 4009 2980 4074 Qua
3041 4022 3169 4062 mox
3217 4022 3335 4076 sequ

1930 4078 2255 4144 transposita
2302 4084 2450 4131 sunt.
2509 4074 2872 4145 Legendum.
2900 4078 3008 4132 ἕπε
3133 4080 3283 4148 μετα
3315 4094 3335 4130 ‘t

1929 4142 2111 4215 {vulgo
2136 4146 2183 4198 ὲ.
2211 4142 2309 4225 τὴν
2342 4144 2479 4217 μετὰ
2519 4144 2646 4218 τῆς]
2697 4147 2933 4220 σαρκὸς
3111 4147 3271 4230 ηψιν,
3317 4148 3335 4201 1

1913 4230 1974 4266 τε
1995 4216 2088 4268 καὶ
2122 4215 2330 4285 Ἰησους
2357 4213 2690 4288 κηρύττεται
2714 4232 2734 4281 ;
2761 4219 3074 4275 ωηιοιιίω
3097 4219 3335 4289 τηςοίκσ

1912 4291 1969 4339 et
1997 4285 2455 4354 συγκαταὸἁσεως
2493 4285 2632 4340 tituli
2691 4285 2778 4341 Μ.

1988 4354 2102 4426 (80)
2125 4355 2235 4409 Τὸν
2248 4353 2605 4425 Σολομῶντα
2627 4354 2972 4430 [Σολομῶνα
2995 4355 3196 4432 eodd.]
3214 4371 3335 4429 προς

1919 4423 2096 4481 Grave
2128 4427 2335 4481 crimen
2383 4426 2629 4491 scilicet,
2659 4424 3046 4484 Salomonem
3093 4434 3335 4500 propbeta

1923 4494 2160 4550 minasse
2202 4495 2357 4566 qnasi
2404 4510 2542 4556 non.
2576 4495 2671 4563 qui
2732 4497 3055 4554 character
3089 4509 3180 4554 est
3228 4514 3335 4569 prot

259 4567 476 4628 πεῖσαν,
509 4562 635 4618 furti
673 4562 1093 4618 subtractionem
1146 4562 1348 4634 potius,
1383 4576 1544 4631 quam
1583 4562 1818 4615 additio·
1851 4560 1899 4618 D
1925 4563 2137 4620 locutus
2166 4564 2345 4620 luerat
2399 4566 2453 4619 in
2506 4565 2722 4635 Spiritu
2771 4579 3010 4632 sancto,
3056 4578 3158 4624 aut
3188 4569 3335 4625 saltet

260 4650 385 4690 nem
414 4634 550 4688 elam
582 4632 776 4687 tactam
809 4632 1074 4702 signiticet
1093 4651 1107 4687 ι
1129 4633 1256 4699 quid
1287 4632 1416 4686 illud
1451 4640 1532 4686 est
1561 4649 1575 4685 ε
1604 4630 1667 4685 τὸ
1691 4649 1816 4685 και-

263 4701 526 4776 ριώτατον
552 4700 670 4773 (sic)
688 4702 786 4773 τῆς
819 4700 1085 4775 συλλαὸῆς
1112 4701 1341 4770 ὲξελὼνῖ
1378 4701 1607 4758 Sensum
1629 4704 1818 4757 videor

261 4782 562 4827 assecutus.
585 4773 777 4826 Ariani
810 4772 982 4828 locum
1018 4773 1184 4839 hune,
1217 4788 1325 4828 non
1366 4772 1433 4827 de
1454 4781 1669 4827 aeterna·
1694 4771 1813 4827 Filii

259 4841 632 4909 generatione,
668 4841 762 4896 sed
785 4841 851 4896 de
886 4843 1169 4911 temporali
1219 4842 1594 4899 incarnatione
1633 4848 1815 4912 capie-

258 4912 410 4975 bant,
442 4919 504 4966 ut
524 4911 590 4965 de
618 4922 775 4965 noctu
800 4919 960 4966 natus
980 4912 1192 4967 dicatur
1216 4924 1342 4967 ante
1369 4922 1618 4967 exortum
1645 4913 1815 4968 stellae

257 4982 570 5046 matutinam
625 4981 835 5035 videtur
869 4981 1012 5036 hunc
1057 4996 1297 5044 sensum,
1326 4990 1381 5037 et
1415 4983 1554 5037 hanc
1593 4992 1809 5038 senten·

260 5051 390 5105 tiam
419 5065 728 5120 oppugnare
761 5050 1046 5108 Marcellus
1072 5069 1086 5104 ι
1110 5062 1166 5107 et
1205 5052 1270 5105 ad
1290 5060 1550 5106 aeternam
1583 5067 1811 5121 genera-

258 5122 458 5176 tionem
516 5120 638 5175 Filii
696 5121 786 5175 Dei
845 5121 911 5174 de
964 5122 1266 5176 substantia
1309 5119 1491 5175 Patris
1543 5122 1810 5186 retulisse,

256 5206 418 5257 «ittam
453 5191 539 5244 hic
566 5199 719 5247 vocat
767 5189 1037 5246 Eusebius
1068 5191 1140 5263 άρ
1178 5191 1301 5246 αίαν
1324 5189 1705 5263 ἀναγέννησιν,
1730 5193 1811 5246 vel

253 5262 368 5316 ἄνω
403 5261 638 5330 γένεσιν,
667 5271 722 5315 et
758 5259 971 5330 legisse,
1007 5260 1131 5331 ὲξεγ
1161 5277 1351 5333 ννησα,
1407 5272 1590 5331 utpote
1621 5264 1673 5318 in
1703 5275 1809 5332 qna

254 5346 387 5387 voce
432 5333 605 5400 magis
662 5329 957 5385 efficaciter
1001 5333 1269 5397 resultet,
1315 5333 1369 5386 id
1409 5332 1554 5402 quod
1594 5333 1810 5389 volebat

251 5401 518 5456 stabilire.
552 5401 626 5455 De
651 5399 814 5455 Patre
840 5413 960 5467 suo,
995 5399 1119 5455 Filii
1146 5402 1546 5473 generationem
1575 5403 1805 5469 scilicet,

217 5470 540 5581 cssusebius,
579 5471 694 5525 Arii
747 5468 948 5535 fautor,
987 5486 1175 5526 ansam
1218 5472 1410 5542 arripit
1442 5473 1806 5529 calumniandi

252 5538 582 5595 Marcellum.
638 5540 816 5596 Posita
865 5550 1044 5596 autem
1099 5543 1188 5596 illa
1242 5544 1708 5614 interpretatione,
1741 5546 1808 5599 «le

250 5620 451 5664 aeterna
477 5609 601 5665 Filii
635 5612 1006 5682 generatione,
1034 5610 1169 5667 nihil
1203 5623 1352 5668 certe
1384 5613 1630 5683 impedit,
1660 5628 1805 5685 quo-

251 5680 429 5733 minus
455 5681 522 5736 ad
563 5680 794 5736 litteram
836 5690 1137 5762 exponatur
1170 5681 1342 5748 locus,
1372 5683 1442 5738 de
1472 5684 1679 5738 carnali
1712 5697 1800 5753 ge-

236 5750 527 5807 neratione
559 5749 683 5808 Filii
718 5751 954 5809 bominis
982 5766 1000 5804 ·.
1025 5752 1121 5825 qui
1156 5753 1226 5808 de
1255 5762 1418 5809 nocte
1454 5754 1800 5809 nascebatur.

226 5823 413 5899 Quam
444 5824 580 5886 licet
607 5823 1043 5896 chrysostomus
1068 5826 1131 5886 iu
1179 5823 1329 5883 Ptol.
1351 5838 1471 5891 eta,
1489 5825 1826 5898 iuterpreta-

1929 4634 2093 4688 ticum
2144 4636 2478 4691 canticorum
2526 4649 2632 4690 non
2685 4634 2846 4692 foret
2895 4639 3106 4712 γραφὴ
3161 4656 3332 4712 προφη

1926 4705 2101 4759 Locus
2127 4718 2288 4773 quem
2314 4706 2451 4767 vult,
2486 4703 2730 4760 habetur
2779 4706 2840 4761 in
2884 4710 3181 4793 principio
3229 4710 3335 4765 Prot

1918 4789 2061 4828 rum.
2103 4772 2245 4841 Quae
2287 4777 2505 4861 quidem
2553 4773 2866 4832 Proverbia
2911 4781 3335 4836 sanctmimee

1915 4842 3334 4997 3:13.tlizlsfsae‘tsffgztt,„⁵3:3¹...220'2i52223335'3

1920 4995 2009 5039 ttae
2032 4994 2185 5050 sunt,
2208 4995 2373 5040 etiam
2398 4987 2465 5040 de
2489 4984 2807 5053 praeteritts
2831 4992 3138 5055 notiones,
3167 4991 3318 5046 etia-t

1920 5054 2055 5120 σίαι,
2101 5064 2161 5108 ut
2194 5056 2310 5110 istae
2351 5062 2499 5119 sunt,
2551 5051 2961 5123 θεόπνευστοι.
3005 5061 3335 5118 charactere!

1913 5135 2064 5180 certe
2094 5125 2304 5179 diversa
2331 5122 2692 5195 χαρισμάτων
2724 5139 2993 5196 genera,
3016 5134 3122 5189 aed
3157 5144 3335 5202 nunqu

1913 5195 2015 5247 suit
2037 5204 2345 5249 coarctatus
2369 5196 2606 5263 Spiritus
2624 5207 2905 5266 sanctus,
2931 5204 3082 5269 quin
3106 5203 3199 5273 qui
3221 5215 3334 5256 uno.

1911 5278 2112 5334 genere
2135 5265 2402 5335 praecipue
2428 5263 2804 5332 excoleretur,
2835 5267 2896 5325 ‘ta
2928 5281 2996 5326 et
3021 5272 3176 5328 aliud
3217 5271 3335 5328 habe

1912 5337 1967 5389 in
2015 5335 2314 5390 remissiori
2354 5336 2546 5403 gradu.
2594 5333 2738 5390 Nam
2795 5345 2866 5394 et
2929 5343 3178 5412 apostoli
3231 5355 3335 5410 m

1910 5412 2061 5470 sunt,
2087 5414 2144 5462 et
2182 5405 2529 5473 evangelistae
2557 5407 2870 5475 prophetia
2925 5411 3212 5470 adornati.
3237 5411 3335 5468 tlt-t

1911 5474 2192 5531 ridiculum
2211 5484 2318 5539 est,
2342 5475 2484 5543 quod
2506 5490 2613 5529 non
2642 5477 2974 5550 περιῆλθεν
2989 5486 3054 5540 ὲν
3087 5481 3335 5558 μηλωταῖς·

1909 5559 2031 5609 nec,
2056 5546 2150 5615 qui
2182 5545 2261 5600 sic
2308 5545 2491 5599 amicti
2539 5545 3037 5623 obambulabant,
3067 5555 3316 5628 prophete

1905 5627 2099 5670 omnes
2126 5634 2143 5668 ε
2175 5629 2274 5669 nee
2314 5615 2594 5684 prophetae
2657 5619 2758 5688 qui
2791 5619 3334 5694 fuerautmnnuut

1906 5685 1980 5739 cti
2003 5683 2444 5740 obambulabant.
2487 5683 2692 5754 lneptit
2723 5704 2790 5746 et·
2835 5705 2878 5746 ο
2904 5695 3172 5828 Ιιίε,“ιιοι
3195 5699 3335 5824 22⁵¹

2876 5801 2898 5822 .
2919 5796 3003 5810 —
3081 5783 3153 5828 ox

1905 5753 2200 5809 lumniatur
2224 5755 2253 5807 ὁ
2286 5751 2382 5808 τοῦ
2441 5753 2765 5826 Παμφίλου.

1922 5823 2258 5893 moventem-q
2276 5838 2392 5882 Qu.
2417 5827 2580 5882 codd.
