3692 6134
1458 332 1521 385 ia
1566 333 1827 393 uar‘rn.
1865 337 1931 404 x,
1964 339 2055 396 27.

3232 344 3426 413 1¹86,

114 465 280 514 rum,
316 448 507 521 patria}
531 447 644 520 ipse
681 445 939 505 affectus!
967 449 1092 505 lnde
1129 457 1213 506 est
1257 460 1315 505 ut
1351 450 1496 506 dicat
1529 471 1544 506 ε
1597 451 1700 520 Qui
1729 464 1777 518 Α
1806 470 1933 516 ante
1958 463 2064 519 sibi
2099 478 2324 533 parcere
2366 464 2674 521 noluerunt.
2702 463 2840 531 Quid
2869 464 3017 520 enim
3051 463 3223 521 defuit
3260 466 3373 522 illic

113 540 299 613 diligit
323 550 526 609 patrem
553 553 644 594 otte
676 551 895 596 matrem
926 558 1086 610 supra
1124 558 1226 609 me,
1254 558 1359 598 nott
1385 553 1465 599 cst
1497 561 1581 600 nte
1606 547 1694 599 ae·-

116 637 340 705 ψαῦ’.
373 634 501 690 Tria
530 635 675 691 enim
723 636 821 691 ista
863 645 989 691 sunt
1032 650 1152 705 qnae
1192 635 1338 692 circa
1382 651 1504 703 nos,
1548 646 1605 692 et
1639 638 1695 693 in

116 727 279 786 nobis
299 736 355 785 et
385 737 572 783 nostra
597 738 767 783 sunt:
798 729 938 797 quod
973 728 1115 784 enim
1142 743 1352 796 sumus,
1381 728 1564 785 anima
1599 745 1684 785 su·

117 837 269 880 mus.
301 821 361 876 Si
399 820 523 890 quis
549 829 728 875 autem
756 834 811 875 et
843 821 1192 891 semetipsum
1230 820 1478 889 agnoscit
1517 821 1696 876 inten-

118 914 253 983 tius,
282 923 339 972 et
365 913 533 970 veluti
569 913 624 967 in
665 913 904 969 secundo
925 913 1067 979 loco,
1112 927 1213 968 nos
1244 927 1442 984 corpus
1471 926 1693 978 sutnus;

120 1007 231 1065 tria
255 1021 389 1077 ergo
413 1014 540 1063 sunt
571 1019 693 1076 qnae
722 1005 775 1060 in
811 1006 964 1061 nobis
988 1013 1114 1061 sunt
1147 1022 1162 1060 ε
1190 1019 1312 1075 quae
1337 1015 1515 1061 autem
1550 1005 1694 1060 circa

118 1113 247 1165 uos,
268 1098 662 1170 possessiones,
687 1097 872 1164 amici,
903 1107 1153 1169 parentes
1181 1108 1237 1155 et
1267 1099 1465 1171 patria.
1493 1097 1598 1155 Sed
1631 1098 1698 1154 de

118 1191 304 1248 anima
352 1191 530 1249 nullus
578 1192 741 1248 timor
780 1199 896 1256 est.
934 1191 1059 1260 quia
1108 1191 1430 1247 immortalis
1461 1199 1568 1247 est.
1616 1191 1694 1247 De

116 1298 358 1355 corpore
385 1284 600 1340 ablatus
634 1291 721 1341 est
746 1282 930 1351 timor,
958 1283 1088 1352 qnia
1116 1294 1171 1337 et
1215 1281 1391 1352 capilli
1431 1282 1695 1337 numerati

114 1386 274 1435 sunt.
306 1377 382 1433 De
412 1377 497 1433 his
533 1385 716 1433 autem
738 1390 858 1446 quae
877 1384 1032 1431 extra
1059 1384 1206 1442 sunt,
1233 1376 1364 1430 dicit
1385 1373 1689 1430 Dominus:

114 1468 188 1529 st
212 1472 336 1543 quia
365 1469 626 1542 reliquerit
667 1480 875 1539 propter
906 1484 988 1523 nte
1018 1478 1067 1523 et
1109 1484 1267 1539 reque
1295 1467 1541 1522 coelortttu
1562 1505 1578 1531 ,
1604 1481 1700 1535 pn·

114 1571 280 1627 tunt.
316 1571 406 1615 attt
450 1572 690 1627 matt-ent,
713 1570 808 1615 aut
844 1559 1058 1627 [ratres.
1085 1568 1178 1613 aut
1219 1559 1384 1630 filios,
1431 1567 1524 1613 aut
1563 1573 1698 1612 taxo-

111 1669 258 1722 m,
305 1663 399 1707 attt
445 1663 719 1724 cognatos.
766 1660 859 1706 aut
905 1652 1144 1718 domum,
1174 1651 1382 1706 habebit
1418 1661 1465 1705 et
1499 1651 1555 1705 t‘u
1602 1650 1700 1705 hoc

112 1747 323 1801 nando
376 1743 710 1813 centuplum‚·
758 1745 814 1801 t'n
879 1744 1052 1817 [attero
1115 1754 1293 1799 etitem
1342 1745 1503 1798 vitam
1549 1753 1701 1798 oeter·

1794 555 1863 608 ad
1907 554 2221 614 patientiam
2267 555 2399 612 Dei?
2442 555 2634 613 Nonne
2685 570 2989 627 preconem
3035 558 3371 627 poenitentiae

1794 646 2079 702 constituit
2107 648 2189 704 eis
2223 646 2336 705 Noe
2376 662 2475 718 per
2500 662 2675 704 annos
2702 658 2942 714 eentum.
2965 658 3229 720 quantum
3267 665 3370 706 au-

1796 748 1904 792 tem
1939 738 2007 792 ad
2037 753 2190 794 suam
2241 739 2656 809 promissionem
2706 754 2804 811 per
2839 739 2983 797 cxx?
3021 739 3210 797 Nonne
3239 757 3366 799 arca

1795 829 1979 896 fiebat,
2003 829 2121 899 ipso
2146 845 2317 900 opere
2340 830 2407 887 ad
2435 833 2813 901 poenitentiam
2837 832 3064 888 hortans
3084 832 3372 891 homines?

1795 928 1890 975 aut
1935 921 2209 977 modicum
2265 931 2386 978 erat
2439 939 2569 989 vas,
2624 926 2770 996 quod
2821 935 3003 994 posset
3047 926 3211 982 etiam
3266 927 3370 982 sub

1797 1020 1942 1068 tecto
1977 1011 2276 1069 fabricari!
2332 1012 2525 1072 Nonne
2571 1026 2735 1072 tantae
2780 1018 2997 1081 quidem
3045 1016 3369 1085 altitudinis.

1797 1113 1963 1159 tantae
1994 1113 2175 1160 autem
2226 1103 2579 1177 longitudinis
2610 1116 2668 1164 et
2712 1107 3017 1165 latitudinis
3067 1109 3370 1166 secundum

1796 1194 2144 1250 mensuram?
2212 1195 2607 1253 Fabricabatur
2683 1208 2863 1253 autem
2935 1213 3063 1254 arca
3121 1207 3183 1254 ut
3239 1204 3370 1256 tuba

1798 1286 2029 1340 maxima
2051 1325 2068 1350 ‚
2089 1285 2201 1356 jam
2227 1287 2486 1343 diluvium
2523 1288 2827 1358 praedicans
2872 1286 3141 1352 futurum,
3166 1298 3221 1343 et
3245 1270 3371 1345 ante

1797 1378 2054 1434 diluvium
2081 1380 2451 1450 poenitentiam
2479 1382 2746 1437 clamans.
2776 1383 2835 1438 Si
2868 1382 3032 1452 igitur
3056 1397 3160 1437 cxx
3212 1384 3371 1437 annis

1798 1472 2040 1527 revocati
2064 1487 2094 1527 a
2123 1473 2347 1530 malitiis
2377 1489 2484 1530 non
2509 1474 2823 1541 suntsuasi‚
2856 1475 2957 1544 ipsi
2990 1475 3098 1529 vim
3126 1474 3369 1529 fecerunt

1799 1573 1861 1619 ut
1890 1580 2053 1636 supra
2076 1579 2172 1622 eos
2197 1565 2456 1621 dilnvium
2482 1566 2784 1634 adveniret,
2817 1568 2908 1637 qui
2939 1566 3155 1622 suaderi
3185 1566 3368 1621 nolue-

1798 1655 1927 1712 rint.
1957 1655 2064 1712 Sed
2098 1655 2392 1713 Sodomam
2418 1656 2615 1713 evertit
2634 1656 2777 1713 Deus
2800 1699 2815 1724 ,
2841 1657 2970 1727 quia
3008 1657 3158 1727 prius
3203 1656 3368 1714 Sodo-

1799 1749 1945 1802 mitae
1974 1756 2226 1804 naturam
2256 1766 2410 1806 suam
2453 1759 2832 1821 corruperant.
2876 1748 2946 1804 Et
2974 1759 3125 1806 certe
3154 1762 3221 1804 ne
3251 1749 3371 1820 qui·

112 1854 249 1894 ussus
270 1837 335 1892 ⁸⁸.
366 1836 509 1909 Ergo
536 1835 679 1892 nulla
710 1837 927 1892 occasio
952 1835 1210 1892 derelicta
1250 1843 1336 1890 est
1380 1835 1585 1889 timori.
1622 1834 1699 1889 De
1729 1811 1772 1868 Β
1799 1838 1919 1894 dem
1960 1838 2082 1893 istic
2112 1839 2361 1911 despexit
2406 1841 2584 1907 Deus.
2617 1843 2713 1898 sed
2760 1856 2953 1913 passus
2989 1848 3078 1896 est
3118 1839 3257 1896 Loth
3304 1840 3375 1895 ob

110 1930 303 1988 anima
326 1929 469 1985 enim
500 1929 693 1985 timere
716 1944 823 1987 uon
850 1927 1018 1984 debes
1050 1927 1302 1982 timorem
1338 1926 1697 1990 insensatum,

109 2037 191 2081 ιο
240 2025 448 2095 puteris
492 2020 776 2080 mortalem
826 2019 1011 2076 dicere
1048 2016 1435 2074 immortalem.
1478 2014 1586 2072 Sed
1627 2014 1697 2071 de

108 2126 353 2184 corpore
382 2110 545 2168 times
590 2129 606 2166 ε
649 2118 877 2181 possunt
919 2108 1065 2165 enim
1091 2107 1342 2163 occidere
1386 2119 1403 2159 z
1451 2102 1697 2160 defendit

110 2218 297 2277 usque
321 2201 391 2259 ad
419 2201 643 2272 capillos
676 2200 769 2272 qui
809 2199 1040 2257 crearit.
1083 2196 1190 2254 Sed
1218 2194 1514 2252 amicitiam
1541 2209 1693 2264 quae-

108 2300 225 2367 ris.
249 2306 306 2355 et
341 2304 583 2369 patrem,
620 2303 675 2348 et
703 2304 932 2349 matrem
964 2308 980 2346 ε
1024 2298 1141 2346 esto
1184 2301 1393 2344 memor
1443 2286 1563 2359 ejus
1601 2285 1695 2357 qui

110 2389 203 2447 ait
230 2406 249 2446 ε
281 2385 387 2455 Qut
423 2387 595 2458 diligit
637 2394 837 2449 patrem
874 2392 964 2437 ortt
1002 2390 1223 2435 matrem
1251 2394 1418 2449 supra
1444 2393 1545 2444 nte,
1588 2393 1697 2434 nott

108 2491 201 2539 eat
223 2496 307 2536 ιιι
335 2480 525 2552 diffsus
548 2478 616 2533 ⁸¹.
644 2477 752 2533 Sed
780 2476 1017 2538 divitias,
1050 2482 1105 2531 et
1129 2487 1249 2543 quae
1269 2472 1354 2529 his
1385 2481 1513 2527 sunt
1538 2469 1692 2527 sitni-

114 2572 193 2631 Ua
220 2573 520 2630 desideras.
551 2570 874 2641 Quicunque
911 2565 1189 2637 reliquerit
1219 2573 1427 2636 patrem
1455 2571 1551 2618 aut
1576 2576 1694 2617 ma-

114 2674 286 2732 trem,
314 2672 408 2721 aut
428 2664 671 2730 domum,
703 2670 795 2718 aut
834 2672 1170 2731 quaecuuque
1212 2663 1341 2713 sunt
1384 2669 1548 2726 supra
1582 2663 1695 2711 ter·

114 2770 245 2815 ran
284 2764 504 2829 propter
532 2767 618 2809 me
649 2761 704 2809 ct
747 2766 912 2823 regna
939 2748 1226 2816 coelorum,
1253 2746 1562 2818 centuplum
1594 2745 1694 2802 ha-

112 2844 315 2905 hebitz
344 2845 487 2901 sicut
525 2843 578 2899 hi
621 2843 711 2913 qui
753 2840 1025 2897 seminant
1059 2839 1112 2894 in
1144 2837 1340 2893 bonam
1369 2846 1586 2901 terram,
1638 2836 1693 2892 in

116 2941 229 2999 isto
254 2937 471 3011 quidem
512 2934 713 2993 saeculo
742 2929 1370 3009 (εειιιυριιηιηφξψρςῃιΙΙΙΙ
1480 2939 1489 2987 Ι
1612 2912 1763 2987 ὢν..

19 2980 563 3093 mantuam.
592 3025 803 3091 Nolite
828 3028 963 3095 'ergo
998 3022 1213 3079 timere.
1256 3016 1317 3077 Si
1355 3022 1505 3077 enlut
1549 3030 1693 3077 uuus

19 3112 53 3155 ¹⁸
114 3136 315 3199 puer
342 3136 449 3181 sou
471 3118 620 3177 cadit
644 3117 699 3174 in
724 3125 926 3175 terram
952 3115 1072 3172 sine
1100 3123 1257 3184 patre
1283 3122 1468 3169 vestro
1490 3112 1582 3183 qui
1606 3120 1695 3169 est

20 3198 61 3253 '⁸⁸
114 3216 177 3275 h
210 3213 397 3280 eoelis,
426 3209 717 3269 multorum
754 3215 944 3264 autem
986 3217 1267 3276 passerum
1307 3215 1406 3256 vos
1442 3200 1695 3258 meliores

22 3294 63 3345 ⁸⁸
112 3308 293 3375 utin
330 3318 439 3363 non
468 3304 635 3361 habet
675 3302 857 3358 locum
888 3298 1075 3355 timor.
1116 3293 1253 3365 Quia
1298 3294 1462 3365 igitur
1488 3292 1692 3348 intere·

19 3390 67 3441 ⁵¹
115 3402 225 3461 nit
252 3400 524 3465 umorem,
546 3395 750 3466 reperit
781 3390 895 3466 (88)
921 3388 1245 3446 constantia
1274 3385 1529 3441 fiduciam
1567 3397 1693 3440 cum

18 3474 69 3531 ²*
108 3490 487 3557 messione,
520 3497 578 3545 et
606 3487 740 3544 dicit
781 3503 797 3542 ε
826 3483 1011 3540 Omnis
1035 3481 1330 3552 quicunque
1368 3476 1687 3551 metenses·

36 3572 63 3615 ⁶
106 3602 209 3643 m
238 3585 401 3658 [urit
429 3591 551 3639 ants
586 3580 857 3646 homiues,
886 3576 977 3633 isti
1020 3574 1163 3631 euim
1200 3579 1325 3628 sunt
1360 3571 1453 3641 qui
1492 3584 1688 3642 perse-

18 3646 61 3713 ’θ
104 3686 380 3753 quantur.
410 3675 695 3747 confitebor
719 3681 769 3728 et
806 3686 898 3742 eqo
930 3683 1048 3724 eunt
1092 3675 1213 3721 ante
1250 3660 1468 3717 Patrem
1510 3676 1686 3716 meum

18 3758 49 3801 '
100 3768 209 3845 qni
230 3779 309 3827 est
338 3768 397 3823 itt
416 3767 558 3822 coelis
589 3765 656 3820 ⁸⁸.
686 3764 750 3821 Et
776 3765 949 3836 primo
975 3757 1193 3831 quidem
1223 3755 1497 3826 intercipit
1530 3755 1693 3810 timo·

18 3852 41 3891 ‘²
102 3876 263 3929 rom,
296 3859 534 3921 secundo
558 3866 739 3915 autem
766 3855 1013 3912 immittit
1039 3865 1188 3924 spem
1215 3868 1230 3907 t
1260 3849 1577 3919 Quicunque
1604 3860 1692 3904 me

18 3944 29 3977 ²
100 3952 407 4015 mussu-
444 3952 610 4008 suerit
652 3958 780 4006 ante
822 3948 1089 4013 homines,
1134 3943 1439 4001 conlitehor
1484 3952 1539 3999 et
1590 3955 1691 4015 ego

18 4042 27 4065 ⁸
98 4058 295 4107 essm:
342 4054 470 4115 puta
514 4042 641 4114 quia
668 4040 976 4096 hominibus
1015 4037 1341 4095 conveniens
1379 4046 1465 4092 est
1514 4034 1686 4090 Deum

100 4138 394 4202 confiteri,
424 4136 594 4192 Deum
625 4133 874 4189 homines
915 4130 1194 4201 quomodo
1228 4129 1484 4186 convenit
1523 4125 1692 4183 conii·

18 4244 21 4251 '
102 4227 267 4289 teri?
292 4224 370 4282 De
395 4226 705 4283 hominibus
733 4235 791 4280 ut
814 4239 920 4280 non
948 4224 1096 4280 dieat
1122 4222 1192 4279 ad
1216 4237 1312 4279 eos
1345 4241 1361 4278 ε
1390 4219 1636 4277 Recedite
1657 4236 1690 4276 a

17 4346 25 4355 -
98 4336 225 4387 aa,
251 4321 429 4374 nescio
466 4334 555 4374 ros
576 4318 653 4386 ⁸⁸;
684 4317 779 4389 sed
819 4324 878 4371 ut
913 4317 1089 4387 magis
1117 4315 1263 4372 dicat
1291 4318 1357 4370 ad
1388 4329 1483 4372 eos
1516 4331 1531 4369 ε
1575 4310 1679 4369 Ve-

22 4446 35 4453 —
102 4412 253 4479 aiu,
282 4408 538 4466 benedicti
571 4409 748 4465 Patris
781 4410 883 4464 mei
906 4407 971 4464 ⁸⁸.
1011 4407 1241 4466 intueris
1279 4409 1689 4480 abnegationem

1798 1929 2206 1985 contentionem
2278 1942 2555 2001 pastorum
2630 1934 2700 1988 ab
2777 1932 3054 1987 Abrabam
3110 1930 3376 2001 separari.

1796 2020 1958 2077 Forte
2006 2027 2189 2077 autem
2234 2030 2289 2079 ει
2327 2022 2675 2080 continentiae
2712 2021 2854 2078 sales
2904 2024 3055 2078 misit
3094 2021 3164 2077 ad
3206 2022 3376 2077 Sodo-

1795 2124 1939 2165 mam
1985 2109 2125 2168 Loth
2146 2111 2213 2179 ⁸⁸,
2260 2120 2322 2167 ut
2362 2110 2481 2181 eius
2507 2101 2717 2181 lustitia
2768 2112 3204 2169 continerentur.
3236 2122 3294 2166 ut
3338 2126 3373 2169 a

1792 2201 1927 2270 sale,
1973 2211 2029 2258 et
2073 2192 2726 2274 non'corrumperentur.
2768 2202 2847 2258 illi
2895 2211 3077 2259 autem
3129 2214 3184 2258 et
3230 2202 3373 2260 sales

1795 2294 2165 2363 calcaverunt,
2194 2304 2253 2354 et
2274 2294 2530 2352 dixerunt
2555 2301 2623 2351 ad
2662 2310 2791 2353 eum
2818 2296 2910 2366 qui
2945 2295 3233 2361 insalabat,
3261 2296 3368 2350 lla-

1793 2388 1968 2444 hitare
1998 2389 2220 2454 venisti,
2258 2404 2366 2445 non
2400 2396 2581 2444 tamen
2611 2399 2668 2446 et
2704 2389 2974 2461 judicium
2997 2384 3267 2457 iudicare.
3301 2387 3370 2444 Et

1794 2481 1912 2537 haec
1937 2482 2182 2538 dicentes
2207 2480 2413 2550 justum
2446 2481 2733 2537 adversum
2766 2496 2824 2535 se
2849 2478 3114 2551 judicium
3156 2480 3365 2536 excita·

1793 2583 1945 2642 runt,
1969 2574 2064 2645 qui
2103 2588 2208 2630 nou
2239 2571 2393 2629 fuere
2431 2572 2675 2629 contenti
2713 2572 2978 2629 adverus
3001 2571 3248 2629 homiues
3281 2571 3367 2626 iu·

1792 2667 1974 2739 digna,
2013 2667 2108 2723 sed
2152 2674 2208 2721 et
2255 2664 2599 2723 insanierunt
2639 2666 2903 2723 adversus
2953 2664 3101 2737 ipsos
3148 2675 3370 2721 sanctos

1791 2759 2033 2831 angelos,
2067 2734 2772 2835 quifffintviudicare
2803 2756 3058 2826 iniuriam
3087 2757 3366 2813 homiuum

1791 2846 2446 2937 ab-dsoeut'sdmtssam.
2479 2846 2589 2906 Sed
2613 2862 2794 2922 neque
2815 2848 2927 2905 Noe
2951 2849 3197 2920 despexit
3225 2849 3369 2906 Deus

1790 2944 1847 3003 iu
1886 2942 2126 3012 diluvio;
2173 2942 2439 3000 numerati
2476 2942 2626 2998 enim
2659 2949 2820 2997 erant
2859 2940 2979 3010 ejus
3007 2940 3231 3011 eapiili:
3276 2955 3371 2996 ne·-

1791 3052 1898 3112 que
1935 3036 2074 3095 Loth
2120 3035 2259 3109 apud
2310 3034 2624 3092 Sodomam.
2670 3034 2777 3091 Alii
2823 3043 3004 3091 autem
3046 3035 3214 3091 Deum
3256 3049 3364 3090 non

1716 3152 1762 3214 c
1792 3141 1976 3189 tamen
2002 3131 2253 3188 homines
2282 3126 2623 3186 offenderunt
2644 3167 2663 3197 ,
2691 3127 2782 3198 qui
2819 3127 3239 3183 immutaverunt
3270 3127 3369 3182 bu-

1796 3237 2012 3278 manam
2055 3231 2329 3277 naturam.
2368 3218 2485 3275 Non
2518 3228 2603 3274 est
2630 3232 2761 3290 ergo
2807 3215 3197 3287 increpandum
3229 3215 3363 3281 Deo,

1793 3314 1922 3385 quia
1960 3327 2062 3370 uec
2094 3313 2139 3368 si
2171 3310 2312 3366 tauri
2354 3309 2677 3366 occiduntur
2713 3307 2781 3364 ad
2812 3323 3000 3373 usum,
3031 3320 3207 3378 neque
3240 3307 3367 3378 quia

1792 3423 1922 3466 oves
1948 3416 2002 3463 et
2029 3404 2328 3471 columbam
2367 3402 2707 3458 rarificatum
2740 3400 2888 3457 enim
2918 3408 3002 3456 est
3045 3414 3207 3456 omne
3241 3400 3364 3478 hoc,

1791 3509 1849 3556 et
1891 3498 2220 3556 abundantia
2268 3506 2354 3552 est
2399 3493 2604 3560 multa.
2648 3501 2702 3550 et
2745 3493 2849 3548 alia
2893 3492 3014 3547 aliis
3055 3492 3365 3547 necessaria

1791 3600 1947 3660 suut,
1994 3599 2048 3645 et
2081 3589 2185 3644 alia
2221 3587 2383 3645 aliter
2430 3597 2613 3642 creata
2659 3594 2806 3641 sunt.
2855 3583 3006 3640 Sicut
3049 3583 3216 3654 igitur
3265 3598 3366 3655 pro

1794 3683 1963 3740 tauris
1983 3682 2075 3754 qui
2098 3679 2422 3737 occiduntur
2450 3680 2517 3735 ad
2544 3694 2699 3735 usum
2722 3693 2827 3734 non
2851 3679 3162 3746 increpatur
3185 3675 3363 3743 Deus;

1792 3780 1846 3827 et
1878 3780 2024 3826 certe
2053 3770 2190 3824 tauri
2222 3782 2328 3823 nou
2361 3776 2587 3839 peccant
2607 3806 2623 3832 ‚
2655 3780 2836 3836 neque
2865 3776 2951 3821 est
2980 3765 3358 3837 irreligiositas

1793 3861 1847 3915 in
1877 3861 2081 3926 tauris;
2110 3874 2219 3915 non
2258 3860 2432 3914 solum
2465 3872 2574 3914 non
2600 3865 2682 3912 est
2718 3857 3105 3925 increpandum
3135 3854 3203 3910 de
3232 3869 3360 3926 per-

1789 3952 2059 4022 emptione
2096 3950 2520 4021 irreligiosorum
2541 3988 2556 4012 ‚
2589 3948 2684 4004 sed
2718 3960 2772 4003 et
2805 3947 3132 4002 mirandum.
3190 3946 3363 4003 Debet

1790 4040 1933 4097 enim
1979 4041 2185 4096 laudari
2238 4041 2401 4107 Deus,
2459 4042 2589 4111 qnia
2651 4051 2850 4096 terram
2907 4038 3064 4108 aquis
3116 4037 3284 4092 abluit
3332 4051 3365 4093 a

1791 4133 2068 4204 spurcitiis
2117 4132 2478 4188 habitantium
2537 4151 2550 4188 :
2606 4134 2766 4188 debet
2807 4132 3047 4202 probari.
3092 4131 3219 4200 qnia
3269 4144 3366 4200 per

1791 4228 1969 4298 ignem
2017 4224 2271 4282 conflarit
2323 4234 2568 4282 nostram
2617 4236 2909 4290 naturam,
2956 4232 3011 4277 ut
3045 4232 3364 4277 evocaretur

1792 4329 1977 4375 nostra
2031 4319 2295 4389 legitima.
2348 4317 2426 4372 lta
2481 4317 2655 4374 nescit
2708 4317 2849 4372 Deus
2900 4332 3036 4388 quos
3085 4332 3193 4372 non
3248 4318 3367 4370 vult

1794 4425 1986 4477 nosse,
2022 4410 2093 4465 ita
2136 4408 2407 4479 ignoravit
2436 4424 2531 4464 cos
2561 4409 2651 4480 qui
2685 4410 2787 4465 suh
2823 4408 2964 4473 Noe;
3018 4409 3088 4464 ita
3133 4408 3362 4463 nescirit

16 4524 49 4548 ⁴·
100 4502 245 4565 run
268 4501 336 4559 de
362 4502 690 4572 hominibus,
729 4514 783 4560 et
814 4500 1212 4559 confessionem
1238 4502 1328 4558 Dei
1358 4501 1426 4558 de
1461 4499 1692 4557 homini·
1720 4529 1766 4586 n
1792 4515 1888 4556 eos
1913 4500 2003 4570 qui
2040 4500 2142 4556 sub
2175 4499 2335 4566 Loth,
2372 4507 2429 4554 et
2459 4513 2554 4555 eos
2587 4500 2678 4569 qni
2710 4509 3039 4569 negaverunt
3068 4513 3191 4553 eum
3234 4509 3361 4553 ante

16 4610 43 4645 ὲ
100 4594 265 4657 but?
302 4594 441 4651 Num
482 4594 737 4666 possibile
762 4602 847 4651 est
880 4593 932 4650 ei
972 4593 1184 4660 dicere.
1213 4594 1396 4650 nescio
1425 4590 1686 4647 Patrem?

16 4704 55 4741 r.
102 4686 241 4749 neit
261 4686 461 4758 quippe
493 4694 548 4742 et
581 4686 848 4754 homines,
874 4694 929 4741 ει
961 4687 1061 4742 hos
1091 4695 1402 4756 peccatores
1428 4686 1639 4754 ignorat
1671 4702 1684 4739 z

16 4816 25 4843 :
62 4778 551 4841 additamentum
616 4778 761 4833 enim
817 4779 920 4833 hoc
984 4776 1306 4834 solutionem
1370 4775 1688 4848 quaestionis

82 4867 361 4945 ,ΙΙ-οὔσῃ
385 4867 511 4937 quia
542 4868 686 4924 enim
714 4875 1028 4938 peccatores
1052 4869 1219 4940 ignoti
1246 4878 1394 4936 sunt,
1426 4882 1531 4923 non
1560 4864 1686 4936 quia

15 4962 462 5043 ξι.Ιςιι(υιίιιιιιι·,
506 4962 600 5017 sed
627 4961 754 5032 quia
794 4976 898 5017 non
944 4960 1011 5016 ab
1053 4974 1118 5015 eo
1157 4962 1489 5017 confitentur
1534 4979 1550 5017 t
1589 4976 1686 5019 eos

88 5056 263 5133 fenim
316 5054 408 5124 qui
455 5054 611 5112 mala
655 5064 783 5112 suut
831 5056 956 5112 ritae
1003 5055 1180 5112 nescit
1233 5054 1412 5110 sciens
1456 5069 1553 5111 eos
1593 5054 1685 5124 qui

15 5150 252 5235 ²„si-t.
293 5146 351 5204 Si
395 5148 539 5204 euim
563 5157 1009 5217 computarentur
1053 5148 1197 5203 inter
1218 5147 1368 5201 vivos
1397 5144 1547 5210 mali,
1577 5160 1683 5202 non

15 5238 356 5327 assumet
379 5237 638 5295 diluvium
670 5241 769 5293 sub
803 5238 917 5296 Noe
951 5258 964 5294 ε
994 5248 1049 5294 ει
1076 5238 1211 5294 alios
1235 5236 1450 5308 quidem
1480 5251 1686 5292 connu-

38 5328 355 5425 Jerarit
392 5344 529 5401 quos
556 5331 751 5397 salvat,
782 5347 918 5401 quos
950 5340 1132 5387 autem
1170 5329 1365 5395 nescit,
1406 5327 1582 5398 perdit
1624 5336 1684 5384 ut

14 5428 317 5519 *jurget
357 5429 580 5476 terram.
619 5418 736 5476 Non
784 5435 913 5492 ergo
955 5423 1143 5478 debuit
1184 5422 1265 5476 eis
1308 5432 1554 5490 parcere,
1586 5417 1682 5490 qui

1792 4593 2064 4660 homineS,
2089 4593 2156 4649 de
2187 4593 2382 4661 quibus
2412 4604 2466 4647 et
2494 4591 2627 4646 dicit
2655 4608 2671 4646 t
2704 4590 3014 4661 Quicunque
3041 4606 3119 4645 me
3146 4605 3361 4661 negare·

1784 4686 1854 4739 rit
1878 4700 2053 4739 coram
2072 4684 2389 4748 homiuibus,
2412 4681 2609 4752 negabo
2644 4691 2693 4737 et
2717 4698 2811 4752 eqo
2836 4697 2951 4737 eum
2974 4697 3152 4736 coram
3192 4678 3354 4735 Patre

1783 4791 1899 4831 uteo
1922 4777 2012 4848 qui
2036 4784 2113 4831 eat
2144 4777 2199 4830 in
2230 4777 2371 4832 coeiis
2395 4776 2466 4831 ⁸⁸.
2496 4777 2705 4846 Negant
2736 4786 2914 4832 autem
2944 4774 3218 4830 Christum
3250 4787 3355 4829 non

1784 4866 1959 4922 solunt
1992 4868 2044 4922 bi
2080 4869 2171 4938 qui
2204 4869 2258 4923 in
2291 4868 2670 4939 persecutione
2703 4876 2921 4941 negant,
2958 4866 3224 4936 siquidem
3256 4879 3356 4921 nec

1790 4958 1881 5030 qui
1902 4957 2229 5015 confitentur
2251 4960 2306 5015 in
2337 4960 2829 5032 persecutionibus,
2864 4959 2964 5032 ipsi
2988 4958 3085 5014 soli
3116 4968 3242 5014 sunt
3264 4959 3354 5027 qui

1791 5049 2159 5106 confitentur:
2209 5053 2302 5108 sed
2345 5052 2736 5108 descendamus
2775 5052 2842 5108 ad
2888 5053 3124 5123 negotia,
3163 5060 3221 5104 et
3271 5048 3359 5103 iu·

1790 5144 1999 5214 giamus
2027 5143 2504 5216 irreligiositatem.
2540 5144 2642 5213 Qui
2688 5153 2815 5200 sunt
2856 5158 2988 5214 ergo
3032 5146 3122 5213 qui
3158 5149 3359 5212 negant

1790 5234 2005 5301 Filium,
2036 5245 2092 5292 et
2120 5237 2235 5303 ubi,
2260 5248 2315 5293 et
2347 5239 2402 5294 iu
2431 5236 2648 5309 quibust.
2678 5238 3042 5293 advertamus.
3071 5234 3205 5292 Cum
3235 5232 3356 5302 quis

1791 5326 2092 5397 ingreditur
2125 5326 2398 5385 civitatem
2433 5329 2714 5401 gentilium
2737 5368 2755 5396 ,
2801 5338 2857 5387 ει
2884 5328 3143 5400 reiigione
3185 5338 3355 5393 espo-

1791 5425 1976 5475 scente
2017 5418 2179 5476 tronti
2208 5421 2487 5492 imponere
2524 5422 2859 5496 signaculum
2891 5420 3068 5477 crucis
3098 5415 3357 5473 confusus

14 5572 113 5610 ¹·-
185 5563 239 5598 ⁸⁰
261 5560 447 5618 nauh.
473 5563 633 5626 x.5'1.
708 5563 753 5596 ⁸·
778 5561 1082 5623 Mantum.
1107 5560 1199 5619 29.
1271 5560 1313 5593 ⁸¹
1350 5557 1537 5615 Matth.
1564 5558 1771 5627 n,57.
1846 5559 1893 5592 ⁸⁸
1925 5556 2118 5619 ssatth.
2140 5561 2305 5629 ¹552.
2382 5560 2427 5594 ⁸⁸
2454 5558 2642 5617 nauh.
2678 5576 2805 5628 xxv,
2838 5558 2927 5615 ¹2.
3023 5555 3070 5590 ⁸⁸
3094 5555 3224 5612 ibid.
3260 5551 3351 5608 5t.

14 5626 157 5700 2--
186 5634 332 5691 Gen.
362 5648 475 5697 xix,
503 5634 557 5688 9.
631 5634 676 5667 ⁸⁸
696 5633 880 5688 Mattb.
921 5648 978 5698 x.
1009 5633 1097 5689 35.

188 5768 308 5840 (88)
334 5766 555 5829 monus.
580 5770 757 5835 Forte,
790 5768 994 5837 repetit.
