3692 6134
23 465 59 522 ἵ

24 1023 39 1066 ,ι-
26 919 47 969 d.
23 823 41 874 .-
23 743 43 780 H
24 652 45 688 δ’
24 560 49 592 ’ὅ

24 1785 37 1882 ..Γ-η
24 1677 31 1706 -.

24 2201 71 2222 ρ,

122 193 134 228 -’
150 193 254 252 lot

1125 196 1632 256 commmunia
1673 200 1741 255 ΙΝ
1780 201 2032 257 ῙΒΑΙΑΜ.
2069 233 2132 243 -
2173 201 2326 257 CAP.
2365 204 2429 261 ΙΙ.

3311 212 3414 269 102

118 315 343 387 ’Ίχροῖς
372 312 603 385 αἰσχύνη
630 314 694 367 ἐκ
727 315 1133 388 συναισθήσεως
1169 318 1352 381 αὐτοῖς
1382 318 1735 390 ἐγγενομένη,
1766 327 1810 380 A
1844 333 1958 384 sus,
1993 332 2151 388 quem
2185 319 2252 376 de
2275 319 2433 377 soedis
2460 320 2577 376 suis
2603 322 2771 390 gestis
2795 326 3105 396 percepturi
3137 338 3281 399 sunt,
3306 330 3413 387 ἰηι-

132 406 256 480 ’τῆς
298 406 654 477 ἀναισχύντου
683 409 775 463 καὶ
804 407 1055 473 ἀναιδοῦς
1106 410 1481 483 προαιρέσεως
1511 411 1736 483 μεταδο-

148 498 255 574 λὴν
281 499 464 563 αὐτοῖς
492 498 712 570 ἔμελλεν
733 501 1075 573 ἐμποιήσειν.

229 609 250 644 ι
266 591 517 644 Ἔσονται
535 591 642 663 γὰρ
656 591 731 656 ὡς
753 591 1064 664 τερέόινθος
1084 594 1489 669 ἀποόεὸληκυία
1518 598 1587 653 τά
1611 598 1736 670 φύλ-

149 682 242 748 λα,
279 683 374 737 καὶ
406 684 481 748 ὡς
511 683 836 755 παράδεισος
880 682 1023 759 ὕδωρ
1056 686 1132 758 μὴ
1187 687 1355 758 έχων·
1380 708 1398 741 ι
1461 692 1510 744 οί
1565 691 1732 746 πάλαι

151 772 306 839 ὄντες
332 774 590 846 ἀμπελὼν
627 775 834 847 Κυρίου
871 776 1118 843 Σαδαὼθ,
1165 780 1260 833 καὶ
1290 780 1443 834 ἐλαία
1494 779 1728 846 εύσκιος.

150 867 222 922 m
251 866 378 937 γοῦν
396 885 480 932 τις
513 867 767 921 θεάσαιτο
789 868 889 933 τάς
911 870 1038 941 παρ’
1063 869 1247 935 αὐτοῖς
1265 871 1374 926 τῶν
1403 872 1564 927 θείων
1590 875 1730 947 Γρα-

154 958 270 1032 φῶν
298 960 646 1030 ἐπαγγελίας,
694 960 934 1033 νομικῶν
965 978 1026 1016 τε
1059 964 1153 1016 καὶ
1184 966 1537 1037 προφητικῶν
1584 968 1727 1040 Γρα-

152 1049 269 1124 φῶν
299 1052 651 1121 ἀναγνώσεις,
683 1052 881 1124 βίὸλων
909 1071 970 1108 τε
1016 1056 1300 1129 ἱστορικῶν
1333 1059 1427 1111 καὶ
1457 1060 1728 1133 στιχηρῶν

142 1141 326 1214 λόγον,
357 1145 631 1218 ύμνῳδίας
659 1163 718 1201 τε
744 1147 1000 1219 τρόπους,
1033 1149 1126 1203 καὶ
1157 1148 1506 1222 ψαλμῳδίας·
1542 1152 1726 1223 ὄψεται

143 1235 476 1307 παράδεισον
499 1236 735 1310 ἀληθῶς,
785 1239 879 1293 καὶ
907 1238 1149 1311 λειμῶνα
1177 1242 1445 1298 παντοίων
1484 1243 1719 1314 ἀγαθῶν.

132 1321 208 1382 'Bi
232 1326 291 1380 δέ
324 1325 574 1399 ζητήσειε
622 1329 754 1400 παρ’
783 1330 963 1395 αὐτοῖς
989 1331 1081 1385 τὸν
1120 1330 1360 1404 ἔμψυχον
1385 1334 1480 1388 καὶ
1502 1335 1722 1407 γόνιμον

128 1417 238 1474 ’καὶ
267 1418 443 1483 ζῶντα
475 1419 666 1488 Λόγον,
693 1416 756 1473 οὗ
781 1422 810 1475 ὁ
837 1420 1004 1476 πίνων
1031 1424 1212 1497 πηγὴν
1240 1424 1350 1492 ἐξει
1376 1424 1564 1489 ὕδατος
1586 1427 1722 1492 ζῶν-

128 1524 231 1575 τος
255 1510 547 1583 ἁλλομένου
582 1514 661 1576 είς
687 1512 832 1585 ζωὴν
855 1512 1070 1570 αίώνιον
1093 1533 1106 1546 ·
1131 1516 1232 1571 οὐκ
1260 1517 1326 1572 ἂν
1345 1516 1514 1591 εὖροι.

213 1788 235 1825 ι
260 1771 371 1826 Καὶ
399 1770 552 1826 ἔσται
585 1775 618 1845 η
655 1774 1010 1849 ίσχίιςξαύτῶν
1039 1779 1115 1844 ὡς
1147 1781 1370 1853 καλάμη
1393 1783 1716 1849 στυππείου,

130 1862 233 1920 καὶ
277 1866 334 1918 αί
373 1864 628 1936 ἐργασίαι
661 1868 838 1923 αὐτῶν
861 1870 938 1935 ὡς
967 1872 1264 1945 σπινθίρες
1289 1890 1302 1903 ·
1327 1872 1424 1926 καὶ
1449 1890 1722 1927 κατακαυ-

128 1943 393 2034 θῄσονται
414 1957 464 2010 οί
495 1956 706 2029 ἄνομοι,
735 1961 830 2015 καὶ
856 1964 905 2016 oi
928 1963 1249 2036 ἁμαρτωλοὶ
1296 1965 1414 2036 ἅμα
1439 1982 1453 1995 ·
1495 1966 1590 2021 καὶ
1621 1969 1721 2021 οὐκ

133 2037 292 2100 ἔσται
318 2044 347 2095 ό
373 2043 598 2097 σῦέσων.
624 2064 643 2097 ι
677 2045 751 2098 Οὺ
781 2046 950 2111 σίτου,
975 2049 1097 2101 οὐδέ
1128 2066 1269 2113 τινος
1295 2051 1483 2121 ἐτέρου
1517 2051 1623 2106 τῶν
1652 2053 1717 2106 ἀ-

96 2133 413 2228 (ηγκαίων
435 2133 678 2207 καλάμη,
704 2136 795 2191 διὰ
825 2138 883 2191 τὸ
901 2138 1213 2213 ἀφῃρῆσθαι
1234 2141 1329 2195 ἀπ’
1359 2141 1539 2195 αὐτῶν
1567 2144 1715 2215 ίσχύ-

32 2277 37 2286 ,
134 2238 268 2277 οντα
294 2225 388 2278 καὶ
422 2225 729 2297 ἰσχύουσαν,
785 2228 879 2283 καὶ
925 2231 1078 2301 ίσχὺν
1104 2231 1290 2303 ἄρτου,
1345 2232 1438 2287 καὶ
1466 2232 1539 2287 τά
1565 2234 1710 2306 ἑξῆς.

131 2312 230 2367 Διὸ
251 2314 372 2368 οὐδὲ
419 2316 671 2372 δύνανται
712 2317 893 2387 λέγειν
932 2324 1047 2385 τοῖς
1087 2320 1321 2393 Χριστοῦ
1365 2324 1634 2397 μαθηταῖς
1659 2328 1714 2381 ὀ-

28 2457 35 2462 .
132 2404 307 2475 μοίως
328 2422 343 2437 ·
393 2430 411 2459 ι
433 2407 620 2464 Πάντα
653 2409 909 2482 ίσχύομεν
932 2413 991 2465 ἐν
1035 2412 1112 2485 τῷ
1141 2414 1526 2487 ἐνδυναμοῦντι
1566 2417 1711 2488 ἡμᾶς

126 2495 280 2569 Θεῷ·
302 2516 324 2551 ι
356 2501 470 2567 καὶ,
507 2520 527 2553 ι
545 2501 641 2566 Τίς
684 2504 832 2575 ἡμᾶς
851 2506 1075 2578 χωρίσει
1110 2507 1218 2561 ἀπὸ
1243 2509 1341 2581 τῆς
1368 2510 1590 2584 ἀγάπης
1611 2511 1707 2566 τοῦ

124 2589 398 2665 Χριστοῦ;
432 2591 665 2666 θλίψιςῆ
699 2598 1062 2670 στενοχωρία;
1091 2618 1110 2651 ι
1146 2600 1334 2656 καὶτὰ
1367 2601 1515 2675 ἐξῆς.
1551 2605 1709 2659 Οὕτω

121 2680 182 2739 δέ
202 2682 419 2754 γέγονεν
447 2684 625 2740 αὐτῶν
673 2688 707 2759 ἡ
739 2690 890 2761 ίσχὺς
922 2689 998 2755 ὡς
1021 2691 1242 2765 καλάμη
1280 2697 1600 2764 στυππείου,
1631 2698 1708 2763 ὡς

125 2776 203 2852 μὴ
254 2780 412 2851 μόνον
443 2780 704 2836 ἀπολέσαι
735 2784 835 2855 τὴν
883 2783 1221 2857 ἐλευθερίαν,
1266 2781 1386 2860 ἐνῇ
1441 2790 1707 2863 πρότερον

121 2872 356 2943 ἐκόμων,
405 2872 700 2946 αὐτονομίᾳ
742 2875 838 2929 καὶ
893 2876 1138 2949 βασιλείᾳ
1188 2878 1362 2950 οἰκείᾳ
1409 2878 1704 2952 χρώμενοι,

121 2962 259 3019 ἀλλὰ
284 2964 380 3019 καὶ
412 2967 523 3029 τοῖς
545 2963 771 3036 τυχοῦσι
814 2963 1098 3037 Ῥωμαίων
1128 2967 1488 3040 στρατιώταις
1510 2970 1708 3042 ἀνδρά-
1735 3001 1777 3059 C

122 3072 177 3110 σι
209 3055 492 3111 δουλεύειν.
526 3058 637 3111 Καὶ
663 3056 841 3111 αὐτῶν
865 3056 975 3128 γὰρ
999 3060 1055 3111 αί
1081 3059 1332 3128 ἐργασίαι
1360 3062 1491 3132 πυρὶ
1515 3061 1704 3127 αίτιαι,

122 3145 221 3201 &vs
258 3146 320 3199 ού
352 3148 550 3219 χρυσὸν
567 3148 689 3203 οὐδὲ
723 3148 963 3220 ἄργυρον
995 3148 1116 3203 ούδέ
1147 3147 1328 3214 λίθους
1358 3151 1593 3221 τιμίους,
1619 3151 1709 3218 ξύ-

121 3234 215 3292 λον
256 3237 312 3292 δέ
345 3238 501 3308 μόνον
541 3240 634 3294 καὶ
666 3238 920 3311 καλάμην
951 3239 1396 3312 οίκοδομούντων.
1448 3243 1613 3315 Ὁρᾷς
1653 3245 1709 3298 ὃ-

123 3346 246 3392 πως
287 3329 625 3401 πυρπόλησιν
670 3330 768 3384 καὶ
819 3331 1146 3403 ἐμπρησμὸν
1191 3331 1407 3386 ἀπειλεῖ
1456 3334 1636 3398 αὐτοῖς
1678 3337 1708 3389 ὀ

122 3419 281 3489 λόγος
308 3436 322 3451 ·
376 3421 470 3474 καὶ
505 3421 661 3476 τοῦτο
688 3421 839 3486 τέλος
897 3422 995 3494 τῆς
1044 3421 1324 3494 παρούσης
1375 3424 1496 3478 κατ’
1527 3425 1705 3480 αὐτῶν

122 3512 489 3585 προφητείας·
516 3514 545 3567 ὃ
580 3513 643 3586 δὴ
675 3514 767 3569 καὶ
789 3514 1131 3587 παραχρῆμα
1156 3514 1294 3587 πρὸς
1324 3514 1468 3581 λέξιν
1500 3516 1701 3588 ἀπέόη,

121 3602 222 3657 καὶ
253 3604 353 3657 οὐκ
390 3605 472 3668 είς
508 3603 722 3677 μακρὰν
754 3604 894 3677 μετὰ
921 3604 1018 3677 τὴν
1046 3604 1186 3659 κατὰ
1232 3604 1327 3659 τοῦ
1361 3606 1613 3678 Σωτῆρος
1638 3608 1703 3678 ή-

122 3692 246 3766 μῶν
273 3694 472 3765 τόλμαν
495 3694 932 3768 πυρποληθείσης
956 3696 1138 3761 αὐτοῖς
1167 3696 1269 3767 τῆς
1293 3698 1696 3770 μητροπόλεως,

117 3786 234 3842 τῶν
267 3803 326 3839 τε
373 3789 430 3840 ἐν
465 3787 599 3858 αὐτῇ
644 3787 854 3843 ἀσεὸῶν
895 3790 959 3843 ἐκ
986 3787 1092 3843 τῶν
1123 3787 1336 3846 οἰκείων
1384 3790 1698 3863 σπινθήρων

117 3877 186 3932 τὸ
212 3877 473 3934 ἅσὸεστον
499 3878 610 3950 πῦρ
656 3879 718 3932 τὸ
747 3880 980 3945 αἰώνιον,
1018 3880 1112 3934 καὶ
1138 3880 1237 3951 τὴν
1262 3884 1328 3936 ἐκ
1363 3880 1499 3936 Θεοῦ
1530 3882 1698 3955 ὀργὴν

118 3971 182 4026 ἐν
202 3970 386 4043 ἡμέρᾳ
404 3971 570 4042 ὀργῆς
600 3972 781 4038 αὐτοῖς
800 3974 1265 4046 ταμιευσαμένων.

661 4062 1054 4117 ΚΕΦΑΛΑΙΟΝ
1088 4064 1164 4119 Β’.

198 4169 219 4201 ι
239 4151 297 4206 ’0
321 4151 476 4221 λόγος
501 4153 530 4204 ό
560 4153 848 4224 γενόμενος
880 4155 1028 4227 παρά
1060 4154 1266 4229 Κυρίου
1294 4156 1431 4229 πρὸς
1468 4157 1695 4214 Ἡσαΐαν

121 4243 240 4296 υίὸν
266 4243 442 4315 ’Δμὼς
465 4246 591 4315 περὶ
622 4246 715 4317 τῆς
745 4244 1000 4306 Ἰουδαίας
1021 4247 1115 4301 καὶ
1147 4247 1275 4321 περὶ
1305 4249 1691 4322 Ἰερουσαλήμ·

1836 409 2057 480 pudenti
2075 421 2131 467 et
2148 412 2515 470 inverecundo
2536 428 2728 471 eorum
2751 417 3032 487 proposito
3055 430 3411 479 mutationem

1837 499 2048 556 afferet.

1904 591 2069 648 Vens.
2098 593 2189 652 50.
2225 612 2245 647 ι
2269 595 2438 650 Erunt
2466 597 2609 653 enim
2642 597 2782 653 sicut,
2814 599 3149 656 terebinthus
3174 601 3411 661 defluen-

1834 681 1980 739 tibus
2037 683 2199 755 soliiS‚
2256 696 2312 742 et
2376 689 2515 745 sicut
2555 690 2839 759 paradisus
2879 693 2996 747 sine
3027 709 3166 764 aqna
3201 713 3216 750 ε
3256 714 3275 748 ι
3316 700 3408 767 qui

1832 773 1965 829 olim
1989 786 2145 831 erant
2172 778 2331 834 vinea
2356 779 2570 837 Domini
2601 781 2859 848 Sabaoth,
2883 792 2939 838 et
2965 783 3104 840 oliva
3130 788 3405 845 nmhrosa.

1834 864 1893 920 Si
1930 867 2053 935 quis
2084 868 2227 923 enim
2262 874 2565 939 respexerit
2586 873 2651 927 ad
2684 877 2948 945 promissa
2975 893 3094 946 qnae
3132 878 3184 933 in
3211 880 3408 938 divinis

1832 955 2132 1028 Scripturis
2157 976 2321 1029 penes
2349 962 2466 1018 illos
2492 964 2785 1032 habentur,
2817 969 2884 1021 ad
2926 966 3170 1039 legalium
3200 955 3404 1043 etpro-

1828 1048 2171 1118 pheticarum
2221 1050 2637 1123 Scripturar'nm
2685 1056 2983 1127 lectiones,
3029 1060 3093 1114 ad
3142 1061 3402 1119 librorum

1829 1148 1940 1195 tam
1990 1139 2395 1209 historicorum,
2434 1160 2597 1215 quam
2642 1150 2992 1205 metricorum
3043 1162 3389 1221 concentum,

1825 1230 2015 1285 modos
2038 1239 2092 1284 et.
2114 1232 2471 1301 psalmodias,
2499 1236 2547 1291 is
2574 1252 2701 1293 vere
2729 1242 3062 1308 paradisum,
3096 1252 3150 1298 et
3175 1257 3392 1313 pratum

1823 1318 1982 1377 bonis
2007 1322 2260 1379 omnibus
2304 1325 2565 1393 repletum
2602 1327 2803 1384 videat.
2835 1332 2988 1398 Quod
3020 1334 3066 1387 si
3097 1337 3219 1403 quis
3247 1337 3389 1406 apud

1820 1408 1943 1464 illos
1962 1410 2283 1477 animatum,
2311 1413 2488 1469 fertile
2516 1430 2582 1471 ac
2611 1417 2804 1472 vivens
2832 1420 3068 1476 Verbum
3099 1425 3396 1493 qttoesierit.

1820 1516 1886 1557 ex
1941 1518 2049 1573 quo
2105 1504 2353 1575 quisquis
2405 1508 2603 1564 biberit
2631 1548 2647 1575 ‚
2709 1510 2933 1567 habehit
2985 1512 3193 1571 fontem
3243 1531 3397 1587 aqnae

1823 1594 1987 1659 vivae,
2020 1594 2269 1653 salientis
2320 1598 2374 1653 in
2422 1599 2589 1656 vitam
2628 1611 2923 1671 aeternam;
2961 1607 3275 1677 neutiquam
3306 1607 3394 1665 in·

1755 1666 1798 1721 Β
1826 1686 2027 1740 veniat.

1875 1773 2173 1851 'Vnam-31.
2202 1798 2223 1833 ι
2254 1781 2324 1837 Ει
2357 1782 2462 1839 erit
2502 1782 2765 1840 fortitudo
2788 1784 3003 1841 illorum
3042 1796 3104 1842 ut
3147 1787 3393 1847 calamus

1820 1874 2030 1936 stuppae
2060 1881 2114 1924 et
2138 1885 2274 1939 opus
2299 1889 2485 1928 eorum
2514 1884 2571 1929 ut
2600 1876 2886 1932 scintillae:
2913 1887 2968 1933 et
3001 1879 3391 1937 comburentur

1820 1955 1993 2025 iniqui
2040 1967 2095 2013 et
2140 1972 2451 2029 peccatores
2488 1965 2667 2030 sinmi,
2707 1975 2762 2021 et
2790 1983 2898 2021 non
2930 1970 3142 2039 eritqui
3182 1972 3390 2028 exstin-

1817 2058 1967 2119 guat.
2007 2066 2027 2101 ι
2055 2047 2172 2105 Non
2213 2047 2508 2120 frumenti,
2547 2063 2641 2108 aut
2688 2056 2914 2115 alterius
2963 2058 3260 2128 cujuspiam
3295 2077 3389 2117 ne·

1817 2141 2077 2197 cessariae
2130 2141 2230 2206 rei,
2288 2141 2535 2198 calamus
2560 2184 2574 2209 ‚
2615 2143 2743 2214 qnia
2797 2146 3010 2203 ablatus
3055 2159 3141 2205 est
3178 2151 3247 2206 ab
3281 2151 3391 2208 illis

1815 2230 2074 2289 robustus
2098 2242 2152 2288 et
2192 2234 2441 2299 robusta,
2484 2235 2650 2289 robur
2701 2238 2876 2305 panis,
2907 2248 3009 2292 etc.
3051 2238 3176 2297 ideo
3211 2243 3392 2298 dicere

1811 2334 2087 2395 nequeunt
2108 2326 2335 2395 perinde
2369 2335 2532 2398 atque
2562 2326 2766 2383 Christi
2807 2329 3102 2400 discipuli:
3135 2349 3155 2385 ι
3194 2331 3387 2389 Omnia

1809 2430 2098 2486 possumus
2150 2416 2203 2471 in
2239 2430 2323 2482 eo,
2378 2417 2469 2487 qui
2515 2433 2615 2473 nos
2652 2419 2922 2475 confortat
2973 2422 3085 2478 Deo
3118 2424 3201 2489 ¹⁹;
3237 2441 3259 2477 ι
3286 2433 3382 2479 et:

1814 2525 1834 2559 ι
1866 2506 2001 2576 Quis
2032 2522 2134 2564 nos
2166 2509 2437 2578 separabit
2457 2524 2488 2564 a
2525 2509 2792 2567 charitate
2813 2512 3063 2570 Christi?
3089 2516 3383 2585 tribulatio,

1810 2612 1878 2654 an
1914 2597 2164 2671 angustia
2212 2597 2308 2650 ¹¹?
2349 2620 2371 2651 ι
2417 2607 2474 2654 et
2520 2606 2736 2655 caetera.
2787 2601 2860 2656 lta
2914 2618 3077 2674 porro
3125 2604 3387 2663 tortitudo

1808 2704 1996 2747 eorum
2032 2698 2092 2744 ut
2132 2688 2377 2744 calamus
2398 2699 2606 2761 stuppae
2641 2692 2782 2747 sacta
2822 2703 2945 2758 est;
2996 2704 3052 2749 nt
3082 2710 3187 2750 non
3215 2699 3376 2753 mod·

1809 2779 2145 2846 libertatem,
2172 2794 2277 2849 qua
2327 2780 2478 2849 prius
2501 2783 2719 2853 proprio
2736 2784 2858 2853 jure
2882 2800 2947 2841 ac
2976 2801 3148 2857 regno
3169 2798 3384 2845 utentes

1806 2871 2089 2935 florebant,
2117 2871 2470 2937 amitterent,
2502 2875 2596 2927 sed
2625 2874 2787 2928 etiam
2818 2876 3095 2946 quibusvis
3122 2877 3382 2936 Romanis

1809 2960 2072 3015 militibus
2098 2961 2390 3018 servirent.
2413 2960 2614 3016 Eorum
2637 2962 2839 3034 quippe
2857 2966 3187 3036 opera-ignis
3213 2983 3378 3023 causa

1813 3044 2082 3105 suerunt:
2123 3049 2321 3121 quippe
2358 3051 2453 3119 qui
2490 3064 2597 3106 non
2637 3065 2868 3121 aurum,
2916 3070 3023 3109 non
3076 3068 3379 3126 argentum.

1810 3156 1919 3196 non
1958 3139 2166 3211 lapides
2195 3142 2490 3211 pretiosoS‚
2520 3142 2616 3198 sed
2658 3141 2864 3215 lignum
2909 3154 3114 3200 tantum
3139 3155 3194 3202 et
3232 3148 3381 3205 cala-

1809 3248 1958 3289 mum
2006 3231 2363 3291 aediiicarcnt.
2403 3234 2589 3291 Viden’
2614 3234 2887 3305 quomodo
2923 3236 3172 3295 flammas
3204 3250 3258 3296 et
3290 3240 3379 3295 ia·

1808 3323 2057 3379 cendium
2095 3325 2460 3379 comminetur
2482 3324 2654 3395 ipsis?
2677 3325 2742 3380 Et
2769 3326 2857 3381 hic
2878 3327 3001 3383 nnis
3027 3335 3113 3383 est
3148 3343 3378 3400 praeaen·

1807 3413 1879 3469 tis
1916 3423 2109 3470 contra
2149 3414 2272 3470 illos
2324 3415 2644 3485 prophetiae,
2692 3415 2848 3484 cuius
2894 3428 3117 3475 eventus
3166 3420 3373 3490 stanin,

1805 3523 1982 3579 neque
2018 3508 2094 3564 ita
2125 3507 2296 3563 multo
2321 3516 2445 3578 post
2486 3518 2859 3579 perpetratum
2904 3520 3093 3567 contra
3125 3512 3376 3571 Salvato-

1801 3615 1918 3656 rem
1963 3610 2216 3657 nostrum
2269 3598 2500 3664 sacinuS.
2552 3600 2622 3656 ad
2670 3601 2906 3656 litteram
2954 3604 3199 3675 contigit,
3248 3620 3371 3661 cuin

1801 3707 1992 3748 eurum
2021 3693 2338 3762 metropolis
2363 3695 2612 3751 incendio
2641 3698 2835 3752 tradita
2866 3707 2967 3764 est,
3008 3707 3062 3755 et
3100 3699 3247 3769 impii
3272 3702 3371 3756 ho-

1800 3784 1978 3839 mines
2012 3784 2066 3837 in
2095 3797 2158 3837 ea
2203 3795 2610 3841 commorantes
2653 3801 2721 3841 ex
2767 3788 3013 3844 scintillis
3051 3790 3163 3844 suis
3190 3790 3368 3859 ignem

1799 3877 2296 3949 inexstinguibilem
2325 3896 2388 3936 ac
2424 3889 2686 3935 aeternum
2711 3919 2727 3945 ,
2767 3881 3011 3954 iramque
3048 3881 3144 3941 Dei
3185 3884 3241 3939 in
3279 3884 3371 3940 die

1799 3973 1895 4028 irae
1924 3971 2027 4028 sibi
2058 3971 2498 4028 recondiderunt.

2407 4061 2637 4119 CAPUT
2682 4062 2745 4118 ΙΙ.

1870 4155 2034 4211 Vens.
2067 4154 2185 4209 t-s.
2226 4171 2246 4206 ι
2292 4150 2524 4206 Verbntn
2554 4153 2695 4220 quod
2724 4152 2925 4205 sactum
2957 4161 3040 4208 est
3068 4166 3098 4207 a
3136 4150 3366 4208 Domino

1798 4246 1865 4301 ad
1893 4245 2140 4301 Hesaiam
2164 4244 2333 4300 lilium
2353 4245 2516 4298 Amos
2535 4244 2676 4298 circa
2704 4242 2940 4299 iudaeam
2959 4241 3359 4300 etJerusalem:

116 4337 206 4391 δτι
236 4335 384 4392 ἔσται
405 4340 463 4391 ὲν
493 4340 613 4401 ταῖς
647 4338 901 4408 ἐσχάταις
939 4339 1174 4411 ἡμέραις
1205 4341 1442 4410 ἐμφανὲς
1476 4340 1537 4393 τὸ
1568 4340 1694 4412 ὄρος
1723 4337 1770 4397 D
1797 4337 1924 4404 qnia
1980 4338 2087 4392 erit
2140 4336 2194 4391 in
2251 4335 2567 4392 novissimis
2591 4335 2782 4391 diebus
2832 4336 3155 4403 conspicuus
3206 4350 3362 4391 mons

112 4428 217 4484 τοῦ
244 4428 466 4501 Κυρίου,
501 4429 595 4482 καὶ
623 4431 652 4483 ὁ
699 4427 845 4492 οἶκος
887 4430 979 4483 τοῦ
1006 4430 1138 4484 Θεοῦ
1168 4431 1252 4484 ἐπ’
1287 4430 1468 4502 άκρων
1495 4432 1602 4485 τῶν
1635 4433 1690 4484 ό-

118 4522 281 4592 ρέων,
314 4521 406 4574 καὶ
450 4519 792 4592 ὑψωθήσεται
821 4520 1070 4591 ὑπεράνω
1104 4520 1212 4573 τῶν
1248 4519 1471 4591 βουνῶν,
1502 4523 1595 4576 καὶ
1628 4522 1690 4592 ἥ-

114 4615 303 4682 ξουσιν
324 4614 409 4667 ἐπ’
435 4611 569 4666 αὐτὸ
595 4612 767 4665 πάντα
789 4611 857 4665 τὰ
879 4611 1024 4693 ἔθνη.
1051 4611 1160 4665 Καὶ
1186 4610 1536 4682 πορεύσονται
1562 4612 1688 4683 ἔθνη

116 4702 313 4768 πολ-λά,
340 4703 434 4757 καὶ
470 4702 685 4775 ἐροῦσι·
727 4701 910 4766 Δεῦτε,
944 4704 1036 4756 καὶ
1058 4701 1346 4772 ἀναθῶμεν
1367 4704 1448 4781 είς
1471 4704 1528 4756 τὸ
1562 4704 1684 4776 ὅρος

117 4794 349 4866 Κυρίου,
371 4796 460 4849 καὶ
485 4796 564 4858 εἰς
590 4793 680 4846 τὸν
707 4787 852 4846 οἷκον
876 4791 968 4846 τοῦ
987 4792 1120 4847 Θεοῦ
1150 4791 1340 4846 Ἱακὼὅ
1359 4810 1372 4823 ·
1409 4794 1501 4847 καὶ
1521 4793 1686 4863 ἀναγ-

116 4885 271 4954 γελεῖ
299 4887 429 4957 ἡμῖν
456 4886 554 4958 τὴν
584 4885 702 4939 ὁδὸν
732 4885 917 4950 αὐτοῦ,
963 4887 1055 4939 καὶ
1088 4884 1461 4955 πορευσόμεθα
1502 4888 1558 4942 ἐν
1591 4888 1688 4941 αύ-

119 4980 210 5050 τῇ.
242 4979 335 5032 Ἐκ
361 4978 469 5052 γὰρ
497 4979 632 5034 Σιὼν
677 4978 1015 5045 ἐξελεύσεται
1048 4979 1228 5049 νόμος,
1263 4979 1353 5033 καὶ
1390 4980 1545 5048 λόγος
1573 4983 1688 5035 Κυ-

121 5070 245 5141 ρίου
283 5069 342 5136 ἐξ
385 5070 751 5141 Ἰερουσαλήμ.
802 5069 911 5124 Καὶ
952 5073 1126 5139 κρινεῖ
1157 5068 1259 5123 ἀνά
1293 5072 1455 5142 μέσον
1505 5071 1610 5125 τῶν
1640 5074 1696 5125 ἐ-

119 5156 288 5223 θνῶν,
315 5158 408 5211 καὶΙ
426 5159 690 5228 ἐξελέγξει
714 5159 841 5212 λαὸν
870 5158 1036 5213 πολὺν
1064 5159 1242 5222 αὑτός.
1268 5178 1288 5212 ι
1317 5160 1495 5225 Αὐτὸς,
1517 5160 1573 5214 δὲ
1601 5161 1694 5214 καὶ

117 5248 388 5322 διέκρινεν
407 5250 510 5306 ἀνά
539 5252 699 5323 μέσον
721 5252 829 5306 τῶν
869 5249 1058 5313 ἐθνῶν,
1087 5250 1350 5321 ἀφορίσας
1373 5250 1551 5321 ἐαυτῷ
1570 5252 1694 5314 τοὺς

120 5339 328 5407 ἀξίους,
364 5342 457 5395 καὶ
503 5342 858 5412 ἐκλεξάμενος
899 5340 1025 5404 τοὺς
1055 5339 1284 5412 κλητοὺς
1327 5340 1435 5393 ἀπὸ
1461 5339 1568 5394 τῶν
1618 5341 1693 5412 μὴ

117 5432 396 5487 τοιούτων.
438 5433 619 5497 υύτως
639 5430 731 5489 οὖν
764 5433 869 5487 ἀνὰ
901 5432 1061 5503 μέσον
1090 5430 1197 5485 τῶν
1225 5429 1392 5486 ἐθνῶν
1418 5431 1694 5503 διακρίνας

115 5522 148 5576 ό
177 5520 529 5589 εύαγγελικδς
576 5523 757 5593 νόμος,
787 5521 912 5576 λαὸν
945 5521 1112 5576 πολὺν
1149 5520 1394 5591 ἠλεγξεν,
1422 5520 1539 5592 ἦτοι
1567 5520 1693 5586 τοὺς

199 5634 243 5666 “
260 5633 494 5691 Philiuo.
527 5650 599 5702 tv.
644 5636 730 5694 ¹3.
809 5636 1031 5694 “1ιοιιι.
1072 5652 1189 5706 vm,
1226 5637 1315 5694 55.

1798 4428 2011 4484 Domini
2062 4438 2117 4483 et
2165 4427 2356 4484 domus
2395 4428 2489 4482 Dei
2532 4441 2698 4497 snpra
2741 4428 2998 4482 verticem
3048 4426 3358 4481 montium:

1795 4533 1853 4579 et.
1920 4520 2226 4578 elevabitur
2278 4535 2439 4590 snper
2490 4520 2703 4576 colles:
2756 4530 2809 4575 et
2859 4519 3071 4575 venient
3119 4519 3183 4574 ad
3234 4533 3361 4574 eum

1796 4627 1986 4669 omnes
2038 4620 2248 4683 gentes·
2301 4608 2367 4665 Et
2401 4610 2555 4666 ibunt
2605 4610 2783 4681 popnli
2842 4610 2994 4665 multi
3027 4619 3081 4666 et
3128 4610 3355 4667 dicent:

1797 4704 2018 4770 Venite,
2078 4702 2435 4758 ascendamus
2487 4701 2555 4756 ad
2606 4712 2844 4756 montem
2911 4700 3122 4759 Domini
3179 4710 3234 4758 et
3291 4703 3357 4757 ad

1794 4796 2013 4852 «lonium
2041 4794 2134 4849 Dei
2161 4791 2326 4849 Jacob
2350 4809 2366 4847 ι
2397 4802 2452 4848 et
2478 4792 2993 4849 annuntiabitnobis
3012 4795 3155 4849 viam
3180 4808 3355 4857 suam,

1795 4899 1851 4944 et
1892 4887 2205 4942 incedemus
2241 4884 2296 4939 in
2338 4899 2423 4939 ca.
2474 4884 2608 4940 Nam
2657 4899 2724 4940 ex
2761 4884 2890 4941 Sion
2933 4887 3101 4941 exibit
3144 4885 3252 4950 lex,
3302 4894 3358 4939 et

1795 4980 2019 5033 verlnnn
2068 4976 2279 5033 Domini
2316 4990 2378 5031 ex
2426 4974 2748 5031 Jerusalem.
2798 4976 2863 5030 Et
2909 4975 3174 5046 judicabit
3217 4976 3355 5030 inter

1792 5084 2002 5144 gentes,
2056 5078 2113 5127 et
2159 5081 2350 5139 arguet
2396 5068 2651 5139 populu-m
2705 5068 2930 5123 multum
2990 5067 3185 5149 ipse-3
3239 5066 3355 5135 ipsc

1791 5170 1972 5216 autem
1991 5160 2260 5228 iudicavit
2278 5161 2421 5216 inter
2446 5168 2658 5229 gentes,
2689 5173 2784 5214 eos
2810 5158 2899 5227 qni
2938 5171 2999 5211 se
3024 5154 3168 5225 digni
3198 5163 3355 5210 erant.

1790 5253 1894 5309 sibi
1933 5266 2249 5325 segregans,
2279 5260 2605 5320 vocatosque
2636 5265 2666 5305 a
2698 5265 2803 5306 non
2847 5248 3049 5302 vocatis
3098 5245 3350 5317 seligens.

1790 5340 1887 5396 Sic
1915 5341 2100 5412 itaque
2129 5341 2213 5397 lex
2251 5339 2585 5408 evangelica,
2630 5340 2685 5395 in
2727 5337 2905 5394 medio
2943 5337 3185 5407 gentium
3216 5334 3354 5404 diju-

1791 5432 2006 5500 dicans,
2041 5434 2273 5491 multum
2305 5431 2559 5505 populum
2587 5431 2861 5502 coarguit3
2884 5490 2889 5503 ἴ
2909 5431 3021 5485 sive
3048 5429 3136 5494 iis,
3166 5429 3256 5500 qui
3296 5427 3352 5482 in

1790 5538 1852 5581 se
1871 5524 2219 5584 crediderunt
2243 5526 2309 5583 de
2334 5524 2564 5597 pristino
2585 5535 2773 5581 errore
2797 5537 2895 5579 sno
2915 5521 3216 5589 convicttsg
3234 5520 3351 5578 sive
