3692 6134
855 311 946 370 ΒΕ
982 311 1075 374 ΕΟ
1108 310 1299 380 Quot)
1336 312 1519 373 DEUS
1554 315 1786 374 PATER
1822 314 2339 374 inconponsus
2377 317 2524 375 EST.

3191 328 3334 386 HM

319 448 405 488 nm
445 434 531 489 bis
569 432 638 490 ad
665 446 732 489 ea
772 439 893 502 qun
922 431 1216 497 desiderat,
1260 434 1400 489 sciet
1433 449 1552 501 que
1581 445 1665 491 est
1690 441 1736 500 Α
1763 436 1892 508 quis
1944 435 2378 492 transcendimus
2408 446 2658 492 naturam
2692 455 2710 492 ε
2751 437 3017 509 spiritalis
3044 441 3210 513 igitur
3233 446 3336 515 qui.

337 528 623 597 cogitatus.
646 524 782 581 Cum
810 524 1020 596 angelis
1053 526 1302 583 homines
1333 528 1476 582 coelo
1502 544 1658 600 supe·
1761 526 1987 591 dicitur,
2016 526 2246 596 angelus
2293 525 2635 596 appelletur;
2675 540 2782 586 non
2815 529 2940 601 quia
2975 529 3047 585 ita
3085 530 3204 601 eius
3229 548 3338 590 na·-

319 620 531 690 ·euique
557 618 807 674 machina
847 617 971 687 quis
994 617 1100 674 erit
1127 618 1257 684 dux,
1285 619 1407 689 quis
1439 634 1654 676 sursum

1760 626 1881 673 tura
1910 627 2016 682 est.
2043 618 2140 672 sed
2172 617 2348 687 magis
2376 631 2485 671 non
2515 615 2811 674 efficiamur
2842 634 2990 676 caro.
3035 619 3146 677 Nec
3174 623 3332 680 vaide

321 748 339 773 ,
371 708 468 763 sed
502 721 611 763 non
640 706 902 763 eoncedet
928 714 1143 762 natura.
1193 706 1485 763 Descendit
1513 706 1657 766 Deus
1754 705 2093 762 confidamus
2121 705 2360 760 anima:
2394 704 2585 762 oculus
2623 705 2770 761 enim
2802 706 2921 764 sine
2947 707 3152 766 lumine
3182 719 3338 770 tene-t

319 815 366 855 ts
388 799 534 866 inde,
567 808 625 856 et
644 797 1002 865 descendens,
1037 798 1164 869 quia
1192 798 1509 856 incredibile
1536 808 1656 855 erat
1754 796 1950 853 brosus
1978 804 2085 860 est.
2114 805 2167 851 et
2200 796 2473 866 cogitatus
2498 797 2619 852 sine
2643 794 2932 853 efficientis
2959 812 3190 870 superna
3215 800 3331 856 vult

319 910 326 946 ι
360 890 469 947 illic
499 889 819 955 ascendere,
856 890 1149 959 assumpsit
1182 890 1286 946 boe
1316 890 1654 958 incredibile,

327 992 571 1038 nostrum
593 994 812 1052 corpus.
841 994 875 1035 e
913 993 1127 1035 summo
1168 979 1502 1037 descendeus
1545 995 1652 1040 non

319 1072 549 1130 tsionem
573 1111 591 1140 ,
622 1073 718 1130 sed
749 1073 818 1126 ad
863 1070 1096 1127 sslutem
1132 1074 1254 1143 elus
1283 1072 1375 1142 qui
1402 1087 1653 1129 assume·

319 1164 356 1220 ii
384 1164 550 1236 igitur
578 1163 722 1221 Deus
747 1176 850 1218 non
877 1161 1197 1232 assumpsit,
1224 1162 1448 1233 quinon
1473 1164 1653 1221 credis

319 1251 631 1312 n'coneedit
657 1254 764 1317 bis.
791 1235 934 1323 queit
980 1252 1203 1311 adducit
1237 1268 1454 1309 sursum
1483 1254 1531 1310 is
1556 1256 1650 1325 qui

340 1344 614 1403 descendit
634 1384 651 1410 ,
675 1343 771 1401 sed
795 1344 1028 1400 nondum
1053 1358 1116 1400 ea
1144 1358 1264 1415 qua
1290 1342 1467 1400 sutura
1498 1355 1649 1412 sunt,

320 1438 427 1493 rim
461 1452 525 1493 ea
564 1451 689 1508 (με
736 1444 914 1506 potest
946 1436 1241 1508 cogitatus,
1269 1436 1538 1507 siquidem
1565 1446 1653 1493 est

319 1530 468 1596 ratio,
513 1530 641 1599 quia
670 1529 725 1584 in
755 1541 985 1599 corpore
1026 1529 1373 1594 constitutus,
1418 1540 1476 1586 et
1504 1532 1649 1586 circa

319 1628 483 1675 >otest
518 1619 791 1689 deponere
821 1631 837 1671 ε
866 1632 972 1672 non
1008 1626 1067 1674 ut
1094 1634 1201 1674 non
1240 1620 1528 1687 moriatur,
1554 1621 1650 1678 sed

342 1722 464 1776 ηοω
510 1721 638 1763 vere
684 1708 790 1761 vita
832 1719 916 1763 est
956 1707 1122 1764 vivat.
1176 1708 1337 1766 Forte
1377 1720 1561 1766 autem
1595 1720 1653 1766 et

1751 887 2125 955 videre.sicut
2152 888 2344 944 oculus
2379 888 2435 945 in
2480 900 2664 954 nocte.
2702 896 2761 945 et
2793 888 3088 956 desiderat.
3127 901 3183 948 et
3223 890 3332 948 illi-

1751 980 1929 1048 cltnr;
1965 979 2181 1036 laborat
2222 989 2425 1044 sutem.
2469 979 2598 1050 quia
2630 995 2738 1036 non
2770 979 2914 1038 valet
2944 996 2962 1038 2
2992 995 3115 1038 cum
3145 989 3336 1054 autem„

1753 1070 2035 1127 advenerit
2078 1070 2285 1137 lumen,
2324 1068 2554 1126 eflicitur
2602 1070 2810 1127 oculus.
2863 1069 2942 1126 lta
2976 1080 3032 1128 et
3060 1072 3336 1143 cogitatus

1749 1161 1869 1218 sine
1910 1161 2226 1233 operatione
2260 1160 2500 1232 Spiritus
2541 1160 2718 1217 sancti
2773 1159 2985 1233 palpat,
3037 1164 3329 1235 contingit,

1751 1261 2055 1319 promovet,
2085 1251 2311 1319 erescit,
2344 1259 2496 1320 putat
2522 1251 2649 1320 quia
2690 1251 2795 1308 iste
2833 1251 2971 1323 lapis
3008 1254 3149 1310 sorte
3187 1255 3331 1310 Deus

1747 1349 1854 1406 est.
1885 1342 2029 1397 istud
2069 1356 2261 1399 aurum
2306 1340 2448 1399 torte
2476 1341 2641 1406 Deus.
2679 1350 2735 1399 et
2768 1344 2870 1399 boc
2910 1342 3134 1415 lignum.
3189 1344 3333 1402 Dicit

1748 1434 1893 1490 enim
1923 1433 2066 1505 apud
2090 1447 2186 1490 se:
2215 1433 2383 1490 Putas
2422 1446 2573 1488 mare
2596 1430 2739 1487 Deus
2781 1441 2863 1488 est
2888 1431 2913 1485 ἲ
2939 1444 3101 1503 putas
3136 1441 3280 1488 terra
3303 1433 3331 1488 ἲ

1748 1536 1907 1594 putas
1926 1541 2021 1581 aer
2043 1525 2068 1581 l
2093 1523 2249 1583 Unde
2276 1533 2333 1581 et
2358 1534 2629 1581 creaturae
2665 1523 3057 1582 transtulerunt
3085 1524 3328 1592 nomina.

1749 1627 1807 1672 ut
1839 1633 1944 1672 uon
1991 1617 2080 1674 bis
2111 1632 2233 1689 quae
2275 1617 2331 1673 in
2378 1618 2771 1674 consuetudine
2809 1627 2939 1674 sunt
2977 1617 3328 1689 appellantes,

1751 1707 1843 1761 sed
1894 1720 1957 1761 ea
2002 1721 2125 1775 quae
2167 1704 2424 1762 colebant
2471 1706 2836 1772 nominantes,
2877 1707 3330 1764 convincet-entur

333 1798 615 1855 audientes
640 1814 781 1854 nuuc
807 1799 937 1855 istos
966 1813 1266 1867 sermones,
1290 1815 1414 1856 cum
1440 1816 1646 1857 sermo·
1680 1790 1721 1845 Β
1747 1798 1872 1866 quin
1894 1799 2003 1853 vim
2033 1798 2310 1856 faciebant
2333 1798 2590 1870 opificiis.
2639 1799 2742 1868 Qut
2767 1809 2949 1856 autent
2981 1799 3137 1857 vaide
3166 1813 3330 1873 puts-

319 1890 507 1944 sccensi
544 1888 671 1944 illud
705 1889 923 1959 quidem
972 1889 1114 1959 quod
1165 1899 1323 1946 erant
1385 1892 1651 1961 deposue-

319 1979 398 2036 1od
431 1990 611 2036 autem
641 1994 748 2037 non
782 1990 937 2035 erant
967 1979 1146 2036 effecti
1168 1988 1467 2037 noscuntur
1491 1997 1507 2036 ε
1535 1982 1649 2039 sic-

319 2084 397 2124 tm
427 2068 697 2141 quoddam
721 2069 774 2125 iu
804 2070 925 2140 igne
955 2068 1216 2138 sucatum,
1247 2081 1405 2142 negat
1428 2072 1647 2141 quidem

345 2171 505 2233 negat
527 2160 708 2217 album
735 2161 994 2225 colorem.
1013 2171 1069 2216 et
1097 2171 1239 2217 totus
1261 2161 1488 2218 efficitur
1509 2162 1649 2234 ignis

319 2268 344 2309 e
371 2261 427 2312 et
451 2254 732 2321 incendio;
780 2254 852 2309 ita
884 2252 1022 2309 sorte
1050 2254 1266 2324 quidam
1304 2252 1416 2326 (57)
1442 2269 1650 2311 sermo·

319 2348 396 2402 .tis
418 2346 651 2415 accensi,
681 2361 874 2418 corpus
914 2347 1130 2418 quidem
1162 2357 1219 2401 et
1244 2347 1489 2413 corporis
1518 2360 1647 2419 gra·

319 2455 348 2507 t,
391 2447 448 2493 et
489 2439 641 2506 vitiu,
669 2448 726 2494 et
760 2438 1130 2508 promotiones
1168 2436 1475 2493 incidentes
1521 2452 1648 2508 pro·

319 2543 346 2595 ;,
385 2527 483 2598 ipsi
519 2538 700 2584 sutem
723 2529 1064 2584 sermonibus
1103 2526 1223 2582 istis
1245 2526 1526 2583 evolantes
1550 2527 1646 2586 de·

323 2633 422 2674 nos
451 2618 779 2690 respiciunt;
814 2618 859 2674 si
887 2628 1064 2674 tamen
1093 2617 1202 2674 illic
1229 2616 1408 2675 effecti
1435 2619 1649 2690 patimi-

319 2710 480 2767 »ieere
512 2709 658 2777 istic,
691 2719 747 2766 et
781 2724 889 2765 non
927 2710 1023 2764 toti
1056 2709 1168 2765 illic
1209 2709 1491 2767 constituti
1524 2724 1648 2781 po·

319 2820 324 2831 ·
360 2802 486 2871 quia
521 2801 597 2857 ita
624 2803 778 2856 tarde
807 2811 863 2858 et
895 2816 1003 2858 non
1029 2808 1156 2858 ante
1183 2800 1308 2858 boc.
1352 2800 1517 2859 Forte
1547 2817 1649 2858 su-

320 2893 591 2964 poeniteri
622 2893 728 2950 illis
757 2892 870 2962 iam
896 2902 1072 2958 vacat,
1104 2892 1198 2963 qui
1234 2894 1487 2958 its-latis
1528 2905 1652 2964 qua

326 2984 532 3042 tractis
552 2994 874 3052 noscuntur,
900 2998 1008 3041 non
1034 2986 1115 3042 eis
1135 2991 1222 3043 est
1250 2986 1420 3042 otium
1450 2983 1507 3042 in
1534 2999 1651 3043 tne-

358 3077 604 3149 redigere
653 3091 743 3143 ea,
791 3091 824 3134 a
875 3078 1073 3148 quibus
1109 3075 1321 3135 liberati
1372 3078 1647 3134 videntur.

319 3169 387 3226 »di
425 3170 568 3224 enim
622 3169 870 3227 homines
914 3169 1025 3227 illic
1058 3184 1164 3226 non
1220 3177 1350 3225 sunt
1381 3169 1649 3226 homines.

318 3268 364 3315 tt
394 3259 609 3317 domum
655 3261 870 3331 plenam
919 3260 1271 3334 thymiamate
1307 3261 1558 3334 ingressi,
1594 3273 1653 3320 es

319 3352 508 3408 isimus
530 3352 672 3423 quod
706 3366 914 3419 sumus,
947 3352 1302 3409 nihilominus
1354 3363 1535 3408 tamen
1565 3367 1651 3409 re·

319 3458 354 3510 t,
402 3453 466 3499 ut
518 3444 810 3517 thymiama
846 3444 975 3501 iacti
1009 3461 1025 3500 ε
1058 3445 1131 3499 its
1169 3452 1225 3502 et
1263 3443 1358 3516 qui
1387 3443 1499 3500 illic
1535 3443 1650 3514 jam

320 3543 379 3589 nt
425 3536 666 3602 accensi,
710 3536 878 3594 veluti
928 3552 960 3592 a
1012 3545 1204 3592 natura
1233 3535 1651 3607 egresstzqnod

319 3626 535 3697 sapiunt,
559 3624 735 3682 effecti
763 3635 892 3684 sunt
913 3626 1024 3682 illie
1048 3626 1246 3698 angeli.
1270 3624 1481 3694 Quibus
1504 3626 1650 3682 euim

319 3729 395 3773 1us
418 3734 482 3773 ex
516 3717 827 3774 imitatione
861 3730 1046 3788 aeqnus
1070 3716 1276 3787 angelis
1304 3715 1535 3772 babetur
1559 3724 1653 3771 aut

340 3807 457 3863 istis
490 3824 596 3863 non
648 3808 899 3879 probibet
935 3818 1131 3864 nsturn
1164 3808 1650 3864 conversationem.

327 3914 374 3954 m
401 3899 469 3956 de
491 3916 655 3957 eausa
680 3902 928 3957 carnales
959 3916 1057 3957 nos
1100 3910 1259 3958 vocat
1286 3900 1506 3966 Paulos,
1542 3914 1652 3957 non

324 4004 350 4045 s
374 4000 590 4047 nostras
628 3992 862 4060 animas,
895 3992 1070 4064 magis
1102 4003 1285 4048 autent
1323 3992 1647 4048 subducens.

319 4082 385 4136 im
421 4094 664 4138 mortuus
705 4082 925 4140 effectus
963 4084 1266 4141 fornicatur
1302 4093 1399 4139 sut
1445 4081 1651 4140 sdulte·

324 4173 398 4228 cit
444 4175 587 4229 enim
642 4174 758 4245 ipse
780 4174 1090 4245 Apostolus.
1135 4173 1489 4230 manifestans
1535 4171 1649 4247 (58)

323 4258 470 4314 aruis
515 4275 635 4330 qum
684 4271 811 4317 sunt
856 4263 1222 4329 walterium,
1275 4261 1560 4319 fortilcatio
1579 4262 1646 4320 ⁸⁶.

319 4362 479 4420 opera
509 4351 611 4407 ista
647 4337 773 4408 sunt
799 4372 813 4409 ε
850 4354 984 4423 quis
1010 4353 1157 4410 euim
1185 4361 1430 4410 mortuus
1457 4353 1542 4411 bis
1563 4353 1649 4410 in·

1675 3122 1722 3185 C

1750 1898 1944 1946 verunt
1992 1903 2054 1945 se
2097 1889 2415 1957 ascendere,
2466 1905 2682 1948 sursum
2742 1893 3120 1961 pervenientes
3154 1908 3330 1964 usque

1750 1982 1819 2036 ad
1871 1979 2076 2047 stellas,
2127 1990 2491 2036 occurrerunt
2537 1979 2677 2036 lunae
2730 1992 2786 2037 et
2841 1983 3094 2037 viderunt
3132 1983 3327 2053 solem,

1751 2071 1889 2127 l'orte
1927 2055 2110 2127 nutem
2153 2081 2209 2128 et
2252 2071 2475 2137 coelum,
2526 2081 2584 2128 et
2638 2083 3059 2142 permanserunt
3101 2075 3229 2141 illic,
3269 2082 3332 2138 et

1749 2164 1895 2233 passi
1933 2171 2059 2219 sunt
2101 2162 2292 2218 vitium
2337 2161 2659 2218 sceleratum
2692 2178 2708 2217 ε
2747 2163 2890 2220 sicut
2921 2165 3015 2233 qui
3049 2163 3116 2218 ad
3146 2178 3328 2236 regem

1750 2256 1987 2319 festinat.
2019 2254 2086 2310 ad
2126 2253 2274 2326 regia
2308 2253 2498 2326 palatii
2535 2254 2822 2319 accedens,
2859 2269 3051 2327 magna
3092 2265 3149 2314 et
3181 2257 3326 2316 clara

1749 2354 1804 2401 et
1831 2345 1943 2416 regi
1974 2344 2134 2417 digna
2163 2345 2503 2416 “inspiciam
2552 2354 2756 2401 etcum
2801 2344 2992 2424 debeat
3033 2344 3208 2416 magis
3234 2347 3330 2404 ds·

1749 2435 2003 2494 siderium
2030 2451 2186 2492 suurn
2209 2436 2278 2490 ad
2306 2450 2428 2490 eum
2461 2434 2552 2506 qui
2586 2435 2848 2507 quaeritur
2875 2435 3179 2508 propalare,
3210 2446 3327 2493 stu·

1749 2541 1884 2598 pens
1910 2527 2094 2583 valvas
2141 2528 2339 2597 regias.
2386 2537 2444 2584 et
2488 2538 2686 2599 putans
2742 2525 2879 2584 nibil
2926 2527 3157 2600 emplius
3204 2543 3328 2588 esse

1751 2634 1932 2692 regem
1987 2635 2018 2674 a
2067 2618 2202 2685 suis,
2247 2618 2483 2676 resideat
2517 2621 2586 2675 ad
2611 2634 2676 2676 ea
2705 2635 2826 2690 quoe
2853 2620 3029 2691 prima
3070 2634 3327 2679 occurre-

1751 2719 1898 2777 rant.
1931 2709 2403 2792 fraudata-*regis
2451 2710 2662 2774 visione
2699 2720 2756 2770 et
2795 2721 3012 2770 natura.
3063 2711 3171 2770 Sed
3214 2727 3320 2772 nos

1749 2817 1857 2858 non
1891 2802 2336 2869 retineatnerra,
2362 2816 2472 2859 non
2497 2802 2759 2876 pralocet
2783 2817 2970 2870 mare;
3002 2818 3109 2861 non
3145 2802 3322 2862 offen-

1750 2895 1945 2951 damus
1975 2893 2032 2950 ln
2055 2891 2248 2958 stellis.
2279 2908 2386 2950 non
2415 2894 2838 2952 obtenebremur
2879 2909 2912 2952 a
2949 2894 3101 2961 luna,
3147 2909 3324 2967 neque

1750 2997 1852 3042 nos
1881 2983 2138 3058 caliginet
2183 2983 2306 3053 sol;
2355 3000 2464 3042 nnn
2505 2985 2745 3042 detineat
2783 2985 2979 3043 coslum
3010 3004 3024 3043 ε
3063 2987 3324 3050 Dominus

1749 3076 1895 3132 enim
1922 3085 1977 3133 et
2001 3074 2186 3149 opifex
2219 3085 2278 3133 et
2302 3086 2520 3134 creator
2550 3079 2792 3134 omnium
2818 3091 3005 3134 eorum
3027 3094 3148 3150 qua
3173 3081 3319 3142 dicta

1750 3174 1878 3223 sunt
1907 3177 1964 3224 et
1995 3182 2104 3223 non
2151 3176 2279 3224 sunt
2306 3166 2448 3223 diets
2472 3206 2488 3234 ‚
2530 3177 2617 3223 est
2658 3166 2747 3223 ille
2781 3168 2875 3238 qui
2912 3170 3193 3238 quaeritur.
3237 3171 3321 3227 Ad

1749 3255 1919 3314 Deum
1954 3258 2135 3329 igitur,
2190 3273 2226 3316 o
2274 3258 2460 3325 bomo,
2508 3258 2575 3314 ad
2620 3259 2785 3316 Deum
2825 3260 3023 3316 borum
3077 3261 3320 3322 omniunt

1751 3362 1873 3419 quae
1900 3349 2038 3406 bona
2064 3359 2118 3405 et
2152 3348 2301 3406 clara
2335 3364 2485 3409 sunt.
2520 3349 2665 3407 Nihil
2700 3351 2951 3410 miserius
2970 3362 3057 3409 est
3075 3368 3236 3425 quant
3259 3362 3323 3414 ut

1750 3440 1874 3511 quis
1911 3441 1964 3496 in
1997 3441 2198 3497 lumine
2235 3441 2474 3500 offendat
2504 3460 2523 3501 a
2555 3443 2649 3502 sed
2683 3459 2950 3502 coecorum
2988 3446 3091 3502 boc
3129 3446 3320 3504 vitium

1749 3542 1854 3588 est.
1882 3531 1996 3589 Non
2017 3534 2434 3592 obtenebremur
2450 3549 2481 3591 a
2500 3534 2646 3593 sole:
2675 3537 2826 3593 vides
2843 3552 2964 3593 eum
2980 3536 3247 3595 orientem
3267 3548 3324 3598 et

1753 3625 2115 3692 occidentem,
2154 3636 2213 3683 et
2238 3627 2521 3684 cedentem
2550 3629 2838 3685 mensuris.
2869 3628 2974 3686 Sed
3005 3629 3119 3702 ipse
3144 3643 3324 3700 preco

1749 3725 1837 3772 est
1878 3718 1947 3772 ab
1979 3718 2190 3776 oriente
2233 3733 2403 3789 usque
2453 3717 2521 3774 ad
2560 3733 2839 3788 occasum,
2894 3720 3151 3792 praedtcat
3196 3735 3323 3778 eum

1750 3805 1842 3876 qui
1869 3820 1931 3862 se
1954 3805 2083 3864 l'ecit
2107 3817 2161 3862 et
2185 3809 2340 3875 dicit,
2366 3810 2412 3866 si
2446 3819 2624 3867 tumen
2659 3819 2716 3866 tu
2738 3811 2918 3878 sudis.
2949 3813 3121 3883 magis
3141 3821 3323 3870 autem

1749 3898 1794 3954 si
1825 3896 2015 3954 vides:
2043 3897 2161 3956 Non
2189 3914 2308 3956 sum
2339 3915 2440 3973 ego
2468 3900 2631 3966 Deus,
2659 3902 2754 3959 sed
2786 3903 2876 3960 ille
2919 3900 3073 3972 eujus
3119 3918 3237 3959 snm
3266 3911 3322 3962 et

1748 3999 1851 4057 ego
1877 3988 2174 4059 opificium.
2217 3988 2300 4045 hie
2327 3991 2499 4059 vides,
2531 3991 2621 4048 ille
2651 3991 2938 4048 invisibilis
2966 4003 3067 4049 est.
3099 3989 3328 4052 Visibus

1750 4080 1818 4134 ad
1866 4077 2140 4138 invisibile
2183 4082 2454 4137 contraria
2484 4091 2571 4139 est
2600 4092 2838 4139 natura:
2873 4099 2995 4137 unm
3042 4083 3149 4140 etsi
3200 4097 3323 4140 sum

1749 4171 1934 4228 clarus
1963 4173 2105 4229 sicut
2124 4188 2267 4240 sum,
2303 4174 2396 4231 sed
2425 4173 2603 4230 clarus
2631 4179 2722 4244 qul
2752 4174 2939 4232 videor
2969 4189 2987 4229 ι
3022 4174 3112 4231 ille
3139 4185 3323 4232 antem

1750 4263 2120 4320 invisibilitate
2150 4266 2488 4321 transcendit
2509 4263 2811 4337 fulgoribus
2841 4265 3045 4322 omnia.
3084 4264 3203 4321 Non
3236 4279 3327 4326 nte

1750 4355 2027 4411 honorans
2056 4354 2397 4412 dehonestes.
2444 4353 2560 4411 Non
2586 4370 2707 4411 snm
2739 4356 2985 4424 ingratus
3014 4355 3081 4410 ad
3120 4354 3320 4412 Condi·

335 4439 361 4496 ἲ
389 4440 514 4498 liaee
534 4457 664 4514 ergo
687 4445 932 4501 virentes
959 4444 1159 4500 animis
1180 4458 1302 4502 cnm
1325 4445 1646 4515 corporibus
1676 4455 1721 4512 1)
1752 4454 1923 4501 torem
1948 4462 1963 4500 ε
2003 4440 2273 4500 sufficiunt
2303 4445 2434 4501 mibi
2481 4444 2747 4502 beneficia
2777 4461 2896 4516 quae
2944 4445 3129 4516 accepi
3159 4462 3177 4502 t
3211 4443 3322 4502 noll

319 4531 472 4589 :lives
515 4532 775 4591 fuerimus
802 4536 869 4591 ad
900 4549 1115 4600 carnes.
1139 4549 1271 4593 earo
1300 4544 1509 4594 tantum
1544 4550 1642 4596 vo·

338 4638 464 4681 cnm
492 4634 675 4682 autem
706 4626 1135 4697 promoverimus
1154 4628 1221 4683 ad
1246 4628 1508 4694 animam.
1529 4628 1646 4685 ani-

319 4731 424 4772 no
448 4716 678 4773 dicimur
713 4735 729 4773 z
764 4732 887 4773 eum
920 4728 1103 4774 sutem
1153 4718 1647 4777 transcenderimus

319 4822 356 4874 ι,
388 4808 649 4880 spiritalis
677 4810 840 4866 bomo
871 4811 1223 4881 appellamur.
1294 4810 1362 4866 Et
1396 4824 1505 4866 non
1532 4810 1646 4879 jam

319 4900 467 4955 nalis
492 4909 715 4957 vocstns
736 4910 840 4963 est.
872 4900 1156 4959 [nudatus
1188 4910 1269 4958 est
1295 4900 1475 4956 anima
1510 4915 1525 4957 ε
1563 4912 1651 4954 ne-

319 5004 336 5045 t
363 4990 614 5048 muniis
630 4992 813 5050 dietus
831 5002 937 5060 est,
962 4994 1074 5064 jam
1099 5008 1202 5050 nun
1228 4991 1394 5048 babet
1412 5002 1646 5061 corpus;

319 5096 351 5138 s
377 5091 432 5138 et
463 5084 696 5154 spiritaii
739 5084 947 5141 bertini
972 5095 1030 5143 et
1053 5099 1249 5156 corpus
1290 5085 1435 5140 inest
1460 5093 1518 5138 ut
1550 5082 1649 5138 bo-

342 5171 518 5226 snitna
552 5182 611 5227 nt
635 5173 852 5232 animm.
894 5174 951 5232 Si
980 5183 1159 5230 autem
1188 5182 1250 5231 et
1290 5171 1417 5228 istie
1444 5169 1650 5227 consti·

320 5257 459 5318 ‹la-r
470 5260 687 5331 quidum
711 5277 842 5317 caro
871 5272 1077 5318 tantum
1100 5276 1313 5329 sumus,
1340 5260 1470 5334 quis
1492 5259 1650 5318 decli-

319 5366 411 5406 uns
437 5351 507 5407 ad
537 5361 774 5419 terram3
806 5353 899 5409 alii
935 5354 1120 5409 anima
1145 5361 1378 5420 tantum,
1408 5352 1535 5424 quia
1566 5352 1649 5410 ln-

319 5456 499 5514 unque
561 5450 811 5511 stantun
874 5443 967 5501 ulii
1029 5443 1301 5516 spiritales
1363 5456 1621 5500 vocamur

320 5559 344 5609 ¹.
383 5571 434 5622 v,
472 5557 527 5613 9.

319 5673 543 5736 Quidem.
575 5674 756 5739 Forte,
796 5676 1030 5746 quidam.

319 5741 395 5797 ds.
434 5742 712 5816 ‚Manifesta
752 5758 871 5801 sunt
909 5761 1084 5817 opero.

1749 4534 1950 4590 addere
1980 4534 2124 4604 qnod
2174 4551 2281 4591 non
2328 4535 2591 4608 suscipio.
2641 4535 2903 4593 creatura
2950 4551 3099 4602 sum,
3129 4545 3182 4592 et
3213 4549 3323 4592 non

1749 4622 2018 4691 Creator;
2068 4623 2341 4694 opificium
2384 4637 2441 4681 et
2467 4641 2574 4683 non
2600 4625 2820 4698 upilex;
2874 4625 3051 4684 lactus
3091 4640 3235 4693 sum,
3266 4633 3323 4682 et

1750 4729 1858 4772 nott
1889 4718 1938 4772 is
1966 4718 2057 4785 qui
2089 4716 2255 4783 feeit;
2291 4717 2451 4774 istinc
2484 4732 2608 4774 sum
2627 4718 2787 4786 celo,
2821 4728 2877 4775 et
2905 4717 3031 4776 iude
3055 4716 3226 4774 oculis
3248 4716 3322 4774 vi·

1751 4807 1924 4863 deor:
1954 4807 2045 4864 ille
2093 4808 2378 4865 invisibilis
2423 4817 2527 4865 est.
2566 4809 2678 4881 Ego
2710 4810 2764 4868 ln
2812 4808 2934 4866 loeo
2969 4806 3323 4868 contin-matus

1752 4914 1872 4955 eum
1901 4918 1919 4956 a
1948 4900 2037 4958 ille
2061 4899 2198 4958 liber
2228 4903 2298 4958 ab
2320 4901 2471 4957 omni
2500 4911 2590 4958 est
2616 4902 2753 4958 loco.
2778 4901 2892 4974 Ego
2913 4902 3178 4974 parietem
3197 4899 3320 4960 coli

1752 4997 1911 5048 teneo
1960 4992 2013 5047 in
2051 5008 2157 5063 qua
2210 5008 2331 5048 sum
2373 5002 2431 5049 et
2476 4992 2689 5065 positus
2718 5009 2734 5047 t
2767 4993 2859 5050 itte
2903 5001 3089 5049 autem
3136 4990 3321 5064 implet

1752 5081 1957 5139 emnia.
2003 5081 2115 5154 Ego
2145 5099 2213 5141 ex
2239 5083 2358 5141 loen
2387 5084 2457 5141 ad
2486 5085 2666 5141 locum
2695 5086 2938 5146 secedet
2981 5083 3071 5141 ille
3100 5092 3155 5138 et
3187 5081 3319 5142 mnu

1751 5171 2025 5241 separavit
2050 5172 2247 5230 heum.
2283 5171 2417 5231 Vide
2436 5188 2548 5244 me,
2574 5184 2629 5231 et
2652 5174 2761 5231 noli
2787 5186 3175 5232 connumerare
3201 5186 3322 5244 qun

1753 5275 1864 5318 non
1885 5274 2371 5320 connumerantur.
2406 5264 2699 5324 lnvisibilis
2725 5272 2780 5322 et
2802 5263 3033 5322 visibilis
3052 5262 3322 5334 quomode

1752 5366 2216 5413 connumerantur
2238 5358 2264 5412 ‘l
2296 5359 2398 5427 Qui
2426 5360 2481 5414 iu
2511 5359 2617 5416 loci
2653 5357 2793 5431 (59).
2834 5363 2890 5413 et
2930 5358 3019 5427 qui
3056 5354 3171 5410 sine
3200 5351 3321 5410 loeo

1751 5460 1913 5517 quam
1949 5448 2150 5505 babent
2177 5451 2614 5507 communionem
2659 5449 2905 5507 natura?
2943 5447 3056 5520 Ego
3092 5445 3238 5506 orior
3253 5452 3321 5534 ‘ot

1824 5674 1937 5747 (59)
1976 5673 2488 5762 ίοείχῐοτιοηὶοεο
2525 5671 2607 5732 vsi
2638 5672 2788 5729 loeis.
