3692 6134
380 369 475 425 5¹1
1048 364 1320 423 EUSEBn
1357 365 1835 425 cAEsAmENSts
1870 363 2021 423 OPP.
2061 360 2243 417 PARS
2278 359 2369 417 111.
2406 388 2479 401 -
2509 353 2920 415 Exco-mles.
3537 353 3652 414 3¹2·

378 495 434 542 et
463 483 887 556 contempsistis,
906 492 959 539 et
979 483 1186 541 lecistis
1214 484 1408 541 malum
1426 486 1478 541 in
1493 497 1783 557 conspectu
1805 500 1946 551 meo,
1979 488 2021 545 Α
2051 478 2684 552 κούσατε(42)·ὲλάλησα
2697 478 2792 533 καὶ
2811 473 3645 549 παρηκούσατε,κα”ιὲποιήσαττ

379 589 434 636 et
457 594 578 651 quae
620 577 869 634 nolebam
901 576 1163 649 elegistis.
1203 596 1222 629 ι
1259 578 1524 645 Quoniam
1566 595 1666 649 ego
1702 579 1818 649 ipse
1855 579 1946 647 qui
2047 572 2109 626 τὸ
2158 573 2394 645 πονηρὸν
2422 574 2663 629 ἐναντίον
2692 570 2853 642 ἐμοῦ,
2891 569 2987 623 καὶ
3016 568 3053 623 ἃ
3080 569 3181 623 οὑκ
3223 569 3532 643 ὲὸουλόμην
3557 573 3634 640 ὲξ-

376 687 473 728 vos
508 671 796 742 praesentia
836 684 954 725 mea
999 669 1190 739 dignos
1234 670 1435 737 habui,
1486 685 1585 725 vos
1616 669 1826 740 priores
1856 682 1950 738 per
2050 662 2324 729 ελέξασθε.
2355 683 2374 716 ι
2394 664 2609 738 Ἐπειδὴ
2624 664 2785 727 αὑτὸς
2807 661 2917 731 ἐγὼ
2943 662 3043 732 τῆς
3075 662 3315 731 ἐμαυτοῦ
3338 665 3635 735 παρουσίας

379 764 760 834 memetipsum
802 762 1013 828 vocavi,
1063 777 1161 818 vos
1202 771 1383 818 autem
1429 777 1538 817 non
1578 761 1897 819 obedivistis
1931 777 1946 813 :
2050 755 2399 825 καταξιώσας
2432 757 2579 820 ὑμᾶς
2616 755 2812 820 αὑτοὺς
2833 752 3082 826 πρώτους
3112 755 3259 825 ὑμᾶς
3298 754 3367 809 δι’
3402 757 3635 828 ὲμαυτο·

377 874 542 927 quam
573 857 704 911 item
729 855 1169 912 criminationem
1206 855 1358 925 prius
1386 851 1680 909 efferebam
1716 852 1801 908 bis
1829 867 1953 906 ver·
2050 848 2317 921 κέκληκα·
2355 849 2514 920 ὑμεῖς
2546 848 2603 902 δὲ
2626 848 2725 919 οὑχ
2747 845 3129 908 ὑπηκούσατε·
3159 847 3242 900 ὅτι
3267 847 3365 900 καὶ
3396 848 3504 920 πρὸ
3526 850 3620 903 τού

377 949 483 1017 bis,
516 968 535 1002 ι
579 949 715 1018 Quia
744 949 890 1015 veni.
918 958 976 1005 et
1012 964 1120 1004 non
1143 956 1261 1004 erat
1290 948 1449 1003 bomo
1468 964 1485 1014 ;
1507 946 1721 1020 rocavi,
1761 954 1818 1001 et
1844 960 1950 1001 non
2051 959 2147 997 του
2173 942 2425 1015 ᾐτιώμην
2458 942 2651 1011 λέγων·
2686 961 2704 993 ι
2729 940 2873 994 Διότι
2901 934 3087 1010 ἦλθον,
3117 940 3214 994 καὶ
3235 936 3419 1013 οὑκῆν
3440 941 3635 1013 άνθρω

376 1050 498 1098 erat
526 1042 618 1114 qui
662 1041 897 1098 audiret.
928 1060 947 1093 ι
978 1040 1216 1097 Rursum
1245 1038 1301 1096 in
1332 1039 1589 1111 populum
1625 1038 1762 1094 tales
1784 1051 1952 1093 accu-
2053 1052 2180 1101 πος·
2213 1035 2471 1102 ἐκάλεσα,
2502 1034 2599 1089 καὶ
2619 1034 2719 1087 οὐκ
2739 1027 2807 1104 ἦν
2838 1034 2867 1086 ὀ
2894 1031 3210 1087 ὑπακούων.
3251 1053 3270 1087 ι
3309 1034 3481 1090 Πάλιν
3511 1035 3642 1106 πρὸς

375 1132 618 1188 sationes
660 1132 916 1200 instituit,
951 1130 1152 1186 docens
1185 1144 1283 1195 se,
1323 1137 1508 1200 utpote
1535 1126 1730 1191 Deum,
1761 1125 1857 1196 qul
1885 1125 1955 1181 ad
2052 1123 2147 1179 τὸν
2184 1124 2314 1180 λαὸν
2354 1124 2452 1190 τὰς
2488 1122 2858 1196 προκειμένας
2891 1124 3130 1176 ποιεῖται
3167 1123 3526 1196 κατηγορίας,
3562 1123 3625 1176 δι-

369 1223 597 1292 iustitiae
621 1224 874 1279 trutinam
900 1222 1081 1279 omnia
1127 1220 1316 1288 faciat,
1351 1232 1629 1289 nunquam
1676 1216 1956 1289 neglectu·
2053 1216 2292 1281 δάσκων,
2344 1216 2420 1281 ώς
2463 1213 2810 1286 δικαιοσύνης
2854 1212 3006 1285 ζυγῷ
3034 1214 3215 1270 πάντα
3243 1214 3517 1285 πράττων,
3562 1215 3635 1279 ώς

377 1331 499 1373 rum
530 1331 626 1372 eos
662 1330 807 1382 esse,
845 1315 938 1386 qui
969 1313 1072 1371 sibi
1103 1312 1299 1385 quovis
1327 1311 1383 1367 in
1424 1310 1546 1367 loco
1593 1308 1859 1376 serviant,
1887 1323 1956 1364 ex
2055 1304 2209 1369 Θεὸς,
2227 1304 2477 1377 οὐδαμῶς
2508 1303 2606 1376 μὲν
2629 1302 2939 1376 παρόψεται
2963 1304 3095 1367 τοὺς
3112 1303 3234 1357 ὅποι
3255 1303 3453 1374 δήποτε
3483 1304 3632 1375 αὐτῷ

374 1425 706 1483 quacunque
747 1418 908 1482 gente
954 1408 1181 1466 fuerint.
1219 1405 1423 1464 Omnes
1456 1404 1693 1477 quippe,
1723 1403 1817 1475 qui
1851 1402 1954 1459 sibi
2054 1396 2431 1461 δουλεύοντας,
2474 1395 2534 1462 ἐξ
2572 1396 2685 1450 οἵου
2718 1395 2765 1450 δ’
2793 1394 2862 1449 ἂν
2894 1392 3084 1461 έθνους
3111 1390 3236 1450 εἶεν.
3269 1396 3485 1460 Πάντας
3520 1396 3629 1469 γάρ

377 1502 590 1558 servire
629 1509 963 1573 proponunt,
997 1498 1172 1557 salute
1199 1498 1386 1554 donat.
1417 1495 1571 1568 ipsos
1595 1495 1766 1568 igitur
1801 1495 1957 1551 exci-
2059 1489 2245 1555 ἁπλῶς
2271 1487 2524 1555 διασώζει
2546 1491 2675 1554 τοὺς
2715 1486 2987 1542 δουλεύειν
3021 1488 3162 1561 αὐτῷ
3189 1489 3623 1563 προῃρημένους.

377 1596 520 1665 piet,
549 1611 615 1651 ac
647 1595 716 1651 iis
753 1593 1033 1651 coelestem
1072 1592 1252 1650 cibum
1286 1589 1678 1666 suppeditabit,
1716 1589 1959 1647 salutare
2057 1580 2430 1655 Παραδέξεταῑ
2458 1576 2574 1645 θῦν,
2611 1582 2708 1636 καὶ
2750 1580 2965 1646 τούτοις
2993 1580 3213 1655 παρέξει
3254 1581 3352 1655 τὴν
3390 1584 3617 1655 ἐπουρά-

378 1701 577 1755 nempc
606 1685 868 1751 Verbum,
903 1682 1048 1756 quod
1070 1682 1170 1751 ait,
1198 1699 1219 1735 ι
1259 1681 1375 1752 Ego
1401 1694 1520 1738 sum
1555 1679 1733 1750 paniS,
1764 1680 1855 1749 qui
1889 1679 1958 1735 de
2057 1693 2170 1731 νιον
2201 1676 2431 1748 τροφὴν,
2465 1674 2557 1729 τὸν
2581 1675 2756 1743 Λόγον
2789 1674 2886 1729 τὸν
2927 1676 3189 1748 σωτήριον
3216 1675 3306 1730 τὸν
3338 1677 3629 1749 εἰρηκότα·

378 1777 521 1836 coelo
549 1778 805 1835 descendi
829 1777 897 1832 ¹⁸.
928 1796 949 1831 ι
983 1775 1052 1831 Et
1103 1774 1163 1832 bi
1214 1774 1431 1848 quidem
1484 1780 1788 1827 memorato
1817 1787 1958 1842 pane
2064 1791 2083 1825 ι
2127 1770 2269 1844 Ἐγώ
2309 1774 2425 1844 εἰμι
2467 1772 2496 1824 ὀ
2537 1770 2703 1843 ἄρτος
2746 1772 2775 1825 ὁ
2818 1771 2883 1825 ὲκ
2919 1769 3013 1825 τοῦ
3042 1771 3270 1844 οὐρανοῦ
3297 1772 3563 1836 καταδάς.
3610 1793 3630 1825 ι

377 1870 692 1927 nutrientur
718 1878 774 1927 et
796 1867 1222 1932 saturabuntnr;
1255 1880 1354 1921 vos
1385 1873 1592 1928 autem,
1639 1862 1837 1934 inquit,
1865 1864 1958 1933 qui
2058 1852 2219 1915 Οὗτοι
2264 1861 2363 1933 μὲν
2408 1855 2501 1916 οῦν
2545 1860 2622 1933 τῷ
2667 1859 2909 1932 λεχθέντι
2942 1862 3094 1935 ἄρτῳ
3134 1863 3499 1935 τραφήσονται
3539 1864 3639 1917 καὶ

375 1963 611 2035 gratiam
637 1977 810 2018 meam
839 1976 947 2017 non
974 1957 1315 2029 suscepistis,
1354 1954 1698 2011 rationabilis
1723 1954 1830 2012 cibi
1858 1970 1958 2027 pe·
2056 1952 2550 2028 ὲμπλησθὴσονται·
2571 1954 2728 2026 ὑμεῖς
2746 1953 2823 2018 δὲ,
2842 1955 2995 2024 φησὶ,
3011 1955 3063 2008 oi
3088 1953 3163 2025 μὴ
3176 1953 3275 2027 τὴν
3290 1955 3425 2026 ἐμὴν
3444 1955 3641 2008 ὑποδε-

375 2053 537 2111 nuria
559 2053 815 2110 esurietis
840 2069 857 2108 ε
886 2051 1126 2122 itemque
1153 2048 1244 2121 qui
1271 2048 1403 2104 mibi
1443 2046 1690 2103 serviunt
1729 2046 1959 2103 immor·
2057 2044 2285 2119 ξάμενοι
2310 2046 2493 2121 χάριν,
2521 2047 2700 2120 ἐνδείᾳ
2731 2046 2957 2119 λογικῆς
2978 2048 3188 2120 τροφῆς
3208 2046 3470 2119 λιμώξετε
3487 2063 3504 2079 ·
3542 2047 3644 2102 καὶΙ

375 2146 504 2202 talis
559 2144 687 2202 vitae
738 2153 867 2216 potu
914 2141 1295 2215 replebuntur,
1345 2139 1414 2196 de
1455 2154 1565 2211 quo
1608 2138 1816 2196 dictum
1846 2147 1954 2206 est,

379 2256 401 2292 ι
442 2237 763 2309 Quicunque
798 2235 1001 2293 biberit
1033 2251 1103 2292 ex
1141 2249 1282 2304 aqua
1325 2248 1490 2305 quam
1530 2246 1632 2301 ego
1673 2232 1813 2289 dabo
1862 2233 1912 2289 ei
1936 2273 1951 2298 ,

373 2328 472 2388 fiet
503 2331 560 2387 in
583 2344 650 2388 eo
674 2329 796 2386 fons
821 2344 976 2402 aquae
998 2328 1250 2386 salientis
1275 2327 1332 2383 in
1357 2326 1523 2382 vitam
1549 2326 1895 2382 aeternam”.
1930 2347 1949 2379 ο

360 2489 369 2522 ³
443 2509 612 2568 Vm.
645 2510 831 2568 15-15.
855 2531 874 2561 ι
905 2510 1201 2582 Propterea
1217 2508 1335 2565 baec
1357 2507 1491 2565 dicit
1516 2507 1799 2575 Dominus,
1815 2507 1957 2564 Ecce

373 2600 468 2676 qui
497 2601 742 2660 serviunt
767 2601 902 2657 mibi
946 2601 1268 2669 comedam
1297 2615 1397 2656 vos
1439 2610 1620 2658 autem
1647 2601 1904 2659 esurietis
1936 2616 1950 2653 ε

373 2711 504 2754 ecoe
518 2698 612 2769 qui
626 2696 872 2754 serviunt
889 2696 1024 2752 mibi
1037 2694 1251 2764 bibent,
1262 2710 1361 2754 vos
1376 2704 1557 2752 autem
1575 2695 1777 2753 sitietis
1795 2712 1811 2750 ι
1826 2707 1955 2751 ecce

374 2791 471 2863 qni
510 2789 762 2847 serviunt
789 2788 921 2845 mibi
957 2787 1306 2856 laetabuntur,
1326 2797 1621 2844 vosautem
1654 2785 1955 2844 confundo-

375 2882 512 2939 mini
544 2898 561 2938 =
598 2896 729 2940 ecce
749 2882 842 2953 qui
870 2880 1114 2939 serviunt
1134 2879 1267 2937 mibi
1291 2880 1643 2938 exsultabunt
1664 2880 1719 2936 in
1746 2878 1951 2945 laetitia,

375 2988 475 3030 vos
495 2982 678 3029 autem
700 2972 1005 3030 clamabitis
1030 2983 1254 3044 propter
1284 2970 1525 3029 dolorem
1553 2972 1738 3029 cordis
1761 2970 1949 3040 vestri,

374 3074 474 3122 eta
494 3066 824 3122 contritione
849 3066 1073 3138 spiritus
1094 3064 1265 3121 vestri
1295 3064 1590 3123 ululabitis.
1612 3065 1952 3138 Relinquetis

2056 2139 2296 2195 πάλινοί
2329 2139 2431 2212 μὲν
2464 2140 2589 2212 ἐμοὶ
2616 2137 2957 2204 δουλεύοντες
2990 2139 3155 2194 πότου
3187 2140 3332 2212 ζωῆς
3363 2139 3639 2194 ἀθανάτου

2056 2232 2495 2307 πλησθήσονται,
2536 2233 2665 2305 περὶ
2706 2224 2767 2287 οὗ
2804 2231 3051 2288 λέλεκται
3074 2249 3089 2263 ·
3128 2250 3150 2285 ι
3189 2233 3287 2297 ‘Oc
3317 2231 3384 2287 ἂν
3432 2232 3536 2304 πίῃ
3580 2234 3644 2287 ὲκ

2054 2326 2149 2381 τοῦ
2181 2326 2394 2392 ῦδατος,
2423 2318 2485 2381 οὖ
2531 2326 2643 2395 ἐγὼ
2674 2326 2830 2381 δώσω
2860 2326 3028 2398 αὐτῷ,
3057 2328 3348 2400 γενήσεται
3385 2329 3443 2381 ὲν
3494 2328 3645 2400 αὐτῷ

2054 2419 2205 2492 πηγὴ
2236 2418 2427 2483 ῦδατος
2455 2417 2745 2491 ἁλλομένου
2768 2420 2848 2480 είς
2877 2417 3021 2492 ζωὴν
3041 2418 3282 2475 αίώνιον.
3305 2437 3324 2471 ι

2129 2528 2148 2562 ι
2203 2509 2303 2564 Διὰ
2346 2509 2504 2565 τοῦτο
2541 2510 2668 2565 τάδε
2713 2510 2861 2581 λέγει
2894 2509 3127 2584 Κύριος·
3170 2511 3304 2567 Ἰδοὺ
3334 2514 3383 2565 ol
3413 2511 3641 2568 δουλεύ-

2051 2602 2202 2668 οντές
2237 2620 2329 2675 μοι
2370 2603 2667 2674 φάγονται,
2699 2604 2856 2677 ὑμεῖς
2878 2604 2934 2659 δὲ
2963 2604 3271 2660 πεινάσετε·
3312 2604 3421 2661 ἰδοῦ
3442 2606 3496 2661 οἱ
3518 2605 3643 2661 δου-

2051 2692 2298 2760 λεύοντὲς
2325 2711 2415 2766 μοι
2446 2694 2682 2761 πίονται,
2717 2697 2875 2768 ὑμεῖς
2912 2697 2968 2752 δὲ
2990 2696 3280 2769 διψήσετε·
3310 2698 3419 2754 ἰδοὺ
3442 2698 3494 2753 οῖ
3515 2698 3641 2755 δου-

2050 2782 2298 2851 λεύοντές
2320 2802 2408 2858 μοι
2428 2786 3085 2861 εὑφρανθήσονται,ὑμεῖς
3108 2787 3167 2843 δὲ
3184 2788 3633 2864 αίσχυνθὴσεσθε·

2053 2874 2164 2930 ἰδοῦ
2202 2877 2250 2930 οἱ
2279 2874 2618 2943 δουλεύοντες
2653 2895 2742 2950 μοι
2770 2879 3188 2948 ἀγαλλιάσονται
3219 2883 3278 2937 ἐν
3298 2882 3634 2957 εὐφροσύνῃ,

2050 2968 2211 3041 ὑμεῖς
2240 2965 2298 3024 δὲ
2320 2967 2652 3044 κεκράξεσθε
2673 2971 2761 3026 διὰ
2786 2984 2877 3027 τον
2908 2973 3069 3028 πόνον
3082 2975 3184 3047 τῆς
3201 2975 3418 3048 καρδίας
3442 2976 3628 3049 ὑμῶν,

2049 3058 2145 3115 καὶ
2173 3059 2284 3115 ἀπὸ
2324 3062 2617 3135 συντριῦῆς
2651 3062 2959 3135 πνεύματος
2988 3065 3142 3137 ὑμῶν
3179 3065 3468 3135 ὀλολύξετε.
3500 3068 3628 3123 Κα-

375 3157 521 3214 euim
556 3173 753 3215 nomen
785 3167 1026 3214 vestrum
1055 3158 1108 3213 tn
1152 3158 1501 3215 saturitatem
1542 3157 1733 3216 electis
1768 3158 1946 3228 mein
1975 3187 2019 3248 c
2049 3149 2335 3223 ταλεῑψετε
2368 3152 2479 3225 γὰρ
2523 3152 2584 3207 τὸ
2625 3152 2797 3227 ὄνομα
2841 3155 2996 3229 ὑμῶν
3036 3157 3118 3220 εἰς
3173 3156 3486 3229 πλησμονὴν
3511 3158 3634 3223 τοῖς

372 3262 471 3303 vos
500 3257 685 3304 autem
738 3248 1034 3305 interficiet
1078 3248 1386 3306 Dominus:
1433 3248 1801 3306 servientibus
1847 3264 1947 3306 au-

373 3345 486 3394 tem
527 3338 661 3394 mibi
696 3339 980 3395 vocabitur
1015 3353 1209 3395 nomen
1252 3356 1473 3397 novum.
1512 3359 1534 3395 ι
1573 3340 1730 3410 Quod
1767 3340 1811 3398 si
1845 3357 1947 3397 cu-

372 3427 523 3484 riose
560 3436 782 3499 agentes
809 3428 1055 3484 ediscere
1083 3428 1316 3499 cupiatis
1354 3429 1578 3502 quinam
1611 3430 1743 3486 milii
1775 3429 1950 3487 servi-

375 3518 482 3575 turi
509 3519 640 3586 siut,
669 3529 724 3577 et
748 3521 890 3591 quod
916 3520 1021 3577 illis
1040 3523 1114 3579 sit
1141 3536 1359 3588 nomen.
1390 3522 1587 3579 scitote
1612 3524 1780 3580 Deum
1814 3539 1950 3581 non-

372 3612 502 3667 dum
528 3612 768 3684 ipsorum
796 3627 991 3669 nomen
1017 3613 1196 3685 palam
1237 3612 1434 3676 efferre
1462 3614 1625 3684 velle,
1657 3618 1753 3673 sed
1781 3615 1834 3671 id
1864 3630 1951 3673 so·

372 3702 650 3760 lnmmodo
697 3704 1032 3775 significare,
1077 3705 1220 3777 quod
1272 3720 1452 3776 neque
1498 3706 1670 3764 lsrael
1715 3708 1947 3765 vocandi

372 3797 503 3861 sint,
583 3810 759 3866 neque
825 3794 992 3854 Jacob
1019 3836 1038 3865 ‚
1091 3812 1266 3866 neque
1325 3795 1495 3854 Judaei
1520 3838 1538 3864 ‚
1583 3813 1762 3872 neque
1841 3799 1950 3855 alio

371 3879 626 3951 quopiam
660 3882 998 3950 abominibus
1058 3895 1189 3941 noto
1232 3885 1514 3943 vocabulo.
1545 3886 1753 3946 Novum
1801 3889 1947 3945 enim

373 3972 644 4041 quoddam
663 3987 729 4029 ac
749 3975 1184 4032 recentissimum
1205 3992 1399 4033 nomen
1430 3979 1773 4053 imponetur;
1801 3979 1952 4038 illud-

371 4074 480 4130 que
503 4059 763 4127 insolens,
793 4077 859 4118 ac
895 4079 1171 4135 nunquam
1212 4063 1348 4120 alias
1377 4065 1646 4133 auditum,
1678 4066 1823 4138 quod
1853 4068 1950 4124 be·

372 4148 655 4207 nedicetur
689 4152 741 4207 in
777 4162 943 4220 terra,
964 4163 1240 4211 accrescet
1264 4155 1413 4227 item,
1435 4168 1491 4214 et
1512 4157 1951 4230 multiplicabitur

368 4255 480 4310 proe
505 4243 652 4300 omni
692 4245 961 4315 corporali
1007 4246 1399 4305 benedictione.
1426 4237 1575 4305 ¹Nam
1609 4250 1654 4307 si
1701 4267 1807 4324 qua
1843 4252 1948 4308 alia

369 4334 630 4405 augendae
656 4336 987 4392 multitudini
1011 4346 1134 4409 apta
1157 4338 1252 4394 Dei
1277 4339 1585 4396 benedictio
1613 4343 1793 4410 suerit,
1809 4344 1951 4400 banc

370 4422 501 4480 item
540 4437 902 4498 consequetur
941 4443 1137 4485 nomen
1167 4429 1339 4486 servis
1374 4431 1510 4488 meis
1544 4432 1945 4503 imponendum.

2049 3242 2330 3310 ἐκλεκτοῖς
2368 3262 2471 3317 μου
2488 3262 2503 3275 ·
2539 3244 2684 3317 ὑμᾶς
2711 3246 2769 3300 δὲ
2810 3246 2991 3302 ἀνελεῖ
3014 3244 3251 3320 Κύριος·
3281 3248 3396 3312 τοῖς
3422 3245 3481 3300 δὲ
3509 3246 3631 3300 δου-

2037 3334 2265 3389 λεύουσί
2287 3352 2377 3407 μοι
2391 3335 2721 3411 κληθήσεται
2737 3340 2908 3412 ὄνομα
2920 3339 3124 3393 καινόν.
3141 3359 3159 3392 ι
3182 3340 3245 3393 Et
3267 3339 3324 3393 δὲ
3342 3356 3499 3411 περιε
3508 3340 3629 3411 ργό-

2047 3444 2205 3501 τερον
2228 3426 2463 3484 ἐθέλοιτε
2488 3430 2680 3503 μαθεῖν
2694 3432 2840 3496 τίνες
2860 3428 2966 3486 εἶεν
2978 3433 3028 3485 οί
3044 3432 3325 3503 μέλλοντες
3336 3432 3629 3498 δουλεύειν,

2048 3520 2145 3576 καὶ
2186 3521 2241 3575 τί
2275 3522 2460 3588 αὐτοῖς
2497 3522 2701 3597 ὄνομα,
2743 3522 3040 3593 γινώσκετε
3062 3564 3077 3590 ,
3114 3525 3197 3578 ὅτι
3231 3522 3389 3579 οὔπω
3420 3525 3521 3597 μὲν
3550 3528 3632 3591 είς

2050 3614 2283 3687 φανερὸν
2306 3613 2543 3687 τοῦνομα
2562 3615 2739 3670 αὑτῶν
2758 3618 2787 3670 ὀ
2818 3616 2950 3679 Θεὸς
2972 3614 3221 3687 βούλεται
3241 3616 3476 3688 ἀγαγεῖν
3499 3636 3513 3649 ·
3541 3636 3631 3673 το-

2053 3705 2242 3761 σοῦτον
2271 3707 2329 3761 δὲ
2351 3706 2512 3780 μόνον
2543 3706 2817 3781 σημαίνει,
2850 3707 2927 3773 ώς
2950 3705 3073 3762 οὔτε
3107 3707 3320 3779 Ἰσραὴλ
3339 3708 3631 3782 κληθήσον-

2050 3816 2176 3866 ται,
2214 3797 2341 3854 οῦτε
2377 3798 2591 3867 Ἰακὼό,
2642 3798 2767 3855 οὔτε
2808 3800 3071 3866 Ἰουδαῖοι,
3117 3798 3239 3854 οὔτε
3267 3798 3413 3866 ὅλως
3438 3819 3492 3855 τι
3517 3799 3628 3855 τῶν

2050 3891 2359 3966 ἀνθρώποις
2385 3892 2859 3964 συνεγνωσμένων.
2890 3894 3091 3949 Καινδν
3116 3892 3225 3967 γάρ
3241 3911 3295 3948 τι
3312 3896 3410 3949 καὶ
3430 3894 3630 3951 νεώτα-

2046 4001 2140 4038 τον
2171 3983 2357 4050 αὑτοῖς
2381 3983 2759 4058 ἐπιτεθήσεται
2803 3984 2994 4059 ὄνομα,
3028 3984 3195 4052 ξένον,
3246 3986 3343 4042 καὶ
3368 3986 3625 4060 μηδεπώ-

2049 4094 2180 4132 ποτε
2207 4078 2492 4145 ὰκουσθὲν,
2518 4078 2548 4133 δ
2566 4078 2987 4152 εὑλογηθήσεται
3023 4078 3115 4133 ἐπὶ
3142 4078 3243 4151 τῆς
3273 4080 3378 4152 γῆς
3402 4079 3623 4146 αὐξανό-

2051 4183 2234 4238 μενον,
2261 4167 2357 4222 καὶ
2376 4168 2778 4241 πληθυνόμενον
2805 4168 2945 4240 ὑπὲρ
2978 4170 3158 4225 πᾶσαν
3195 4168 3513 4243 σωματικὴν
3535 4170 3624 4224 εὑ-

2049 4257 2255 4329 λογίαν.
2282 4259 2346 4314 Et
2369 4261 2478 4335 γάρ
2503 4278 2588 4325 τις
2606 4260 2700 4314 καὶ
2718 4259 2855 4331 ἄλλη
2882 4260 3120 4335 πλήθους
3138 4263 3395 4334 ποιητικὴ
3425 4263 3625 4334 τυγχά·

2049 4366 2128 4404 νει
2167 4348 2233 4404 ὲκ
2260 4349 2394 4406 Θεοῦ
2445 4350 2685 4421 εὑλογία,
2733 4351 2938 4424 ταύτης
2974 4351 3222 4420 τεύξεται
3254 4353 3314 4407 τὸ
3350 4353 3525 4428 ὄνομα
3568 4354 3626 4408 τὸ

2049 4437 2502 4513 ὲπιτεθησόμενον
2526 4441 2638 4505 τοῖς
2658 4440 2966 4496 δουλεύουσί
3003 4458 3095 4512 μοι

443 4518 611 4574 Vens.
641 4518 732 4586 16,
778 4519 866 4576 17.
904 4538 924 4572 ι
952 4518 1277 4577 Benedicent
1320 4524 1464 4579 enim
1514 4523 1628 4582 Deo
1670 4540 1804 4582 vero
1842 4544 1858 4582 τ
1888 4535 1943 4582 et
1971 4526 2018 4583 D
2119 4541 2140 4577 ι
2189 4525 2555 4601 Εὐλογήσουσι
2585 4530 2695 4602 γὰρ
2724 4530 2817 4584 τὸν
2846 4529 2978 4585 Θεδν
3004 4530 3098 4586 τὸν
3126 4531 3413 4604 ἀληθινόν·
3448 4535 3545 4588 καὶ
3572 4536 3624 4588 οἱ

367 4612 460 4679 qui
510 4609 699 4679 jurant
749 4610 807 4666 in
854 4620 1021 4681 terra,
1065 4611 1329 4682 jurabunt
1374 4629 1472 4686 per
1507 4614 1675 4672 Deum
1729 4632 1939 4675 verum.

366 4698 766 4756 obliviscentur
813 4703 956 4759 enim
1015 4704 1378 4762 tribulationis
1440 4705 1663 4778 primae,
1726 4716 1782 4762 et
1831 4723 1941 4764 non

367 4791 622 4857 ascendet
651 4792 704 4848 in
738 4808 837 4851 cor
866 4811 1077 4852 eorum.
1106 4796 1221 4853 Erit
1256 4798 1401 4854 enim
1432 4798 1630 4854 coelum
1658 4812 1855 4855 novum
1886 4809 1943 4856 et

367 4891 512 4939 terra
545 4900 708 4953 nova,
735 4901 835 4943 nec
866 4888 1297 4945 recordabuntur
1328 4891 1591 4961 priorum,
1623 4905 1724 4947 nec
1758 4892 1940 4948 veniet

365 4977 421 5033 in
451 4992 546 5033 cor
582 4994 788 5035 eorum.
815 4998 836 5033 ι
887 4978 1024 5035 Nam
1052 4980 1185 5038 alias
1211 4996 1331 5038 cum
1378 4990 1507 5038 tunc
1534 4982 1731 5039 coelum
1766 4984 1942 5056 suspi-

363 5077 588 5137 cerent,
638 5085 754 5127 rem
802 5082 1043 5128 creatam
1092 5072 1342 5131 colebant
1392 5090 1503 5145 prae
1549 5073 1839 5144 Creatore,
1887 5085 1945 5134 et

366 5168 570 5216 terram
607 5161 862 5219 similiter
884 5162 1049 5220 veluti
1077 5164 1247 5220 Deum
1275 5168 1695 5233 venerabantur,
1726 5151 1941 5225 necnon

364 5262 584 5310 exortos
620 5268 687 5310 ex
728 5253 815 5309 illa
847 5254 1059 5312 l'ructus
1105 5274 1120 5311 :
1170 5271 1315 5312 nunc
1344 5272 1472 5314 vero
1502 5258 1702 5314 coelum
1743 5273 1939 5316 novum

363 5353 419 5400 et
450 5354 649 5402 terram
680 5362 874 5403 novam
906 5347 1172 5414 videntes,
1208 5363 1374 5420 opera
1403 5363 1658 5406 manuum
1685 5349 1783 5408 Dei
1809 5365 1936 5410 esse

364 5433 625 5505 lateiimr,
651 5453 762 5495 non
787 5448 970 5496 autem
997 5438 1129 5497 dcos
1147 5453 1270 5496 esse
1297 5448 1488 5512 putant

472 5639 520 5671 ⁸·
547 5638 705 5697 Joan.
741 5657 820 5710 vi,
850 5642 942 5700 tt.
1018 5644 1062 5678 ¹⁸
1082 5643 1242 5702 Joan.
1272 5659 1348 5710 xv.
1380 5645 1470 5704 u.

458 5734 548 5806 ts)
588 5734 686 5793 llic
704 5745 760 5793 et
789 5740 842 5795 in
868 5740 1217 5811 sequentibus
1244 5739 1377 5796 locis
1415 5753 1600 5797 vocem
1635 5741 1932 5799 ὑπακούειν

367 5820 477 5861 non
505 5808 643 5863 male
691 5819 877 5867 vertas
908 5811 1219 5868 remendare
1264 5809 1398 5868 Nam
1432 5810 1536 5869 boc
1567 5827 1669 5870 usu
1695 5815 1933 5886 plerum·

2043 4617 2334 4692 ὀμνύοντες
2349 4620 2442 4674 ἐπὶ
2456 4620 2557 4692 τῆς
2574 4621 2681 4693 γῆς
2697 4622 3057 4695 ὀμοῦνταιτδν
3079 4622 3211 4677 Θεὸν
3230 4624 3320 4679 τὸν
3346 4623 3621 4697 ἀληθινόν.

2057 4710 2435 4784 Ἐπιλήσονται
2464 4711 2573 4786 γὰρ
2607 4713 2704 4785 τὴν
2739 4713 2917 4785 θλίψιν
2961 4715 3059 4788 τὴν
3102 4713 3345 4788 πρώτην,
3383 4717 3479 4770 καὶ
3526 4717 3626 4771 οὑκ

2044 4802 2374 4877 ἀναδήσεται
2417 4804 2599 4859 αὑτῶν
2651 4805 2745 4861 ἐπὶ
2794 4806 2892 4879 τὴν
2938 4807 3182 4879 καρδίαν.
3215 4806 3415 4861 Ἔσται
3459 4809 3567 4881 γὰρ
3596 4810 3625 4862 ὁ

2044 4892 2273 4966 οὐρανὸς
2302 4894 2487 4960 καινὸς
2518 4897 2668 4969 καὶὴ
2705 4896 2778 4969 γῆ
2800 4897 2982 4971 καινὴ,
3014 4899 3109 4953 καὶ
3135 4900 3196 4953 οὑ
3230 4900 3305 4972 μὴ
3342 4900 3625 4973 μνησθῶσι

2043 4984 2154 5039 τῶν
2196 4985 2498 5060 προτέρων,
2540 4988 2650 5043 οὐδ’
2680 4990 2741 5044 οὑ
2790 4992 2864 5064 μὴ
2911 4990 3113 5065 ἐπέλθῃ
3163 4988 3354 5047 αὑτῶν
3385 4994 3482 5047 ἐπὶ
3523 4992 3624 5067 τὴν

2042 5077 2291 5152 καρδίαν.
2329 5098 2348 5132 ι
2389 5078 2602 5146 Ἄλλως
2638 5079 2738 5154 μὲν
2771 5080 2879 5154 γὰρ
2907 5082 3028 5137 τότε
3069 5082 3303 5155 δρῶντες
3334 5082 3428 5136 τὸν
3457 5084 3623 5156 ούρα-

2042 5168 2152 5235 νὸν,
2183 5167 2432 5226 ὲσέδοντο
2454 5173 2521 5244 τῇ
2554 5171 2728 5227 κτίσει
2765 5172 2916 5245 παρὰ
2952 5173 3042 5228 τὸν
3072 5174 3352 5240 κτίσαντα,
3389 5176 3488 5230 καὶ
3527 5175 3626 5249 τὴν

2042 5258 2147 5331 γῆν
2168 5258 2372 5332 ὁμοίως
2402 5259 2732 5329 ὲθεοποίουν,
2759 5263 2999 5329 καὶτοὺς
3031 5267 3095 5319 ὲκ
3117 5266 3320 5339 ταύτης
3352 5268 3627 5339 βλαστών·

2042 5368 2143 5416 τας
2163 5350 2412 5425 καρπούς
2433 5368 2449 5384 ·
2495 5351 2590 5407 νῦν
2619 5353 2667 5408 δ’
2690 5354 2780 5408 ὅτε
2809 5354 2993 5409 καινὸν
3036 5355 3258 5426 δψοντες
3280 5358 3373 5411 τον
3394 5359 3627 5431 οὑρανὸν

2043 5443 2140 5499 καὶ1
2187 5442 2286 5516 τὴν
2328 5443 2454 5517 γῆν,
2483 5442 2621 5517 ἔργα
2642 5445 2841 5518 χειρῶν
2892 5446 3029 5501 Θεοῦ
3070 5443 3208 5505 εἶναι
3243 5449 3626 5522 ὁμολογοῦσιν,

2043 5534 2227 5592 οὐκέτι
2251 5535 2310 5591 δὲ
2340 5536 2497 5603 θεοὺς
2521 5532 2662 5594 εἶναι
2691 5537 3022 5612 νομίζουσιν.

2038 5760 2145 5815 que
2172 5745 2289 5802 baec
2324 5760 2431 5802 vox
2470 5746 2705 5803 occurrit
2732 5756 2844 5805 tum
2888 5749 2943 5807 in
2975 5748 3252 5823 Scriptura
3287 5763 3468 5818 sacra,
3509 5761 3623 5807 tum

2039 5818 2184 5888 apud
2218 5815 2353 5875 alios
2386 5818 2700 5890 scriptores.
