3692 6134
120 349 233 407 6⁰5

662 538 1166 605 ἀστραπτούσαις.

195 631 388 701 KQ&
425 629 518 682 καὶ
569 629 805 697 γέλωτος
858 634 1060 700 σημεῖα
1093 632 1451 703 γνωρίσματά
1503 651 1562 688 τε
1605 636 1703 706 τῆς

1155 349 1637 408 rnacmsrun
1693 353 1760 409 m
1800 354 2019 413 Ertsr.
2052 356 2146 411 Ao
2181 324 2391 415 ιιειιιι.

118 469 243 525 Δύο
285 466 503 536 ἄνδρες
567 466 918 533 ἐπέστησαν
985 470 1193 536 αὐταῖς
1240 473 1310 525 ἐν
1367 473 1701 540 ἐσθήσεσιν
1729 484 1777 538 A

3257 357 3367 423 0⁰6¹

2012 477 2058 510 ⁸¹
2074 477 2190 532 Duo
2221 480 2320 532 viri
2350 488 2601 617 sletefulnt
2629 479 2911 601 ‘ffmwm
2937 481 2994 534 ιἰι
3029 491 3165 537 ueste

2496 566 2527 600 ιι
2584 565 2644 602 en
2671 566 2707 602 ι.

1878 634 2097 690 Laetitiae
2119 635 2418 707 'gaudiique
2441 567 2614 705 signa,
2656 647 2709 691 et
2740 637 3044 693 Servatoris
3078 654 3362 710 resurgen-

122 721 396 793 σωτηρίου
438 722 786 784 ἀναστάσεως
833 721 962 793 ὸρᾷν
994 721 1319 792 παρέχονται
1347 726 1437 778 καὶ
1478 724 1566 778 διὰ
1606 728 1703 798 τῆς
1802 726 1873 779 tis
1907 725 2102 779 indicia
2141 727 2347 781 obtutui
2376 726 2632 780 exhibent
2659 727 2885 781 vestium
2914 728 3164 792 candore,
3202 728 3274 782 ita
3300 737 3361 782 ut

119 815 326 884 λευκῆς
352 811 665 886 περιόολῆς,
707 810 846 865 ὥστε
882 812 976 865 καὶ
1001 813 1108 865 ἀπὸ
1136 812 1229 868 τοῦ
1257 817 1537 885 σχήματος,
1559 834 1693 887 συμ-

117 907 308 960 6αλεῖν
340 904 440 967 τὰς
472 907 733 973 γυναῖκας
771 904 831 958 τὸ
875 904 1095 975 φαιδρὸν
1131 903 1230 974 τῆς
1264 906 1552 977 ἐγέρσεως,
1604 909 1700 962 καὶ

1798 830 1868 869 ex
1890 815 2074 870 habitu
2105 831 2318 886 qnoque
2340 818 2709 882 conjectarent
2733 816 2985 871 mulieres
3009 818 3361 873 resurrectio-

1800 906 1887 961 nis
1912 907 2261 972 hilaritatem,
2295 907 2676 977 Paschalisqne
2706 908 2829 962 sesti
2871 924 2992 962 cum
3028 909 3221 964 albatis
3259 925 3360 964 an-

117 1000 225 1069 τῆς
254 999 347 1051 τοῦ
377 999 566 1067 Πάσχα
599 996 792 1068 ἑορτῆς
821 997 916 1049 σὺν
943 998 1056 1059 τοῖς
1087 995 1426 1066 λευχείμοσιν
1449 998 1706 1068 ἀγγέλοις
1797 998 1931 1068 gelis
1977 997 2211 1054 initium.
2263 999 2475 1070 Moyses
2495 1010 2682 1053 contra
2717 999 3156 1072 AEgyptiacarum
3179 1002 3363 1071 plaga·

120 1089 497 1161 άπάρξασθαι.
555 1088 794 1158 Μωῦσῆς
830 1088 928 1158 μὲν
969 1088 1075 1160 γὰρ
1126 1087 1337 1158 πληγὰς
1387 1090 1697 1157 Αἰγυπτίων

124 1184 339 1254 μέλλων
362 1182 719 1235 διακονεῖσθαι
753 1181 1095 1252 καταλλήλως
1124 1182 1183 1233 ἐν
1204 1180 1362 1250 φλογὶ
1401 1182 1573 1254 πυρὸς
1603 1183 1696 1236 τὸν

120 1273 220 1326 ἐπὶ
246 1271 348 1340 τῆς
395 1270 556 1340 βάτου
602 1270 828 1338 ἄγγελον
852 1267 1026 1341 ἐώρα·
1060 1270 1089 1322 ὁ
1119 1269 1164 1323 δ’
1204 1269 1370 1334 αὐτὸς
1406 1270 1700 1343 μοχθηροῖς

119 1363 351 1433 ἀνδράσι
376 1361 696 1432 νομοθετῶν,
730 1359 840 1431 πῦρ
865 1360 1257 1415 καταναλίσκον
1285 1361 1377 1414 τὸν
1403 1361 1534 1416 Θεὸν
1557 1359 1692 1416 εἶναι

119 1451 332 1519 ἔλεγεν,
383 1449 755 1520 τιμωρητικὸν
795 1449 894 1502 καὶ
942 1448 1206 1520 κολαστὴν
1253 1451 1434 1515 αὐτοῖς
1474 1450 1691 1504 ἔσεσθαι

118 1541 289 1594 αὐτὸν
315 1539 704 1608 αἰνιττόμενος·
737 1537 816 1590 διὸ
848 1539 940 1592 καὶ
990 1541 1047 1592 ἐν
1081 1538 1255 1610 στύλῳ
1295 1540 1464 1610 πυρὸς
1509 1542 1692 1613 ἡγεῖτο

121 1631 310 1686 αὐτῶν
342 1633 370 1684 ό
392 1631 544 1693 Θεός.
576 1628 730 1682 Οῦτω
760 1632 870 1693 τοῖς
912 1629 1134 1684 άσεΰέσι
1159 1631 1408 1699 γενέσθαι
1438 1633 1563 1697 τοὺς
1590 1634 1691 1703 ἁγ-

119 1727 317 1794 γέλους
341 1724 511 1794 πυρὸς
543 1722 711 1792 φλόγα
734 1720 967 1788 ἐδίδαξεν
994 1721 1162 1776 εἰπών
1181 1741 1193 1753 ·
1243 1724 1297 1776 Ὁ
1326 1723 1512 1779 ποιῶν
1546 1726 1690 1792 τοὺς

1800 1103 1918 1141 rum
1947 1088 2161 1144 futurus
2187 1088 2461 1155 minister,
2495 1089 2549 1144 in
2579 1091 2792 1145 flamma
2831 1091 2974 1161 ignis
3002 1092 3253 1162 angelum
3276 1093 3361 1147 in·

1799 1186 1881 1230 tra
1913 1177 2102 1233 rubum
2133 1189 2438 1236 versantem
2464 1182 2805 1250 spectavit⁸⁸.
2853 1180 2996 1237 ldem
3051 1183 3233 1251 pravis
3261 1183 3360 1238 bo·

1797 1269 2037 1325 minibus
2082 1270 2255 1339 legem
2287 1272 2554 1337 scribens,
2592 1274 2758 1328 Deum
2786 1274 3101 1345 :appellabat
3136 1274 3360 1330 edacem

1795 1359 1995 1429 ignem,
2024 1363 2326 1430 punitorem
2357 1379 2421 1418 ac
2451 1365 2717 1420 vindicem
2746 1366 2876 1435 ipsis
2897 1366 3016 1420 sore
3040 1367 3269 1421 innuens
3286 1363 3357 1420 ⁸⁸.

1793 1453 1977 1517 Quare
2007 1452 2068 1506 in
2113 1453 2264 1521 ignea
2298 1455 2545 1510 columna
2589 1458 2927 1526 praecedebat
2967 1457 3087 1513 illos
3128 1459 3268 1513 Dens
3286 1457 3355 1513 ⁸⁸.

1793 1543 1887 1599 Sic
1920 1544 2079 1599 etiam
2108 1545 2288 1615 impiis
2327 1547 2441 1601 sore
2492 1548 2711 1618 angelos
2736 1550 2889 1619 quasi
2924 1550 3061 1619 ignis
3085 1548 3358 1604 flammam

1791 1633 2186 1688 demonstravit
2219 1635 2439 1691 dicens:
2471 1637 2574 1702 Qui
2612 1637 2738 1708 facit
2760 1638 3027 1695 ministros
3056 1655 3178 1694 suos
3196 1640 3357 1709 llam·

1789 1740 1930 1779 mam
1959 1725 2094 1796 ignis
2114 1725 2183 1781 ⁸⁸.
2218 1726 2325 1782 Sed
2362 1744 2470 1784 non
2505 1732 2606 1785 liac
2634 1731 2817 1801 specie
2849 1731 3102 1786 vidernnt
3138 1730 3361 1802 angelos

117 1812 510 1882 λειτουργοὺς
557 1811 740 1866 αὑτοῦ
769 1810 958 1879 πυρὸς
985 1813 1200 1881 φλόγα.
1243 1811 1381 1865 Ἀλλ’
1410 1813 1472 1866 οὐ
1517 1812 1692 1866 τοιού-
1721 1822 1764 1878 Β
1792 1813 1846 1868 in
1873 1823 2226 1869 monumento
2263 1816 2539 1885 mulieres,
2573 1820 2667 1874 sed
2697 1821 2895 1876 hilares
2916 1829 3084 1891 atque
3110 1833 3359 1884 serenus.

118 1925 248 1972 τους
295 1908 352 1964 αί
406 1908 659 1974 γυναῖκες
685 1905 808 1968 τοὺς
837 1903 965 1957 εἴσω
1014 1903 1108 1958 τοῦ
1163 1905 1444 1976 μνήματος
1479 1905 1684 1979 ἐώρων,

120 1998 389 2068 γαληνοὺς
412 1997 475 2049 δέ
502 2013 653 2059 τινας
678 1996 769 2048 καὶ
797 1994 1068 2067 φαιδροὺς,
1092 1995 1236 2059 οἴους
1264 1997 1429 2068 ἐχρῆν
1457 1997 1549 2051 ἐπὶ
1582 1998 1684 2050 Δε-·

128 2089 328 2143 σπότου
351 2089 492 2159 χαρᾷ
527 2087 619 2140 καὶ
651 2086 893 2158 βασιλείᾳ
920 2085 1218 2156 φαίνεσθαι.
1259 2087 1380 2140 Ἐπὶ
1432 2087 1530 2159 μὲν
1575 2087 1684 2161 γὰρ

118 2182 202 2251 τῷ
228 2179 389 2233 πάθει
418 2178 511 2231 τοῦ
544 2178 792 2248 Σωτῆρος
821 2180 850 2231 ὀ
871 2177 1018 2248 ῆλιος
1051 2177 1282 2243 ἐξέλιπε,
1312 2178 1500 2242 σκότος
1526 2197 1684 2252 περι-

118 2272 304 2326 6αλὼν
325 2271 400 2342 τῷ
429 2272 607 2334 παντὶ,
637 2269 845 2342 θρήνων
871 2286 930 2323 τε
958 2270 1049 2323 καὶΙ
1073 2269 1301 2333 πένθους
1319 2271 1382 2323 σύ
1390 2269 1561 2341 μόολα
1573 2272 1685 2336 τοῖς

123 2361 418 2433 σταυροῦσι
445 2361 533 2414 τὸν
562 2360 687 2412 Υίὸν
707 2359 800 2413 τοῦ
823 2358 958 2412 Θεοῦ
990 2359 1200 2423 δεικνύς
1225 2376 1240 2389 ·
1272 2360 1365 2413 καὶ
1385 2359 1556 2424 οὐδεὶς
1587 2360 1686 2431 μὲν

121 2454 375 2524 ἐφαίνετο
412 2453 518 2505 τῶν
560 2450 803 2520 ἀγγέλων
847 2450 906 2504 τὸ
937 2449 1239 2522 τηνικαῦτα
1274 2451 1350 2516 ὡς
1388 2451 1534 2515 είκδς
1576 2454 1686 2516 τοῖς

127 2542 626 2616 μαθηταῖς,ὁμοίως
646 2543 740 2596 καὶ
767 2541 942 2596 αὐτῶν
961 2536 1063 2596 ὧδε
1095 2544 1257 2597 κάκεῖ
1281 2542 1687 2599 διασκεδασθέν-

120 2655 251 2690 των.
278 2637 339 2688 Εί
375 2635 420 2688 δ’
454 2636 561 2706 ἄρα
610 2636 702 2688 καὶ
743 2634 974 2704 ὀφθῆναί
1012 2652 1132 2689 τινα
1175 2636 1361 2707 ἐχρῆν,
1390 2636 1531 2706 τάχα
1581 2652 1686 2689 που

122 2729 224 2799 τὴν
269 2727 512 2780 ἐναντίαν
542 2729 654 2790 τοῖς
685 2726 1022 2797 λευχείμοσιν
1069 2727 1373 2799 ἀνθρώποις
1421 2728 1518 2800 τὴν
1559 2730 1689 2782 άνα-

127 2820 314 2891 στολὴν
358 2818 695 2882 άνεδείξατο·
737 2819 932 2872 αὐτίκα
982 2819 1112 2888 γοῦν
1157 2820 1251 2873 ἐπὶ
1281 2819 1359 2891 τῷ
1405 2819 1565 2875 πάθει
1592 2820 1687 2892 οὐχ

124 2911 271 2982 ἣλιος
304 2910 463 2982 μόνον
505 2911 818 2977 ἐσκότασεν,
850 2909 984 2964 ἀλλὰ
1011 2910 1105 2964 καὶ
1140 2912 1169 2963 ὀ
1196 2911 1383 2981 Σωτὴρ
1411 2914 1560 2984 φωνῇ
1594 2927 1689 2981 με-

123 3005 265 3076 γάλῃ
286 3004 493 3076 κράξας
513 3002 690 3073 ἀφῆκε
716 3003 775 3055 τὸ
807 3002 1038 3072 πνεῦμα,
1070 3002 1130 3054 τὸ
1180 3003 1573 3075 καταπέτασμα
1591 3004 1687 3058 τοῦ

1789 1903 2088 1970 cujusmodi
2112 1919 2207 1960 eos
2230 1906 2398 1960 videri
2428 1911 2714 1977 oportebat
2750 1913 2803 1965 in
2841 1911 3055 1968 Domini
3084 1911 3279 1981 gaudio
3302 1917 3361 1966 et

1785 2010 1970 2066 regno.
1995 1995 2051 2049 ln
2075 1994 2381 2050 Servatoris
2407 1997 2625 2064 quidem
2664 2000 2812 2052 obitn
2845 1999 2926 2055 sol
2958 2000 3180 2064 defecit,
3210 2009 3360 2054 tene-

1784 2086 1896 2140 brae
1929 2085 2166 2154 undique
2199 2099 2259 2141 se
2282 2086 2645 2148 intendentes.
2694 2087 3053 2143 lamentorum
3093 2099 3148 2144 et
3182 2087 3360 2145 tuctus

1783 2175 2024 2248 symbola
2064 2175 2506 2247 crucifigentibus
2532 2176 2730 2232 Filium
2764 2177 2858 2232 Dci
2893 2176 3357 2234 demonstrarunt.

1783 2267 2075 2338 Nullusque
2103 2283 2169 2331 eo
2199 2278 2441 2338 tempore
2482 2271 2703 2339 angelus
2727 2269 3043 2340 apparuisse
3069 2269 3349 2340 discipulis

1784 2359 2018 2425 videtur,
2053 2360 2187 2429 ipsis
2216 2374 2430 2429 quoque
2467 2361 2569 2415 hac
2612 2360 2736 2415 illac
2761 2352 3112 2429 'dispersione
3158 2361 3357 2416 distra-

1785 2452 1912 2508 ctis.
1946 2451 2101 2520 Quod
2135 2453 2180 2506 si
2214 2467 2374 2523 quem
2407 2467 2669 2522 apparere
2716 2467 2856 2523 opus
2894 2452 3102 2518 suisset,
3138 2461 3359 2509 contra-

1786 2544 1947 2608 riam,
1976 2553 2036 2598 ut
2070 2544 2324 2609 arbitror,
2350 2543 2545 2600 albatis
2579 2543 2892 2600 hominibus
2928 2552 3136 2600 vestem
3159 2557 3272 2617 prae
3296 2559 3359 2601 se

1789 2635 2058 2690 tnlissent.
2092 2632 2209 2688 Iam
2235 2634 2492 2705 primum,
2521 2634 2575 2689 in
2599 2635 2847 2704 passione
2885 2650 2993 2690 non
3014 2635 3095 2690 soi
3118 2643 3361 2689 tantum-

1789 2729 1949 2781 modo
1982 2727 2302 2782 obscuratus
2330 2735 2434 2792 est,
2476 2727 2571 2781 sed
2621 2735 2677 2783 et
2711 2727 2973 2783 Servatur
3008 2741 3201 2798 magna
3225 2738 3364 2781 voce

1788 2818 2100 2874 exclamans
2134 2819 2383 2886 spiritum
2413 2818 2615 2884 emisit,
2657 2817 2839 2887 templi
2883 2818 3058 2874 velnm
3107 2818 3359 2875 bifariam

1790 2911 2043 2977 scissnm,
2091 2911 2219 2980 ipsis
2250 2908 2634 2981 propemodum
2663 2909 2925 2980 dispersis
2967 2910 3060 2981 qni
3102 2909 3358 2980 templum

1793 3003 2098 3058 incolebant
2116 3000 2348 3071 angelis,
2378 3001 2472 3071 qui
2502 3009 2557 3056 et
2586 2999 2716 3056 illud
2744 3002 3114 3055 venerandum
3148 3010 3359 3057 textum

122 3098 252 3152 ναοῦ
284 3095 508 3167 ἐσχίσθη
532 3097 609 3158 είς
633 3095 743 3153 δύο.
775 3094 1053 3165 μονονουχὶ
1079 3095 1560 3165 περιρρηξαμένων
1596 3096 1690 3149 καὶ
1791 3094 2089 3158 sciderunt,
2125 3099 2184 3145 ut
2219 3091 2392 3146 nudus
2429 3107 2495 3147 ac
2551 3094 2798 3146 desertus
2839 3089 3080 3160 ipsorum
3111 3092 3358 3146 custodia

123 3188 436 3243 αὐτῶντῶν
462 3186 625 3241 πάλαι
642 3186 704 3240 τὸ
740 3186 879 3258 ἱερὸν
921 3186 1266 3240 ἐνοικούντων
1288 3184 1553 3255 ἀγγέλων,
1589 3204 1686 3240 πε-
1715 3162 1763 3225 C
1793 3183 2015 3238 relictus
2043 3182 2131 3239 ille
2160 3195 2481 3236 arcanarum
2532 3189 2693 3252 atque
2738 3181 3133 3236 inaccessorum
3175 3196 3364 3237 rerum

131 3276 510 3348 ριρῤηξάντων
527 3292 586 3329 τε
623 3277 682 3330 τὸ
727 3275 921 3347 σεμνὸν
968 3273 1216 3344 ὕφασμα,
1246 3274 1321 3338 ὡς
1357 3275 1442 3340 ἂν,
1486 3275 1689 3346 γυμνὸς

132 3368 230 3420 καὶ
260 3367 463 3438 ἔρημος
482 3364 820 3437 ἀπολειφθεὶς
863 3367 963 3438 τῆς
996 3366 1173 3421 αὐτῶν
1210 3367 1475 3439 φρουρᾶς,
1512 3367 1543 3420 ὀ
1579 3366 1689 3423 τῶν

134 3462 354 3514 ἀῆάτων
378 3461 470 3513 καὶ
493 3459 693 3515 ἀδύτων
713 3462 896 3526 τόπος,
929 3461 1146 3532 ἐτοιμος
1167 3460 1262 3532 ἐχθ
1271 3463 1382 3533 ροίς
1407 3460 1501 3515 καὶ
1533 3459 1692 3514 πολε-

136 3553 279 3622 μίοις
331 3552 645 3624 κατασταίη.
686 3554 843 3608 Ἀλλά
895 3552 1066 3608 ταῦτα
1109 3554 1208 3624 μὲν
1250 3555 1343 3609 ἐπὶ
1387 3554 1466 3626 τῷ
1527 3553 1689 3610 πάθει

133 3640 473 3695 σννέόαινεν·
506 3640 598 3694 ἐπὶ
640 3642 696 3696 δὲ
725 3645 791 3714 τῇ
827 3642 1078 3715 σωτηρίῳ
1099 3643 1410 3709 ἀναστάσει,
1432 3643 1510 3710 ὡς
1547 3644 1693 3716 ζωῆς

131 3722 359 3791 ἄγγελοι.
398 3724 492 3778 καὶ
527 3725 625 3795 τῆς
650 3726 993 3791 ἀναστάσεως
1021 3729 1279 3798 κήρυκες,
1301 3728 1395 3782 τὸν
1425 3727 1589 3783 τόπον
1629 3721 1692 3783 οῦ

131 3808 309 3860 ἔκειτο
334 3807 395 3860 τὸ
416 3808 573 3879 σῶμα
599 3813 896 3881 περιεῖπον,
937 3810 997 3876 ἐξ
1028 3812 1194 3884 αὐτῆς
1221 3811 1407 3884 ὥσπερ
1451 3813 1548 3884 τῆς
1593 3815 1692 3866 ἑπ-

130 3898 280 3968 αφῆς
305 3899 396 3955 τοῦ
421 3901 588 3954 τόπου
631 3902 934 3974 ἁγιωσύνης
964 3904 1266 3975 κρείττονος
1297 3904 1330 3974 ἢ
1354 3904 1473 3959 κατ’
1498 3905 1694 3971 αὐτοὺς

135 3991 513 4062 μετασχόντες,
537 3995 633 4047 καὶ
670 3993 770 4063 τῆς
793 3995 1135 4059 ἀναστάσεως
1178 3994 1342 4050 αὐτοῦ
1383 3996 1698 4051 κοινωνοῦν-

1791 3271 1964 3341 locus,
2007 3272 2445 3343 belligerantibus
2475 3273 2719 3329 hostibus
2745 3272 2964 3344 pervius
2982 3280 3208 3340 pateret.
3249 3271 3364 3327 Sed

1792 3363 1910 3419 hoec
1930 3363 2146 3437 quidem
2176 3362 2447 3434 passionis
2476 3372 2720 3434 tempore
2752 3363 3112 3433 contigerunt.
3136 3361 3358 3418 Verum·

1792 3463 1971 3510 tanen
2001 3453 2292 3510 Senatore
2322 3466 2659 3526 resurgente,
2700 3470 2797 3511 ceu
2822 3454 2942 3508 vitae
2964 3456 3159 3518 nuntii,
3188 3463 3246 3509 et
3270 3467 3360 3509 re-

1791 3543 2148 3599 surrectionis
2175 3558 2474 3614 praecones,
2523 3543 2701 3599 locum
2742 3544 2830 3598 ubi
2883 3558 3083 3613 corpus
3109 3544 3359 3614 jacuerat

1795 3635 2088 3705 stipabant,
2115 3633 2233 3705 ipso
2258 3635 2656 3704 quodammodo
2685 3635 2790 3690 loci
2815 3644 3070 3691 contactu
3096 3634 3359 3689 sanctita·

1798 3735 1904 3782 tem
1930 3725 2143 3797 propria
2185 3726 2445 3798 majorem
2489 3725 2894 3798 participantes,
2933 3741 2998 3780 ac
3030 3724 3242 3780 Domini
3272 3739 3358 3779 re-

1797 3818 2119 3874 surrectioni
2164 3817 2646 3874 communicantes.
2692 3816 2816 3871 ldeo
2844 3817 3023 3871 vultus
3055 3815 3255 3870 hilares
3290 3829 3358 3869 ac

1795 3906 2153 3976 laetabundos,
2190 3918 2245 3964 et
2278 3909 2456 3966 albam
2489 3918 2693 3964 vestem
2725 3908 2867 3963 resto
2911 3907 3215 3964 servatoris
3249 3905 3363 3962 diei

1801 3999 2209 4055 convenientem
2239 4000 2539 4069 gestabant.

130 4099 245 4147 τες.
270 4083 359 4136 Διὸ
388 4085 587 4155 φαιδρὰ
620 4085 714 4139 καὶ
763 4084 1048 4154 μειδιῶντα
1084 4086 1369 4157 πρόσωπα,
1402 4086 1586 4158 σχῆμά
1607 4102 1670 4140 τε
1694 4087 1960 4159 σωτηρίου
1988 4086 2182 4160 ἑορτῆς
2202 4088 2535 4160 παρέφαινον
2554 4085 3038 4157 λευχειμονοῦντες.

313 4295 587 4353 Eustifflt
617 4297 658 4352 F
665 4298 1090 4355 RAGMENTUM
1130 4302 1221 4356 Ex
1255 4301 1502 4359 comcs
1539 4300 2088 4369 MEDIOLANENSI,
2127 4270 2196 4357 1&
2234 4301 2377 4370 Quo
2415 4300 2546 4356 EST
2584 4299 2862 4358 camus
2899 4297 3183 4355 PA‘rsstJu

1010 4395 1413 4454 GRAECORUM
1452 4395 1520 4450 ΙΝ
1564 4396 1954 4454 EPtS‘rOLAu
1989 4395 2082 4450 Ab
2119 4394 2485 4452 REBRAEOS.

1440 4509 1593 4582 (Mn,
1629 4510 1787 4580 ibid.,
1816 4525 1871 4581 p.
1895 4510 2048 4580 207.)

220 4629 303 4685 Ad
344 4643 464 4697 cap.
500 4625 614 4695 xli,
644 4627 732 4682 ts.
763 4628 1116 4684 ΕΥΣΕΒΙΟΥ.
1144 4630 1373 4699 Λέγεται
1397 4629 1505 4704 γὰρ
1531 4631 1697 4688 κατά·
1722 4633 1770 4690 D
1867 4629 2103 4688 Eusnn.
2139 4628 2348 4685 Dicitur
2396 4627 2540 4682 Deus
2588 4625 2641 4679 in
2697 4630 2932 4678 montem
2978 4621 3358 4688 descendisse,

136 4721 298 4786 δασις
336 4719 454 4773 θεία
480 4720 572 4773 ἐπὶ
609 4719 670 4772 τὸ
699 4719 822 4790 ὅρος
847 4720 1123 4789 γεγονέναι
1147 4721 1266 4776 καθ’
1300 4720 1360 4776 ὃν
1391 4721 1699 4793 ἐνομοθέτει

137 4812 450 4884 καιρὸν,ἴνα
478 4811 677 4873 πάντες
698 4810 996 4864 θεάσωνται
1021 4811 1117 4883 τὴν
1142 4813 1416 4886 ἐνέργειαν
1433 4812 1527 4891 τοῦ
1540 4812 1694 4867 Θεοῦ·

135 4904 436 4967 κατάὸασις
462 4903 568 4974 γάρ
595 4903 729 4975 αῦτη
756 4907 932 4975 σαφὴς
960 4907 1126 4969 ἐστιν,
1159 4906 1217 4959 οὐ
1247 4905 1321 4977 μὴ
1352 4905 1700 4978 τοπική.Τῶν

136 4997 270 5064 γοῦν
320 4995 603 5065 φυομένων
633 4997 772 5048 κατὰ
810 4997 870 5049 τὸ
912 4996 1034 5068 ὅρος
1070 4997 1411 5068 φλεγομένων
1433 4997 1696 5070 σφοδρῶς,

136 5089 288 5142 οὐδὲν
315 5088 375 5142 τὸ
396 5088 507 5157 πῦρ
528 5085 826 5148 ὲξανάλωσε
847 5106 860 5118 ·
920 5088 1228 5156 σαλπίγγων
1266 5105 1325 5140 τε
1376 5089 1548 5158 φωναὶ
1579 5105 1700 5158 σφο-

137 5180 393 5251 δρότερον
428 5181 804 5251 συνηκούοντο,
823 5179 896 5251 μὴ
918 5181 1289 5252 προκειμένων
1315 5182 1562 5254 ὀργάνων
1588 5200 1700 5236 τοι-

136 5269 330 5336 ούτων,
368 5270 502 5340 μηδὲ
525 5269 618 5322 τοῦ
645 5272 1009 5340 φωνήσαντος,
1059 5269 1191 5324 ἀλλὰ
1236 5270 1355 5342 θείᾳ
1387 5275 1692 5343 κατασκευῇ

136 5360 441 5433 γινομένων
495 5363 765 5415 ἁπάντων.
806 5363 967 5414 Ὥστε
1012 5361 1179 5430 σαφὲς
1224 5358 1362 5416 εἶναι
1396 5364 1484 5416 διὰ
1522 5363 1696 5417 ταῦτα

138 5453 240 5521 τὴν
282 5453 580 5506 κατάὸασιν
628 5453 774 5506 θείαν
812 5453 1109 5520 γεγονέναι,
1143 5455 1236 5507 καὶ
1273 5454 1362 5506 τὸν
1388 5454 1519 5508 Θεὸν
1567 5455 1692 5508 ἄνευ

140 5545 283 5608 τινος
336 5544 606 5598 δεικνύναι
648 5545 745 5615 τὴν
798 5544 990 5598 ἑαυτοῦ
1021 5544 1108 5599 διὰ
1153 5545 1369 5599 πάντων
1417 5545 1695 5617 μεγαλειό-

139 5652 298 5707 τητα.

239 5748 260 5780 ⁸
284 5747 414 5804 Luc.
442 5763 588 5814 xxiv,
613 5748 665 5802 4.
743 5747 786 5779 ⁸³
812 5746 980 5805 Exod.
1019 5763 1103 5815 ιιι,
1126 5747 1178 5802 2.
1258 5747 1303 5779 ⁸⁸
1328 5746 1483 5824 Deut.
1520 5762 1592 5813 tv,
1617 5745 1707 5802 st.

1800 4736 1911 4792 quo
1949 4729 2189 4790 tempore
2222 4719 2311 4774 lex
2346 4715 2674 4779 tradebatur,
2711 4723 2770 4768 ut
2799 4712 2980 4769 cuncti
3012 4713 3220 4768 scilicet
3265 4711 3359 4769 Dei

1801 4812 2095 4871 efficaciam
2140 4809 2404 4865 viderent.
2445 4804 2741 4875 Caeteroqui
2776 4803 2892 4859 haec
2929 4803 3233 4871 descensio,
3266 4820 3361 4857 ex-

1801 4916 1969 4961 ternae
2010 4901 2333 4960 ostensionis
2392 4899 2526 4966 fuit,
2582 4914 2686 4954 non
2738 4896 2949 4953 localis.
2999 4894 3358 4962 Quamobrem

1801 4991 2114 5050 ardentibus
2154 4989 2282 5047 licet
2320 4989 2590 5054 omnibus,
2616 5001 2735 5058 quae
2776 4987 2828 5040 in
2861 4995 3043 5041 monte
3089 4987 3361 5053 germina-

1799 5087 1967 5151 bant,
2009 5083 2142 5140 nihil
2187 5093 2366 5139 tamen
2414 5084 2538 5154 igne
2601 5081 3037 5137 consumebatur.
3089 5078 3361 5132 Tubarum

1802 5191 2017 5247 qnoque
2046 5175 2265 5240 ,sonitus
2297 5172 2596 5247 gravissimi
2643 5169 3019 5235 audiebantur,
3049 5183 3357 5240 quanquam

1807 5267 1987 5321 nullus
2033 5266 2106 5321 ibi
2168 5281 2301 5322 usus
2358 5265 2835 5321 instrumentorum
2887 5272 3045 5326 erat,
3094 5274 3360 5329 nemoque

1798 5360 2067 5424 clamans,
2108 5358 2204 5413 sed
2257 5358 2349 5414 Dei
2404 5354 2775 5412 tantummodo
2813 5369 2977 5425 opera
3022 5354 3138 5409 haec
3175 5352 3359 5407 omnia

1800 5450 2018 5504 flebant.
2049 5446 2231 5516 Quare
2277 5447 2611 5518 exploratum
2658 5455 2773 5511 est,
2820 5445 3053 5500 divinam
3100 5443 3357 5511 huiusce-

1802 5540 1944 5596 modi
1972 5541 2137 5595 lnisse
2158 5541 2585 5604 descensionem,
2612 5538 2891 5607 Denmqne
2908 5534 3111 5604 abulue
3134 5534 3242 5589 ullo
3264 5533 3360 5589 ad-

1802 5631 2059 5688 miniculo
2088 5646 2241 5686 suam
2273 5629 2893 5686 inomnibnsostendisse
2913 5625 3356 5695 tnagnitudinem.

1783 5746 1829 5779 ⁸⁸
1870 5743 2040 5802 Exod.
2072 5759 2227 5813 uin,
2257 5744 2346 5801 2¹.
2421 5745 2464 5777 ⁸⁸
2495 5742 2637 5800 Psal.
2663 5755 2777 5807 ont,
2810 5740 2864 5795 t.
