3692 6134
1135 317 1417 375 CONTRA
1460 316 1888 375 MARCELLUM
1928 320 2057 375 ΜΒ.
2102 323 2143 377 l.

3165 307 3275 383 ἴτω

324 441 587 511 σχήματ’
631 438 892 507 εὑρεθεὶς
940 438 1020 503 ὡς
1064 436 1393 505 ἅνθρωπος·
1441 436 1602 505 Ὁρᾷς
1633 444 1672 494 Α
1707 453 1727 487 ¹
1775 434 2019 505 Namque
2084 438 2391 494 maledictus
2453 440 2603 495 humo
2630 482 2645 506 ,
2687 441 2953 498 serenitas
3012 444 3270 515 propheta

319 552 410 607 περ
436 531 670 604 προϊδὼν
716 529 795 600 τῷ
838 529 1108 599 πνεύματι
1136 529 1235 597 τὴν
1261 544 1464 581 τουτων
1496 544 1596 581 κα-

331 628 360 679 ό
395 624 537 696 ἱερὸς
577 621 915 683 ῗΑπόστολος,
943 617 1116 682 οὕτως
1153 621 1211 672 ὲν
1237 616 1408 689 ἑτέρῳ
1443 618 1600 688 μέρει

319 721 565 785 θρωπος,
591 712 815 784 ἔγραψε,
837 712 930 765 καὶ
951 709 1022 767 ἐν
1044 707 1358 778 ὁμοιώματι
1379 707 1601 775 ἀνθρώ-

319 809 531 876 meroe,
582 804 669 856 ἵνα
712 801 895 873 παύσῃ
944 800 1124 853 αὐτῶν
1178 800 1278 869 τὴν
1330 798 1598 870 τοσαύτην

319 914 394 950 ιν.
434 895 543 948 Καὶ
582 893 699 964 μεθ’
729 894 893 964 ἔτερα
924 892 1015 946 τὸν
1063 890 1226 944 αὐτόν
1276 893 1601 959 συκοφαντεῖ

352 1007 371 1039 t
405 986 526 1049 Πῶς
553 980 646 1038 οῦν
677 984 888 1046 τούτοις
924 983 997 1053 μὴ
1034 980 1285 1053 προσχὼν
1319 980 1596 1046 Εύσέδιος,

317 1077 562 1149 νθρωπον
588 1075 681 1128 τὸν
717 1075 943 1145 Σωτῆρα
967 1068 1108 1126 εἶναι
1136 1072 1416 1142 βούλεται;
1450 1091 1470 1125 ι
1522 1074 1598 1126 Οὐ

319 1169 413 1241 μὲν
441 1166 601 1221 τοῦτο
627 1166 806 1235 λέγειν
831 1163 1066 1235 τολμῶν,
1113 1162 1270 1217 τοῦτο
1313 1165 1371 1217 δὲ
1417 1163 1600 1234 βουλό-

320 1256 452 1312 Ι··..·ιίῖιν
487 1255 631 1310 ἰδίων
656 1256 935 1325 ἐλέγχεται
966 1253 1193 1324 ῥήσεων.
1231 1252 1343 1306 Καὶ
1369 1253 1396 1305 ό
1429 1251 1599 1307 ταῦτα

335 1348 495 1403 αὐτὸν
517 1346 918 1417 κατεμέμφετο,
948 1345 1024 1408 ὡς
1048 1344 1180 1398 Θεὸν
1198 1342 1599 1415 ἀναγορεύοντα

328 1443 553 1514 γράφων
605 1439 746 1493 οὕτω
764 1455 778 1469 ·
821 1438 1023 1491 Διελείν
1051 1437 1159 1509 γὰρ
1188 1437 1281 1491 τὸν
1305 1436 1476 1503 Λόγον
1503 1434 1597 1490 τοῦ

319 1536 485 1606 .ήσας,
527 1533 619 1585 καὶ
657 1531 841 1601 ἕτερον
867 1530 1000 1583 Θεὸν
1035 1529 1128 1583 τὸν
1173 1527 1346 1597 Λόγον
1395 1524 1596 1596 ὀνομά-

319 1647 346 1702 3.
375 1645 434 1681 τε
469 1628 561 1680 καὶ
593 1623 817 1694 δυνάμει
843 1621 1104 1675 διεστῶτα
1135 1620 1228 1674 τοῦ
1258 1618 1490 1690 Πατρὸς,
1516 1618 1599 1681 είς

1708 547 1726 578 t
1774 529 1853 583 ait
1874 530 1944 593 ⁸⁶.
1991 532 2081 601 qui
2128 534 2182 585 t'n
2234 532 2443 588 homine
2490 535 2823 590 collocaverit
2859 552 3001 606 spent
3033 555 3203 594 suant.
3246 558 3267 593 ι

1710 618 1871 676 Vides
1896 629 1955 675 ut
1975 622 2217 679 ohcaecat
2241 625 2483 680 homines
2505 625 2734 682 malitia.
2756 626 2890 682 Nam
2912 629 3001 698 qui
3032 632 3273 685 testiino-

1704 714 1853 763 nium
1887 710 1994 767 tale
2025 712 2374 781 perhibuerat
2400 714 2567 769 Deum
2603 714 2801 771 Filium
2830 720 3146 776 contitenti:
3180 723 3270 788 qni

1705 801 2133 870 reprehenderat
2166 817 2289 858 enm
2337 820 2367 857 a
2413 819 2522 873 qno
2571 807 2662 861 Dei
2714 808 2946 864 Verbum
2985 811 3124 865 Dens
3155 824 3275 867 esse

1708 892 1992 948 dicebatur
2008 895 2315 949 substantia
2343 897 2646 953 subsistens
2673 908 2726 953 et
2744 900 3017 970 potentia;
3046 902 3110 962 is.
3132 902 3273 956 idern

1706 996 1877 1048 nunc,
1899 984 2151 1038 eumdem
2189 984 2311 1041 ideo
2340 998 2584 1056 accusat,
2610 989 2766 1058 quasi
2806 990 2896 1059 qui
2925 996 3123 1047 nudum
3152 1008 3275 1048 esse

1705 1072 1983 1129 hominem
2029 1073 2309 1131 Christum
2339 1078 2554 1133 dixerat
2580 1094 2596 1133 :
2624 1080 2968 1150 apertissime
2992 1085 3271 1147 mentitus,

1707 1172 1819 1217 turn
1854 1164 1907 1219 in
1938 1164 2059 1220 istis
2092 1167 2166 1221 ita
2199 1167 2414 1237 positis.
2447 1180 2561 1224 tum
2600 1170 2654 1224 in
2696 1169 2804 1228 ints
2850 1185 2970 1241 quae
3020 1174 3276 1244 deinceps

1705 1254 1949 1310 annectit
1978 1255 2273 1329 dicenssst.
2299 1257 2456 1332 Χίης
2487 1258 2720 1315 «Verum
2751 1274 2914 1332 supra
2946 1262 3275 1327 nominatus,

1709 1360 1730 1395 ι
1750 1358 1873 1399 eum
1894 1360 2001 1400 non
2016 1349 2196 1418 magni
2216 1347 2423 1406 faceret
2437 1352 2811 1408 sanctissimos
2825 1353 3141 1423 prophetas,
3161 1364 3279 1409 tan-

1709 1454 1729 1488 c
1758 1452 1918 1507 quam
1937 1438 2027 1508 qni
2051 1439 2421 1497 absconditam
2452 1442 2599 1497 illam
2615 1451 2671 1500 et
2691 1432 3016 1501 ineffabilem
3034 1444 3278 1515 Apostoli

1710 1545 1730 1579 ι
1765 1528 2087 1597 theologiam
2114 1530 2589 1602 interpretaretur,
2608 1518 2781 1601 Unus,
2802 1536 2996 1606 inquit,
3018 1537 3163 1594 Deus
3177 1549 3275 1604 est,

1709 1635 1730 1670 t
1762 1634 1900 1673 antu
1930 1618 2190 1693 Deiatqtte
2206 1623 2474 1680 hominum
2501 1627 2764 1681 mediator
2786 1622 2940 1682 homo
2957 1627 3118 1685 Iestts
3134 1628 3280 1685 Cltrt'·

319 1719 536 1791 ’φημῑαν
567 1716 919 1771 ἐκπέπτωκεν
942 1729 958 1780 3
1628 1704 1673 1760 Β
1703 1727 1723 1761 ι
1759 1721 1872 1766 stus
1885 1712 1954 1767 ⁸¹.
1978 1731 1998 1765 ι
2022 1713 2213 1780 aeliaec
2230 1717 2323 1785 qui
2340 1717 2582 1788 scripsit,
2599 1728 2655 1774 et
2676 1718 3027 1776 vehementer
3039 1721 3143 1777 sibi
3169 1720 3278 1792 ipsi

320 1813 420 1867 tasi
439 1810 753 1880 Scripturas
772 1819 962 1860 omnes
977 1804 1236 1859 memoria
1259 1810 1471 1869 tenens,
1497 1814 1836 1892 nequaquam
1870 1811 2049 1860 tamen
2070 1806 2352 1876 cogitavit,
2369 1810 2619 1866 eumdem
2640 1810 2734 1879 qui
2765 1810 2869 1868 hoc
2893 1812 3113 1882 scripsit
3137 1812 3278 1869 divt-

319 1905 526 1967 ztolum‚
556 1912 612 1956 et
644 1898 775 1954 illud
807 1898 859 1953 in
884 1896 1090 1966 scripta
1121 1895 1369 1951 retulisse
1398 1912 1414 1949 ε
1443 1895 1548 1961 Qui
1574 1909 1692 1949 cum
1718 1895 1776 1949 t'n
1800 1894 1974 1964 [orma
2005 1895 2101 1951 Dei
2128 1898 2423 1966 exsisteret,
2453 1916 2555 1955 non
2581 1900 2872 1957 arbitratus
2909 1914 2984 1957 est
3014 1905 3274 1972 rapinam·

319 2000 412 2053 iem
439 1998 568 2059 Deo,
582 1995 670 2048 sed
689 1992 974 2047 exinanivit
998 1989 1331 2057 semetipsum
1348 1997 1618 2056 assumpta
1640 1988 1775 2041 servi
1795 1985 2056 2054 [ormndn
2077 1988 2479 2045 ”militudinem
2494 1992 2722 2047 leontinis
2742 1994 3015 2059 exsistens,
3030 2006 3077 2049 et
3097 1996 3277 2066 fiyura

319 2103 537 2159 anquam
564 2085 716 2139 ltomo
733 2083 802 2160 ⁸¹3
831 2080 995 2137 Vides
1023 2090 1082 2136 ut
1101 2088 1323 2135 sanetus
1343 2079 1432 2135 hic
1457 2078 1766 2148 Apostolus,
1799 2080 1967 2135 veluti
1993 2081 2083 2149 qui
2106 2082 2303 2150 spiritu
2333 2081 2564 2136 istorum
2589 2082 2993 2154 improbitatem
3025 2086 3277 2156 provide·

338 2189 499 2249 atque
526 2175 630 2231 alia
649 2178 701 2229 in
730 2184 884 2246 parte
908 2174 985 2228 ita
1016 2172 1276 2243 scriptum
1300 2170 1537 2240 reliquit,
1568 2179 1818 2242 tanquam
1839 2171 2018 2239 Ιιοηιο,
2036 2174 2167 2227 etin
2197 2172 2598 2228 similitudinem
2617 2174 2844 2230 leontinis
2868 2178 3150 2242 exsistens.
3168 2191 3276 2248 quo

319 2289 468 2331 orum
513 2271 903 2340 blasphemiam
942 2282 1293 2339 compescere
1339 2276 1542 2335 posset.
1589 2263 1722 2322 Post
1770 2267 1879 2322 alia
1916 2269 2167 2324 eumdem
2203 2268 2571 2324 calumniatur
2621 2269 2727 2324 isto
2769 2270 2930 2325 modo
2965 2268 3057 2343 [tt.
3089 2268 3275 2343 xcn:

319 2371 384 2425 do
410 2369 573 2439 igitur
600 2366 826 2431 factum,
858 2373 917 2419 ut
944 2364 1208 2419 Eusebius
1241 2377 1362 2418 curn
1395 2363 1462 2417 ad
1492 2364 1592 2417 ista
1624 2378 1729 2420 non
1769 2367 2097 2432 attenderet,
2138 2364 2490 2420 servatorem
2517 2372 2764 2419 nostrum
2796 2364 2970 2419 solum
3001 2364 3275 2421 hominem

319 2484 324 2515 ε
356 2463 685 2520 contendat?
710 2481 728 2513 t
763 2460 879 2516 Non
914 2460 1019 2515 hoc
1044 2459 1262 2528 quidem
1292 2471 1459 2512 ausus
1501 2467 1586 2512 est
1622 2469 1808 2526 aperte
1870 2457 2119 2529 profari:
2180 2468 2237 2514 at
2280 2458 2385 2515 hoc
2448 2458 2688 2515 voluisse
2730 2461 3014 2516 convictus
3064 2467 3278 2517 tenetur

320 2574 368 2615 ts
426 2560 625 2614 verbis.
677 2556 741 2611 Et
787 2555 1162 2618 nihilominus,
1219 2554 1312 2622 qui
1346 2552 1428 2609 sic
1466 2567 1588 2607 eum
1628 2564 1872 2619 accusat,
1902 2553 2250 2624 reprehendit
2302 2552 2455 2612 illum
2479 2566 2717 2623 quoqne,
2760 2555 2906 2624 quod
2930 2551 3126 2611 Filium
3153 2570 3278 2613 9530

319 2659 500 2705 everet
525 2667 539 2703 ε
569 2647 810 2703 dividere
841 2643 1056 2713 quidem
1087 2642 1182 2697 Dei
1213 2642 1453 2699 Verbum
1489 2657 1677 2708 ausus,
1733 2654 1789 2699 et
1827 2644 2065 2699 Verbum
2130 2644 2296 2699 Deum
2361 2644 2593 2701 alterum
2649 2644 2957 2712 nominans,
3021 2645 3276 2703 substan-

319 2745 458 2799 entia
490 2759 520 2796 a
559 2740 720 2795 Patre
758 2736 1121 2803 differentem,
1153 2736 1207 2790 in
1242 2747 1502 2806 quantam
1535 2737 1727 2794 incidit
1751 2737 2191 2807 blasphemiam?

321 2853 357 2889 α
399 2835 491 2888 καὶ
533 2831 736 2888 τούτων
765 2830 846 2884 ἔτι
880 2827 1076 2901 μακρῷ
1095 2828 1316 2883 πλείονα
1349 2829 1409 2881 οὐ
1461 2830 1604 2884 κατὰ
1629 2847 1672 2904 C
1773 2831 1945 2886 Totet
1965 2832 2112 2894 talia,
2133 2841 2185 2885 et
2212 2829 2366 2902 longe
2392 2831 2570 2885 adhuc
2592 2830 2746 2901 plura
2777 2845 2885 2888 non
2917 2831 2971 2887 in
2995 2832 3140 2890 solos
3154 2833 3273 2905 epi·

319 2927 371 2982 ὃν
423 2925 755 2987 ἐπισκόπων,
798 2920 936 2976 ἀλλὰ
968 2919 1238 2974 καὶκατὰ
1280 2921 1377 2991 τῆς
1423 2921 1608 2989 ὑγιοῦς

320 3020 607 3091 Ὶσιαστικῆς
636 3017 869 3080 πίστεως
922 3013 1217 3083 ἐκθέμενος
1268 3012 1605 3085 Μάρκελλος,

319 3112 394 3181 ιῖη
420 3111 609 3173 ὁποίας
633 3109 792 3172 αὐτὸς
819 3107 1030 3179 ὑπῆρχε
1059 3104 1447 3177 προαιρέσεως.
1485 3105 1608 3158 ’Ότι

319 3204 393 3274 ῆς
417 3203 673 3274 ἀληθείας
707 3201 867 3271 ἔμελε
889 3200 966 3270 τῷ
996 3199 1170 3269 ἀνδρὶ,
1204 3196 1393 3268 μάθοις
1425 3196 1490 3250 ἂν
1516 3199 1608 3252 αῦ-

319 3293 422 3367 χὼν
452 3297 568 3358 ταῖς
600 3293 710 3347 τῶν
738 3290 1052 3345 ἐπισκόπων
1081 3288 1411 3355 ἐπιστολαῖς,
1442 3290 1500 3343 ὲν
1520 3283 1611 3352 αἷς

319 3389 479 3442 αὐτὸν
503 3389 564 3441 τὸ
603 3387 701 3458 μὲν
740 3385 845 3437 πᾶν
886 3383 1049 3454 σῶμα
1080 3382 1181 3453 τῆς
1221 3380 1459 3445 διανοίας
1502 3380 1612 3436 τῶν

319 3476 743 3552 ιρωτηριάζοντα
763 3492 777 3506 ·
832 3475 927 3529 καὶ
952 3473 1047 3528 τὸν
1086 3473 1188 3543 μὲν
1215 3472 1392 3527 πάντα
1423 3472 1612 3544 είρμδν

319 3587 482 3637 ποντα,
529 3569 811 3642 ῥηματίων
838 3566 896 3621 δέ
929 3564 1484 3638 ἀντιλαμόανόμενον,
1514 3563 1613 3618 καὶ

319 3662 587 3735 ικούργως
622 3660 938 3731 ποιούμενον
971 3658 1071 3730 τὴν
1090 3655 1365 3727 διαὸολην.
1402 3655 1615 3712 Αὐτίκα

319 3756 527 3825 >φαντεῖ
548 3752 639 3807 τὸν
674 3750 928 3806 Εύσίόιον
957 3751 1024 3805 ἐκ
1054 3747 1150 3803 τοῦ
1179 3745 1508 3821 προφανοῦς,
1536 3746 1612 3812 ὡς

320 3863 507 3919 ’ρωπον
546 3844 638 3898 τὸν
667 3841 901 3914 Χριστὸν
932 3840 1218 3912 είρηκότα·
1272 3836 1461 3909 ἐπειδὴ
1515 3837 1613 3908 τῆς

319 3940 402 4010 ιῆς
423 3936 606 4007 φωνῆς
633 3938 690 3990 ἐν
715 3938 783 4007 τῇ
813 3931 1003 3988 ἐαυτοῦ
1031 3929 1286 4001 ἐπιστολῇ
1316 3927 1411 4001 τὴν
1431 3926 1612 3999 παρά-

319 4031 534 4101 ιοίηται,
587 4030 654 4083 δι’
695 4022 763 4099 ἦς
805 4026 968 4091 αὐτὸς
1014 4021 1168 4079 εἶπεν
1209 4025 1238 4077 ὀ
1261 4019 1577 4083 ’Δπόστολος
1595 4036 1608 4051 ·

319 4128 341 4180 ὁ
378 4124 541 4188 Θεός·
574 4116 661 4185 εἷς
696 4118 764 4173 δὲ
799 4115 898 4172 καὶ
927 4115 1181 4187 μεσίτης
1207 4113 1354 4168 Θεοῦ
1384 4110 1484 4166 καί
1508 4111 1613 4166 αν·-

1709 2940 1903 2995 scopos
1938 2939 2063 2980 cum
2102 2924 2335 2979 effutivit
2374 2924 2686 2989 Marcellus,
2716 2926 2814 2982 sed
2848 2925 2902 2980 in
2941 2926 3113 2996 ipsam
3134 2942 3272 2999 quo-y

1707 3032 1812 3085 que
1827 3031 2014 3072 sanam
2040 3025 2094 3070 et
2121 3016 2547 3072 ecclesiasticam
2573 3012 2757 3081 fldem,
2778 3014 3069 3072 manifeste
3091 3016 3271 3074 decla·

1709 3118 1796 3164 rat
1821 3123 1931 3179 quo
1955 3107 2142 3162 animo
2172 3106 2428 3177 praeditus
2451 3115 2509 3162 et
2535 3104 2816 3162 voluntate
2835 3105 3034 3164 ruerat.
3059 3107 3273 3166 Nullam

1709 3216 1839 3256 vcro
1871 3200 2059 3255 cura'tn
2097 3200 2173 3254 ilti
2215 3198 2463 3256 veritatis
2500 3198 2670 3255 fuisse
2710 3198 2922 3255 discere
2965 3202 3193 3271 poteris,
3224 3204 3271 3260 si

1709 3294 1764 3347 in
1789 3292 1938 3364 ipsas
1967 3291 2257 3363 aliquando
2284 3291 2663 3362 episcoporum
2686 3290 2943 3361 epistolas
2970 3291 3266 3351 incideris:

1709 3383 1958 3443 invenies
1984 3383 2188 3441 etenim
2230 3382 2404 3449 illum,
2447 3396 2647 3451 corpus
2699 3381 3033 3452 universum,
3080 3401 3273 3444 sensus

1708 3486 1765 3532 et
1790 3475 2077 3533 sententia
2111 3488 2303 3530 earum
2348 3472 2691 3530 delumhasse
2739 3474 2960 3541 seriem,
3000 3477 3271 3535 dictorum

1711 3570 1818 3623 vim
1847 3566 2152 3626 occultasse
2175 3580 2192 3622 ι
2215 3565 2380 3622 verba
2413 3565 2736 3636 arripuisse.
2774 3577 2830 3623 et
2872 3579 3092 3639 arrepta
3136 3570 3273 3629 satis

1711 3658 1958 3728 improbe
1994 3658 2381 3714 calumniasse.
2422 3656 2716 3713 Eusebium
2753 3671 2939 3730 aperte
2984 3662 3274 3720 calumniis

1710 3746 1945 3816 impetit,
1971 3746 2126 3817 quasi
2149 3746 2355 3802 diceret
2385 3745 2658 3802 Christum
2705 3762 2825 3805 esse
2855 3753 3058 3807 nudum
3090 3754 3271 3809 homi-

1710 3853 1859 3902 nem,
1891 3838 2014 3893 ideo
2042 3838 2273 3907 quod·in
2308 3839 2539 3909 epistola
2570 3854 2667 3895 sua
2697 3842 3021 3897 sententiam
3052 3854 3272 3913 aposto-

1711 3930 1871 3986 licam
1900 3941 2207 4000 usurparat,
2246 3944 2407 4001 quam
2456 3931 2537 3987 sic
2566 3932 2743 4001 posuit
2768 3932 3059 4003 Apostolus
3082 3954 3097 3991 ι
3119 3933 3271 3992 vna:

1710 4022 1895 4078 etenim
1922 4020 2063 4077 Deus
2083 4031 2160 4077 est
2179 4034 2200 4074 .·
2229 4038 2364 4077 anus
2390 4022 2650 4077 mediator
2671 4021 2772 4079 Dei
2800 4034 2956 4096 atque
2976 4025 3269 4098 bantinum,

1712 4114 1865 4167 homo
1886 4112 2041 4169 Iesus
2064 4112 2305 4169 Christus
2331 4112 2397 4169 ⁸⁸.
2424 4112 2539 4171 Hoc
2567 4113 2789 4171 effatum
2822 4116 3024 4175 idcirco
3055 4131 3271 4190 aposto·

327 4214 624 4283 ἅνθρωπος
645 4208 883 4280 Ἰησοῦς
898 4202 1386 4277 Χριστός.Ταύτην
1409 4204 1507 4274 μέν
1520 4196 1612 4256 οὖν
1640 4222 1690 4283 D
1715 4205 1899 4271 licum,
1935 4214 2187 4275 tanquam
2220 4204 2582 4263 Eusebianum
2610 4217 2872 4265 accusat:
2911 4225 3011 4266 nec
3038 4214 3272 4269 advertit

319 4305 543 4377 πολικὴν
572 4300 738 4368 λέξιν,
770 4299 972 4354 ὡσανεὶ
989 4296 1250 4352 Εὐσεὸίου
1278 4290 1462 4360 οὖσαν,
1497 4293 1610 4348 δια-

337 4399 413 4470 μὴ
443 4397 641 4461 συνιεὶς
669 4398 698 4451 ὁ
723 4392 1049 4464 σοφώτατος,
1077 4392 1159 4446 δτι
1188 4389 1280 4445 τὸν
1295 4387 1611 4443 Ἀπόστολον

342 4489 439 4554 τὰς
459 4489 518 4543 δέ
548 4486 711 4542 αὐτοῦ
741 4484 944 4556 φωνὰς,
974 4483 1074 4548 τὰς
1091 4486 1150 4537 ἐν
1182 4484 1249 4553 τῇ
1276 4480 1414 4551 αὐτῇ
1450 4494 1612 4549 φερο·

319 4580 545 4653 τιστολῇ,
572 4579 671 4644 τάς
701 4594 759 4631 τε
795 4578 852 4630 ἐν
896 4578 1010 4639 τοῖς
1037 4573 1243 4639 λοιποῖς
1281 4570 1445 4626 αὐτοῦ
1488 4587 1615 4640 συγ-

322 4693 359 4740 ι,
383 4677 495 4739 τοῖς
515 4676 594 4738 είς
612 4672 710 4736 τὰς
738 4671 888 4734 θείας
910 4668 1130 4741 Γραφὰς
1161 4663 1557 4736 πεπονημένοις
1577 4662 1614 4718 ἃ

319 4764 477 4818 πάντα
506 4763 668 4817 τόπον
683 4760 998 4824 διαδέδοται,
1021 4758 1198 4828 σιωπῇ
1236 4752 1580 4827 παραδέδωκε
1597 4770 1612 4785 ·

319 4860 357 4930 ᾖ
383 4858 558 4928 σιωπῇ
587 4854 623 4909 ἃ
648 4856 723 4927 μὴ
759 4852 871 4925 (29)
918 4849 1292 4920 συκοφαντεῖν.
1325 4845 1411 4932 Τὸ.
1427 4845 1610 4917 ὅμοιον

319 4966 381 5001 ›ot
402 4965 483 5011 τις
508 4947 671 5001 αὐτὸν
717 4942 1052 5014 πεποιηκότα
1083 4941 1180 4995 καὶ
1228 4939 1321 4993 ἐπὶ
1345 4937 1454 4991 τῶν
1499 4936 1610 4989 λοι-

327 5038 643 5108 διαδέδληκε
687 5035 1057 5108 γραμμάτων·
1107 5031 1144 5087 ἃ
1178 5031 1265 5103 δὴ,
1296 5028 1454 5098 λόγου
1477 5044 1613 5099 συμ-

320 5131 600 5202 ειδόμενοι,
623 5131 735 5192 τοῖς
760 5126 1000 5181 ἐθέλουσι
1044 5123 1140 5195 τὴν
1173 5121 1376 5176 τούτων
1408 5119 1609 5191 ἀκριδῆ

319 5259 324 5273 .
388 5219 678 5289 διάγνωσιν
732 5214 1220 5288 παραχωρήσομεν,
1293 5207 1609 5271 σπεύδοντες

319 5332 325 5356 ·
362 5313 531 5385 αὐτὴν
573 5309 888 5383 Μαρκέλλου
922 5307 1049 5378 περὶ
1065 5303 1158 5357 τοῦ
1182 5301 1310 5356 Υἰοῦ
1342 5299 1436 5354 τοῦ
1474 5297 1607 5353 Θεοῦ

319 5422 380 5459 αν
402 5406 504 5476 ἤδη
530 5403 712 5457 λοιπὸν
760 5396 1121 5467 ἀποκαλύψαι,
1152 5394 1228 5459 ὼς
1272 5392 1338 5447 ἂν
1383 5390 1613 5460 φανερῖν

1715 4298 1798 4351 vir
1825 4296 2082 4368 prudens,
2116 4296 2432 4368 Apostolum
2471 4299 2541 4356 ah
2572 4313 2639 4356 eo
2672 4310 3006 4365 accusatum,
3052 4313 3272 4373 propter

1716 4387 1816 4443 has
1845 4401 2009 4444 voces
2041 4388 2247 4458 positas
2283 4389 2335 4445 in
2370 4390 2595 4459 epistola
2623 4389 2733 4457 illa,
2762 4400 2818 4445 et
2852 4391 2981 4448 alibi
3013 4396 3067 4447 in
3099 4393 3273 4464 operi-

1717 4477 1817 4531 bus
1847 4474 2084 4543 ejusdem
2115 4475 2255 4543 aliis,
2285 4491 2407 4547 quae
2429 4478 2484 4533 ln
2518 4493 2703 4535 sacras
2732 4479 3042 4549 Scripturas
3072 4496 3269 4537 exara-

1718 4566 1794 4622 vit
1818 4583 1834 4632 ;
1862 4582 1983 4639 quae
2019 4568 2220 4639 ubique
2270 4583 2326 4625 et
2363 4572 2565 4640 passim
2615 4574 3064 4643 depraedicantur‚
3099 4580 3160 4640 ›1‹
3195 4577 3271 4632 si·

1707 4658 1879 4715 lentio
1927 4660 2185 4727 involvit;
2234 4661 2325 4717 illa
2375 4661 2612 4719 reticens
2634 4678 2753 4733 quae
2798 4663 3118 4723 calumniari
3164 4683 3268 4724 non

1710 4761 1942 4823 poterat.
1984 4752 2296 4808 Consimilis
2350 4766 2690 4825 perpetrasse
2738 4757 2886 4812 illum
2932 4757 3272 4815 licetohscr-

1709 4858 1841 4899 vare
1872 4844 1927 4899 in
1949 4844 2161 4900 caeteris
2182 4860 2400 4916 qnoque
2448 4847 2669 4918 scriptis
2699 4865 2821 4920 quae
2852 4861 3090 4909 accusat.
3115 4850 3266 4919 Qnae.

1713 4949 1781 4990 ne
1804 4935 1981 4990 oratio
2000 4946 2284 4992 excrescat
2306 4938 2359 4992 in
2389 4938 2738 5004 immensum,
2773 4941 2878 4995 illis
2904 4942 3271 5008 permittimus

1711 5028 2109 5095 cognoscenda,
2137 5028 2338 5097 quibus
2378 5030 2587 5084 libitum
2613 5040 2698 5086 est
2729 5031 2976 5088 exactius
3008 5046 3071 5087 ea
3120 5035 3272 5090 inve·

1715 5116 1919 5187 stigare
1946 5132 2053 5173 :eo
2098 5120 2490 5174 contendentes
2530 5121 2666 5190 ipsi,
2699 5132 2760 5175 ut
2796 5120 3036 5177 Marcelli
3065 5123 3272 5175 novita-

1715 5216 1822 5263 tem
1856 5210 1924 5264 de
1968 5209 2062 5265 Dei
2099 5208 2242 5265 Filio
2278 5211 2587 5266 inusitatam
2630 5211 2683 5266 in
2728 5220 2976 5282 apertum
3032 5209 3271 5281 profera-

1717 5316 1857 5365 ntus,
1894 5300 1964 5356 ita
2004 5311 2062 5356 ut
2113 5301 2417 5373 intelligant
2462 5303 2705 5360 universi
2757 5308 3077 5375 perspicue,
3109 5317 3268 5374 quam

1718 5392 2045 5447 sententiam
2073 5390 2287 5449 fovebat
2314 5394 2362 5451 is
2387 5394 2455 5451 de
2480 5393 2617 5451 Filio
2651 5393 2767 5451 Dei.

319 5503 397 5563 οἶς
415 5501 598 5562 πᾶσιν,
621 5499 768 5561 ὅπως
792 5493 952 5555 αὐτὸς
975 5489 1190 5562 ἐφρόνει
1210 5485 1336 5559 περὶι
1368 5484 1462 5538 τοῦ
1484 5480 1612 5536 Υἱοῦ
1643 5480 1737 5535 τοῦ
1762 5481 1918 5536 Θεοῦ.

319 5629 327 5646 .
355 5590 555 5654 Paris..
588 5605 709 5660 pag.
747 5585 935 5642 2950.

319 5677 482 5729 svn,
509 5662 562 5716 5.
636 5659 678 5691 ⁸¹
708 5658 728 5712 l
762 5657 971 5717 Tittt.tt‚
1000 5652 1053 5707 5.
1126 5653 1172 5684 ‘²
1209 5646 1439 5717 l’hilipp.
1469 5659 1529 5711 tt,
1561 5645 1615 5709 tt,
1643 5643 1698 5699 7.
1774 5642 1820 5674 ⁰⁸
1852 5643 1868 5697 l
1898 5640 2039 5696 Tim.
2068 5657 2128 5709 tt,
2158 5642 2209 5699 5.

319 5752 375 5823 ῐὴ
400 5749 499 5829 ἦν,
530 5760 622 5808 aut
651 5748 774 5821 ἐξῆν
808 5745 1174 5816 συκοφαντεῖν.
